<mjloggm ver="2.3"><GO type="169" lobby="0"/><UN n0="%E3%83%88%E3%83%88%E3%83%AA%E5%85%88%E7%94%9F%31%39%E6%AD%B3" n1="%E4%BB%A3%E6%89%93%E3%81%A1%E3%81%AE%E7%A5%9E%E6%A7%98" n2="%42%6C%61%63%6B%4D%5A" n3="%E6%96%87%E5%9B%9B%E9%83%8E" dan="19,16,16,16" rate="2294.97,2159.87,2070.45,2110.24" sx="F,M,F,M"/><TAIKYOKU oya="0"/><INIT seed="0,0,0,2,1,41" ten="250,250,250,250" oya="0" hai0="124,35,7,87,83,55,128,48,49,12,71,36,67" hai1="26,70,47,82,42,90,91,60,13,24,61,107,25" hai2="40,68,16,113,59,99,88,97,64,1,52,31,19" hai3="112,93,122,18,28,102,22,74,119,85,109,34,21"/><T0/><D35/><U75/><E107/><V32/><F1/><W73/><G112/><T105/><D105/><U43/><E43/><V95/><F113/><W77/><G119/><T111/><D0/><U8/><E75/><V80/><F68/><W126/><G109/><T45/><D36/><U115/><E115/><V14/><F64/><W39/><G39/><T98/><D128/><U120/><E120/><V89/><F32/><W4/><G4/><T51/><D124/><U69/><E69/><V104/><F40/><W84/><G126/><T65/><D111/><U30/><E30/><V135/><F135/><W20/><G122/><T132/><D132/><U100/><E100/><V27/><F104/><W53/><G18/><N who="2" m="6697" /><F14/><W130/><G130/><T37/><D37/><U116/><E116/><V134/><F134/><W108/><G108/><T54/><D71/><U57/><E70/><V114/><F114/><W125/><G125/><T17/><D7/><U29/><E29/><V38/><F31/><W123/><G123/><T94/><D67/><U23/><E13/><V63/><F38/><W103/><G28/><T15/><D65/><U76/><E8/><V46/><F27/><W11/><G34/><T86/><D15/><U117/><E117/><V79/><F79/><W78/><G11/><N who="0" m="6303" /><D55/><U10/><E10/><V44/><F99/><W9/><G53/><T131/><D131/><U106/><E106/><V127/><F127/><W50/><G9/><T96/><D96/><U6/><E6/><V58/><F58/><W2/><G2/><T121/><D121/><U56/><E25/><RYUUKYOKU ba="0,0" sc="250,-10,250,-10,250,30,250,-10" hai2="44,46,52,59,63,80,88,89,95,97" /><INIT seed="1,1,0,5,4,57" ten="240,240,280,240" oya="1" hai0="39,103,76,87,96,77,16,4,113,62,29,99,90" hai1="53,123,22,28,80,49,0,88,20,92,105,35,69" hai2="26,48,13,110,78,17,9,64,114,3,50,119,83" hai3="128,118,100,31,121,124,106,25,55,91,61,115,37"/><U46/><E105/><V120/><F119/><W14/><G121/><T45/><D113/><U60/><E123/><V7/><F120/><W125/><G115/><T85/><D4/><U94/><E0/><V5/><F110/><W42/><G118/><T97/><D29/><U59/><E69/><V117/><F117/><W109/><G109/><T82/><D39/><U134/><E134/><V89/><F89/><W131/><G91/><T40/><D40/><U27/><E80/><V1/><F1/><W107/><G14/><T111/><D111/><U81/><E81/><V38/><F38/><W67/><G55/><T112/><D45/><U129/><E94/><V51/><F3/><W21/><G42/><T66/><D112/><U108/><E108/><V47/><F26/><W33/><G21/><T10/><D103/><U126/><E126/><N who="3" m="48746" /><G37/><T73/><D73/><U2/><E2/><V130/><F114/><W19/><G19/><T32/><D32/><U23/><E129/><N who="3" m="49738" /><G100/><T41/><D41/><N who="1" m="24783" /><E35/><V15/><F130/><W132/><G132/><T44/><D90/><U116/><E116/><V104/><F47/><W75/><G75/><T34/><D44/><U68/><E68/><AGARI ba="1,0" hai="25,31,33,61,67,68,106,107" m="49738,48746" machi="68" ten="30,7700,0" yaku="18,1,19,1,23,1,52,1" doraHai="57" who="3" fromWho="1" sc="240,0,240,-80,280,0,240,80" /><INIT seed="2,0,0,5,1,56" ten="240,160,280,320" oya="2" hai0="76,77,55,41,110,79,44,68,46,47,23,15,29" hai1="64,67,60,0,58,34,99,59,121,52,96,73,6" hai2="18,13,82,131,123,133,120,32,62,17,91,135,75" hai3="61,31,20,8,37,101,94,5,12,1,33,28,30"/><V97/><F32/><W87/><G37/><T4/><D110/><U89/><E73/><V42/><F42/><W66/><G33/><T83/><D68/><U81/><E34/><V43/><F43/><W125/><G125/><T95/><D41/><U114/><E114/><V132/><F131/><W36/><G36/><T102/><D83/><U70/><E121/><V48/><F48/><W14/><G20/><T118/><D118/><U63/><E0/><V54/><F97/><W74/><G74/><T2/><D2/><U93/><E6/><V128/><F128/><W86/><G86/><T71/><D71/><U112/><E81/><V115/><F115/><W10/><G8/><N who="0" m="4487" /><D95/><U108/><E112/><V11/><F17/><W21/><G21/><T78/><D78/><U9/><E9/><V51/><F51/><W119/><G119/><T80/><D102/><U22/><E22/><V88/><F75/><W104/><G104/><T35/><D35/><U65/><E108/><V117/><F117/><W109/><G109/><T103/><D103/><U40/><E40/><V50/><F50/><W98/><REACH who="3" step="1"/><G87/><REACH who="3" ten="240,160,280,310" step="2"/><N who="0" m="48519" /><D23/><U126/><E126/><V26/><F26/><W124/><G124/><T130/><D130/><U45/><E70/><AGARI ba="0,1" hai="1,5,10,12,14,28,30,31,61,66,70,94,98,101" machi="70" ten="40,2600,0" yaku="1,1,52,1,53,0" doraHai="56" doraHaiUra="113" who="3" fromWho="1" sc="240,0,160,-26,280,0,310,36" /><INIT seed="3,0,0,4,0,135" ten="240,134,280,346" oya="3" hai0="116,42,100,111,54,72,1,40,18,41,0,46,37" hai1="113,20,50,51,96,75,2,129,31,85,105,38,34" hai2="12,33,82,79,39,63,88,3,45,61,35,89,5" hai3="95,117,47,8,84,86,122,120,65,104,11,119,110"/><W30/><G104/><T98/><D116/><U25/><E75/><V74/><F12/><W22/><G65/><T76/><D111/><U112/><E38/><V70/><F70/><W124/><G47/><T53/><D18/><U121/><E121/><V73/><F45/><W92/><G22/><T66/><D66/><U103/><E2/><V71/><F71/><W81/><G30/><T7/><D42/><U123/><E123/><V97/><F39/><W23/><G23/><T29/><D29/><U90/><E34/><V13/><F13/><W118/><G119/><T127/><D41/><U48/><REACH who="1" step="1"/><E129/><REACH who="1" ten="240,124,280,346" step="2"/><V56/><F3/><W52/><G110/><T36/><D0/><U10/><E10/><V27/><F33/><W87/><G118/><T68/><D36/><U43/><E43/><V58/><F35/><W91/><G117/><T128/><D128/><U67/><E67/><V49/><F73/><W78/><G122/><T80/><D53/><U19/><E19/><V62/><F74/><W57/><G120/><T60/><D54/><U107/><E107/><V17/><F17/><W69/><G11/><T24/><D1/><U32/><E32/><V26/><F5/><W101/><G8/><T64/><D7/><U132/><E132/><V130/><F130/><W114/><G52/><T125/><REACH who="0" step="1"/><D24/><REACH who="0" ten="230,124,280,346" step="2"/><U108/><E108/><V133/><F26/><W44/><G114/><T106/><AGARI ba="0,2" hai="37,40,46,60,64,68,72,76,80,98,100,106,125,127" machi="106" ten="30,12000,2" yaku="1,1,2,1,0,1,23,2,52,2,53,0" doraHai="135" doraHaiUra="21" who="0" fromWho="0" sc="230,140,124,-30,280,-30,346,-60" /><INIT seed="4,0,0,3,3,75" ten="370,94,250,286" oya="0" hai0="1,62,70,99,10,81,100,72,92,65,12,66,35" hai1="117,37,120,4,109,108,88,33,124,56,60,11,7" hai2="6,52,68,41,44,46,34,118,61,104,64,71,16" hai3="20,2,97,111,40,47,73,89,39,14,32,132,123"/><T86/><D35/><U125/><E37/><V19/><F104/><W107/><G111/><T29/><D1/><U134/><E117/><V55/><F34/><W105/><G2/><T83/><D29/><U126/><E120/><V48/><F6/><W90/><G32/><T13/><D72/><U80/><E33/><V93/><F118/><W18/><G123/><T23/><D81/><U96/><E134/><V77/><F93/><W24/><G132/><T26/><D65/><N who="1" m="39047" /><E7/><V78/><F41/><W49/><G73/><T102/><D102/><U84/><E96/><V63/><F48/><W115/><G115/><T131/><D131/><U30/><E30/><V45/><F46/><W119/><G119/><T135/><D135/><U87/><E84/><V121/><F121/><W3/><G3/><AGARI ba="0,0" hai="3,4,11,80,87,88,108,109,124,125,126" m="39047" machi="3" ten="30,2000,0" yaku="18,1,54,1" doraHai="75" who="1" fromWho="3" sc="370,0,94,20,250,0,286,-20" /><INIT seed="5,0,0,0,2,98" ten="370,114,250,266" oya="1" hai0="5,121,129,72,68,123,18,27,117,2,113,106,25" hai1="38,50,33,79,15,64,82,17,16,31,22,1,26" hai2="3,97,20,35,74,45,91,76,92,42,13,43,9" hai3="94,73,41,131,36,55,44,60,52,75,61,128,46"/><U110/><E38/><V127/><F127/><W104/><G94/><T23/><D117/><U0/><E110/><V84/><F35/><W80/><G104/><T8/><D72/><U56/><E17/><V12/><F74/><W135/><G135/><T39/><D68/><U81/><E82/><V83/><F3/><W124/><G124/><T30/><D106/><U111/><E111/><V10/><F13/><W63/><G80/><T71/><D71/><U133/><E133/><V108/><F108/><W49/><G75/><T29/><D39/><U58/><E56/><V6/><F10/><W114/><G73/><T120/><D113/><U89/><E89/><V112/><F112/><W70/><G114/><T19/><D129/><N who="3" m="49737" /><G70/><T130/><D130/><U107/><E107/><V21/><REACH who="2" step="1"/><F42/><AGARI ba="0,0" hai="36,41,42,44,46,49,52,55,60,61,63" m="49737" machi="42" ten="30,7700,0" yaku="19,1,34,2,54,1" doraHai="98" who="3" fromWho="2" sc="370,0,114,0,250,-77,266,77" /><INIT seed="6,0,0,5,3,18" ten="370,114,173,343" oya="2" hai0="110,99,109,1,96,95,9,118,13,62,46,38,14" hai1="25,82,57,81,78,43,19,85,55,0,102,66,3" hai2="56,16,122,86,101,26,20,2,29,135,88,130,83" hai3="7,128,125,105,49,44,94,36,74,93,87,10,54"/><V24/><F130/><W63/><G74/><T97/><D118/><U39/><E66/><V113/><F122/><W42/><G105/><T60/><D1/><U132/><E132/><V106/><F135/><W75/><G75/><T32/><D32/><U37/><E102/><V119/><F119/><W123/><G123/><T67/><D62/><U23/><E43/><V64/><F2/><W41/><G128/><T103/><D14/><U11/><E0/><V92/><F106/><W79/><G125/><T91/><D46/><U40/><E40/><V108/><F113/><W100/><G100/><T71/><D38/><U134/><E134/><V4/><F4/><W76/><G42/><T111/><REACH who="0" step="1"/><D103/><REACH who="0" ten="360,114,173,343" step="2"/><U59/><E59/><V33/><F108/><W89/><G63/><T27/><D27/><U104/><E104/><V30/><F56/><W70/><G70/><T80/><D80/><U12/><E3/><V51/><F64/><W28/><G94/><T61/><D61/><U115/><E82/><V17/><REACH who="2" step="1"/><F51/><REACH who="2" ten="360,114,163,343" step="2"/><W65/><G65/><T8/><D8/><U129/><E129/><V31/><F31/><W35/><G28/><T107/><D107/><U120/><E120/><V22/><F22/><W48/><G49/><T114/><D114/><U6/><REACH who="1" step="1"/><E115/><REACH who="1" ten="360,104,163,343" step="2"/><V72/><F72/><W45/><REACH who="3" step="1"/><G35/><REACH who="3" ten="360,104,163,333" step="2"/><RYUUKYOKU type="reach4" ba="0,4" sc="360,0,104,0,163,0,333,0" hai0="9,13,60,67,71,91,95,96,97,99,109,110,111" hai1="6,11,12,19,23,25,37,39,55,57,78,81,85" hai2="16,17,20,24,26,29,30,33,83,86,88,92,101" hai3="7,10,36,41,44,45,48,54,76,79,87,89,93" /><INIT seed="6,1,4,0,5,11" ten="360,104,163,333" oya="2" hai0="25,40,119,82,108,31,19,6,14,90,2,28,88" hai1="109,124,107,37,12,13,73,93,94,18,16,70,69" hai2="39,66,4,7,129,75,55,17,32,79,114,127,51" hai3="133,34,68,78,106,27,134,118,67,50,128,86,61"/><V92/><F39/><W24/><G118/><T56/><D108/><U130/><E37/><V71/><F32/><W122/><G122/><T101/><D119/><U65/><E107/><V53/><F114/><W95/><G106/><T58/><D101/><U97/><E109/><V9/><F129/><W26/><G128/><T15/><D40/><U104/><E130/><V123/><F123/><W116/><G116/><T85/><D2/><U125/><E104/><V113/><F113/><W83/><G50/><T132/><D132/><N who="3" m="50793" /><G95/><N who="1" m="36362" /><E73/><V22/><F92/><W60/><G61/><T48/><D6/><U105/><E97/><V87/><F7/><W45/><G45/><T117/><D117/><U81/><E81/><V98/><F98/><W36/><G36/><T64/><D90/><U110/><E105/><V72/><F72/><W49/><G49/><T5/><D5/><U103/><E103/><V91/><F91/><W33/><AGARI ba="1,4" hai="24,26,27,33,34,60,67,68,78,83,86" m="50793" machi="33" ten="40,1500,0" yaku="20,1" doraHai="11" who="3" fromWho="3" sc="360,-5,104,-5,163,-8,333,58" /><INIT seed="7,0,0,5,5,75" ten="355,99,155,391" oya="3" hai0="119,103,112,2,51,49,36,19,53,65,126,131,63" hai1="85,114,127,37,33,11,59,50,93,20,70,28,97" hai2="23,24,88,6,58,106,38,116,73,120,113,40,84" hai3="52,10,121,21,99,18,100,122,87,123,30,56,98"/><W22/><G87/><T74/><D119/><U129/><E70/><V60/><F106/><W68/><G68/><T46/><D2/><U62/><E37/><V9/><F116/><W91/><G91/><T17/><D131/><U130/><E33/><V25/><F73/><W4/><G30/><T15/><D126/><U66/><E127/><V102/><F102/><W34/><G34/><T86/><D74/><U132/><E114/><V135/><F135/><W76/><G76/><T81/><D112/><U125/><E125/><V42/><F120/><W101/><G100/><T45/><D36/><U83/><E50/><V14/><F38/><W128/><G128/><T8/><D103/><U47/><E47/><V32/><F32/><W61/><G18/><T105/><D105/><U12/><E132/><V110/><F110/><W55/><G55/><T16/><D65/><U109/><E109/><V124/><F124/><W13/><REACH who="3" step="1"/><G99/><REACH who="3" ten="355,99,155,381" step="2"/><T78/><D63/><U117/><E117/><V43/><F113/><W111/><G111/><T44/><D44/><U29/><E130/><V39/><F39/><W95/><AGARI ba="0,1" hai="4,10,13,21,22,52,56,61,95,98,101,121,122,123" machi="95" ten="30,6000,0" yaku="1,1,0,1,54,1,53,0" doraHai="75" doraHaiUra="69" who="3" fromWho="3" sc="355,-20,99,-20,155,-20,381,70" owari="335,14.0,79,-42.0,135,-26.0,451,54.0" /></mjloggm>