<mjloggm ver="2.3"><GO type="169" lobby="0"/><UN n0="%E3%81%A8%E3%81%A8" n1="%3D%E5%9C%92%E5%9F%8E%E5%AF%BA%E6%80%9C%3D" n2="%E3%82%A6%E3%83%AB%E3%83%88%E3%83%A9%E7%AB%8B%E7%9B%B4" n3="%E3%81%84%E3%81%A1%E3%81%9E%E3%81%86" dan="17,17,18,16" rate="2160.50,2161.86,2232.86,2123.30" sx="F,F,M,M"/><TAIKYOKU oya="0"/><INIT seed="0,0,0,4,2,68" ten="250,250,250,250" oya="0" hai0="134,73,114,23,8,43,56,92,3,132,71,78,76" hai1="58,18,106,33,35,67,74,107,131,69,80,46,104" hai2="30,91,102,97,44,16,39,57,93,24,82,127,60" hai3="41,130,5,110,28,75,79,135,59,38,14,4,98"/><T64/><D114/><U49/><E58/><V119/><F127/><W86/><G28/><T96/><D71/><U19/><E67/><V94/><F82/><W125/><G86/><T25/><D43/><U61/><E61/><V13/><F119/><W34/><G59/><T45/><D45/><U52/><E131/><V108/><F108/><W36/><G14/><T81/><D78/><U10/><E10/><V53/><F44/><W37/><G41/><T31/><D8/><U88/><E69/><V118/><F39/><W27/><G98/><T42/><D42/><U133/><E133/><V111/><F118/><W112/><G112/><T70/><D3/><U51/><E51/><V47/><F111/><W54/><G54/><T15/><D15/><U0/><E0/><V115/><F47/><W122/><G110/><T63/><REACH who="0" step="1"/><D70/><REACH who="0" ten="240,250,250,250" step="2"/><U126/><E46/><V109/><F115/><W87/><G79/><T62/><D62/><U101/><E49/><V9/><F109/><W84/><G38/><T32/><D32/><U55/><E35/><V29/><REACH who="2" step="1"/><F24/><REACH who="2" ten="240,250,240,250" step="2"/><W120/><G37/><T50/><D50/><U1/><E126/><V100/><F100/><AGARI ba="0,2" hai="23,25,31,56,63,64,73,76,81,92,96,100,132,134" machi="100" ten="40,7700,0" yaku="1,1,25,2,53,0" doraHai="68" doraHaiUra="117" who="0" fromWho="2" sc="240,97,250,0,240,-77,250,0" /><INIT seed="0,1,0,4,1,53" ten="337,250,163,250" oya="0" hai0="94,118,116,76,11,16,114,28,121,32,45,88,52" hai1="7,0,39,5,29,103,64,81,106,123,22,100,49" hai2="23,6,72,98,3,61,21,66,104,65,30,108,99" hai3="130,20,38,109,42,12,112,8,113,117,71,15,19"/><T132/><D114/><U60/><E39/><V78/><F108/><W101/><G71/><T135/><D121/><U14/><E0/><V1/><F78/><W26/><G101/><T70/><D70/><U93/><E106/><V58/><F72/><W128/><G42/><T115/><D115/><N who="3" m="44105" /><G38/><T51/><D76/><U111/><E111/><V2/><F6/><N who="3" m="3095" /><G109/><T59/><D28/><U89/><E81/><V105/><F30/><N who="3" m="17735" /><G117/><T37/><D32/><U126/><E49/><V131/><F131/><W97/><G97/><T10/><D45/><U69/><E100/><V40/><F40/><W47/><G47/><T122/><D37/><U82/><E82/><V35/><F35/><W33/><G33/><T17/><D122/><U133/><E103/><V24/><F24/><W102/><G102/><T96/><D118/><U18/><E89/><V46/><F46/><W90/><G90/><T127/><D116/><U13/><E93/><V95/><F95/><W62/><G62/><T110/><D110/><U56/><E60/><V87/><F87/><W92/><G92/><T120/><D120/><U9/><E69/><V124/><F61/><W125/><G125/><T34/><D34/><U74/><E126/><V107/><F124/><W43/><G43/><T75/><D127/><U57/><E74/><V36/><F36/><W134/><G134/><N who="0" m="51243" /><D75/><U79/><E133/><V119/><F119/><W27/><G27/><T63/><D63/><U86/><E123/><V85/><F105/><W44/><G44/><T55/><D55/><U4/><E79/><V83/><F107/><W25/><G25/><RYUUKYOKU ba="1,0" sc="337,15,250,-15,163,-15,250,15" hai0="10,11,16,17,51,52,59,88,94,96" hai3="15,19,128,130" /><INIT seed="0,2,0,4,2,57" ten="352,235,148,265" oya="0" hai0="68,112,115,123,23,106,8,82,47,33,88,10,44" hai1="95,124,46,6,56,109,19,25,0,2,39,54,94" hai2="71,119,38,130,31,43,133,132,84,128,114,108,103" hai3="99,13,32,126,37,66,134,93,14,17,29,80,5"/><T60/><D33/><U64/><E109/><V97/><F31/><W4/><G37/><T21/><D106/><U61/><E124/><V74/><F43/><W70/><G126/><T85/><D123/><U52/><E94/><V16/><F16/><W49/><G134/><N who="2" m="51817" /><F71/><W73/><G49/><T65/><D23/><U28/><E19/><V59/><F59/><W51/><G51/><T48/><D21/><U135/><E135/><V9/><F9/><W120/><G120/><T62/><D62/><U121/><E6/><V81/><F38/><W101/><G66/><T27/><D27/><U50/><E39/><V105/><F114/><W90/><G70/><T113/><REACH who="0" step="1"/><D44/><REACH who="0" ten="342,235,148,265" step="2"/><U92/><E121/><V1/><F108/><W98/><G32/><T127/><D127/><U118/><E118/><V100/><F119/><W55/><G29/><T87/><D87/><U78/><E25/><V89/><F1/><W3/><G3/><T83/><D83/><U11/><E28/><V104/><F74/><W22/><G73/><T34/><D34/><U69/><E0/><V117/><F117/><W12/><G22/><T111/><D111/><U110/><E110/><V42/><F42/><AGARI ba="2,1" hai="8,10,42,47,48,60,65,68,82,85,88,112,113,115" machi="42" ten="40,7700,0" yaku="1,1,52,1,54,1,53,0" doraHai="57" doraHaiUra="107" who="0" fromWho="2" sc="342,93,235,0,148,-83,265,0" /><INIT seed="0,3,0,4,2,115" ten="435,235,65,265" oya="0" hai0="20,10,72,68,30,24,39,102,15,110,91,99,9" hai1="97,125,51,1,112,5,77,76,41,117,85,8,118" hai2="64,28,36,61,4,53,49,121,46,32,67,26,75" hai3="57,73,50,100,79,42,52,70,3,130,6,93,69"/><T120/><D39/><U37/><E37/><V11/><F121/><W71/><G130/><T65/><D120/><U87/><E112/><V88/><F75/><W21/><G42/><T62/><D72/><U66/><E66/><V101/><F36/><W98/><G73/><T95/><D110/><U0/><E97/><V58/><F101/><W54/><G79/><T81/><D81/><U89/><E125/><V38/><F38/><W23/><G6/><T132/><D132/><U78/><E0/><V113/><F113/><W33/><G3/><T34/><D20/><U47/><REACH who="1" step="1"/><E85/><REACH who="1" ten="435,225,65,265" step="2"/><V17/><F67/><W44/><REACH who="3" step="1"/><G33/><REACH who="3" ten="435,225,65,255" step="2"/><T22/><D34/><U84/><E84/><V133/><F32/><W108/><G108/><T59/><D68/><U27/><E27/><V105/><F26/><W80/><G80/><AGARI ba="3,2" hai="1,5,8,41,47,51,76,77,78,80,87,89,117,118" machi="80" ten="40,5200,0" yaku="1,1,52,2,53,0" doraHai="115" doraHaiUra="96" who="1" fromWho="3" sc="435,0,225,81,65,0,255,-61" /><INIT seed="1,0,0,0,5,61" ten="435,306,65,194" oya="1" hai0="87,123,102,50,56,93,11,42,129,36,99,84,23" hai1="63,122,113,30,62,59,79,67,3,46,83,126,49" hai2="130,100,105,95,15,132,8,1,66,92,131,108,39" hai3="34,71,41,121,51,5,64,128,37,89,78,58,25"/><U76/><E3/><V134/><F1/><W43/><G121/><T19/><D123/><U117/><E117/><V9/><F39/><W75/><G5/><T55/><D129/><N who="2" m="49162" /><F105/><W0/><G128/><T68/><D68/><U45/><E113/><V65/><F108/><W57/><G0/><T26/><D36/><U53/><E126/><V35/><F35/><W114/><G114/><T22/><D11/><N who="2" m="4170" /><F15/><W77/><G89/><T96/><D42/><U48/><E30/><V27/><F27/><W85/><G37/><T133/><D133/><N who="2" m="51306" /><F100/><W33/><G25/><T118/><D118/><U124/><E124/><V101/><F101/><W116/><G116/><T6/><D6/><U18/><E122/><V94/><AGARI ba="0,0" hai="65,66,92,94,95" m="51306,4170,49162" machi="94" ten="40,12000,2" yaku="28,2,19,1,20,1,52,2" doraHai="61" who="2" fromWho="2" sc="435,-30,306,-60,65,120,194,-30" /><INIT seed="2,0,0,3,1,34" ten="405,246,185,164" oya="2" hai0="74,89,129,25,26,99,30,132,64,118,13,71,5" hai1="134,40,10,70,60,123,19,85,56,76,79,100,43" hai2="37,113,87,111,125,3,47,36,77,17,120,69,22" hai3="104,102,46,93,133,63,115,52,135,42,58,28,98"/><V83/><F113/><W24/><G115/><T20/><D74/><U97/><E70/><V117/><F117/><W44/><G104/><T88/><D118/><U18/><E134/><V82/><F120/><W131/><G131/><T0/><D13/><U8/><E85/><V114/><F114/><W61/><G61/><T50/><D26/><U105/><E56/><V92/><F69/><W119/><G119/><T116/><D116/><U35/><E60/><V84/><F125/><W68/><G68/><T127/><D71/><U1/><E97/><V33/><F33/><W96/><G96/><T27/><D64/><U54/><E54/><V75/><F111/><W57/><G58/><T4/><D132/><N who="3" m="50761" /><G42/><T101/><D129/><U107/><E100/><V23/><F3/><W110/><G110/><T103/><D0/><U124/><E35/><AGARI ba="0,0" hai="24,28,35,44,46,52,57,63,93,98,102" m="50761" machi="35" ten="30,2000,0" yaku="20,1,54,1" doraHai="34" who="3" fromWho="1" sc="405,0,246,-20,185,0,164,20" /><INIT seed="3,0,0,5,0,84" ten="405,226,185,184" oya="3" hai0="121,36,87,1,29,110,0,124,51,92,34,81,66" hai1="15,106,128,55,75,107,94,16,10,54,24,96,73" hai2="100,18,102,90,71,78,46,62,76,129,86,47,74" hai3="22,134,113,43,108,14,21,60,123,67,79,33,82"/><W120/><G113/><T89/><D121/><U72/><E128/><V98/><F71/><W58/><G33/><T17/><D36/><U45/><E24/><V42/><F62/><W77/><G134/><T127/><D66/><U59/><E45/><N who="2" m="16907" /><F74/><W117/><G117/><T126/><D51/><U38/><E38/><V41/><F18/><W125/><G43/><N who="2" m="16393" /><F129/><W83/><G125/><T65/><D65/><U30/><E30/><V122/><F122/><W135/><G135/><T3/><D17/><U7/><E7/><V80/><F98/><W63/><G14/><T116/><D116/><U64/><E64/><V6/><F6/><W97/><G67/><T132/><D132/><U49/><REACH who="1" step="1"/><E55/><REACH who="1" ten="405,216,185,184" step="2"/><V99/><F99/><W5/><G5/><T109/><D29/><U91/><AGARI ba="0,1" hai="10,15,16,49,54,59,72,73,75,91,94,96,106,107" machi="91" ten="30,12000,2" yaku="1,1,2,1,0,1,52,1,54,1,53,1" doraHai="84" doraHaiUra="8" who="1" fromWho="1" sc="405,-30,216,130,185,-30,184,-60" /><INIT seed="4,0,0,0,2,77" ten="375,346,155,124" oya="0" hai0="86,117,15,82,114,23,131,119,104,42,3,128,109" hai1="85,88,40,8,126,47,34,84,39,54,130,9,97" hai2="20,37,120,71,48,103,78,6,134,80,95,21,50" hai3="33,11,81,73,63,38,12,68,45,44,107,127,72"/><T113/><D3/><U76/><E34/><V83/><F37/><W41/><G45/><T57/><D42/><U58/><E126/><V46/><F71/><W98/><G127/><T118/><D57/><U99/><E84/><V28/><F120/><W0/><G12/><T91/><D23/><N who="2" m="8778" /><F134/><W10/><G10/><T110/><D15/><U64/><E76/><V121/><F121/><W124/><G124/><T61/><D61/><U135/><E64/><V102/><F78/><N who="3" m="44231" /><G73/><T25/><D25/><U92/><E130/><N who="0" m="49705" /><D104/><U96/><REACH who="1" step="1"/><E135/><REACH who="1" ten="375,336,155,124" step="2"/><V90/><F28/><W65/><G33/><T79/><D79/><U2/><E2/><V62/><F62/><AGARI ba="0,1" hai="8,9,39,40,47,54,58,62,85,88,92,96,97,99" machi="62" ten="40,2600,0" yaku="1,1,54,1,53,0" doraHai="77" doraHaiUra="22" who="1" fromWho="2" sc="375,0,336,36,155,-26,124,0" /><INIT seed="5,0,0,4,1,125" ten="375,372,129,124" oya="1" hai0="46,2,9,58,13,135,63,23,117,124,119,110,107" hai1="96,75,89,12,84,81,37,56,113,91,25,52,44" hai2="45,76,5,127,80,116,74,47,87,71,66,15,43" hai3="31,101,88,11,39,86,54,106,105,55,102,100,97"/><U121/><E75/><V40/><F116/><W123/><G123/><T82/><D107/><U93/><E113/><V38/><F127/><W118/><G39/><T1/><D124/><U78/><E121/><V79/><F71/><W29/><G118/><T41/><D110/><U21/><E37/><V126/><F66/><W132/><G132/><T95/><D2/><U8/><E44/><V85/><F126/><W10/><G100/><T92/><D135/><U34/><E34/><V115/><F115/><W51/><G51/><T33/><D33/><U7/><E21/><V42/><F38/><W67/><G67/><T111/><D111/><U130/><E25/><V109/><F109/><W69/><G86/><T4/><D82/><U53/><E130/><V14/><F74/><W83/><G83/><T112/><D112/><U19/><E7/><V0/><F0/><W65/><G65/><T48/><D119/><U28/><E28/><V70/><F70/><W6/><G69/><T94/><D117/><U122/><E122/><V35/><F35/><W64/><G64/><N who="0" m="39031" /><D1/><U24/><E24/><V27/><F27/><W61/><G6/><T17/><D4/><U32/><E32/><V72/><F72/><W36/><G36/><T18/><D18/><U26/><E26/><V60/><F60/><W22/><G61/><T20/><AGARI ba="0,0" hai="9,13,17,20,23,41,46,48,92,94,95" m="39031" machi="20" ten="30,1100,0" yaku="8,1" doraHai="125" who="0" fromWho="0" sc="375,11,372,-5,129,-3,124,-3" /><INIT seed="6,0,0,4,2,95" ten="386,367,126,121" oya="2" hai0="38,20,112,32,17,76,4,125,48,77,110,111,18" hai1="105,124,3,60,86,98,123,120,83,133,62,40,46" hai2="70,26,90,114,100,69,52,87,42,21,135,54,1" hai3="63,113,58,28,93,102,41,88,66,44,29,91,109"/><V101/><F1/><W6/><G109/><T103/><D38/><U96/><E3/><V24/><F114/><W73/><G73/><T5/><D20/><U122/><E124/><V134/><F42/><W23/><G6/><T56/><D103/><U72/><E72/><V64/><F64/><W80/><G113/><T14/><D14/><U51/><E133/><N who="2" m="50699" /><F101/><W75/><G23/><T10/><D10/><U108/><E108/><V131/><F100/><W97/><G75/><T127/><D48/><U78/><E105/><V57/><F131/><W59/><G58/><T126/><D126/><U94/><E94/><N who="2" m="54623" /><F26/><W85/><REACH who="3" step="1"/><G102/><REACH who="3" ten="386,367,126,111" step="2"/><T19/><D111/><U130/><E130/><V116/><F116/><W107/><G107/><T16/><D110/><U129/><E129/><V30/><F57/><W84/><G84/><T53/><D127/><U9/><E9/><V115/><F115/><W34/><G34/><T106/><D106/><U81/><E81/><V117/><F117/><W55/><G55/><AGARI ba="0,1" hai="21,24,30,52,54,55,69,70" m="54623,50699" machi="55" ten="30,2900,0" yaku="20,1,54,1" doraHai="95" who="2" fromWho="3" sc="386,0,367,0,126,39,111,-29" /><INIT seed="6,1,0,2,3,99" ten="386,367,165,82" oya="2" hai0="60,103,122,128,65,119,68,133,25,134,87,64,106" hai1="100,58,75,115,47,33,110,11,113,50,48,53,117" hai2="94,79,28,127,116,20,15,121,107,123,76,57,29" hai3="45,135,89,13,82,114,6,52,92,63,54,120,95"/><V81/><F107/><W78/><G120/><T118/><D122/><U131/><E33/><V10/><F116/><N who="0" m="44586" /><D65/><U46/><E75/><V39/><F39/><W30/><G135/><N who="0" m="51723" /><D87/><U62/><E110/><V35/><F35/><W14/><G30/><T80/><D80/><U41/><E11/><V125/><F57/><N who="3" m="35239" /><G78/><T97/><D25/><U5/><E5/><V56/><F79/><W109/><G109/><T108/><D108/><U77/><E77/><V23/><F76/><W8/><G14/><T31/><D31/><N who="2" m="11850" /><F81/><W98/><G114/><T70/><D70/><U86/><E117/><V49/><F94/><N who="3" m="56655" /><G82/><T129/><AGARI ba="1,0" hai="60,64,68,97,103,106,128,129" m="51723,44586" machi="129" ten="40,8000,1" yaku="12,1,20,1,23,1,52,1" doraHai="99" who="0" fromWho="0" sc="386,83,367,-21,165,-41,82,-21" /><INIT seed="7,0,0,0,4,94" ten="469,346,124,61" oya="3" hai0="34,40,115,75,84,62,76,71,6,47,16,18,83" hai1="81,101,26,51,120,55,117,58,63,89,74,93,32" hai2="10,1,53,50,86,109,123,132,114,23,104,30,97" hai3="64,111,67,0,119,107,7,127,88,45,37,131,39"/><W72/><G119/><T116/><D34/><U85/><E120/><V79/><F109/><W100/><G111/><T33/><D33/><U87/><E74/><V78/><F114/><W38/><G72/><T66/><D115/><U54/><E32/><V3/><F132/><W126/><G131/><T96/><D96/><U46/><E101/><V95/><F104/><W124/><G45/><T128/><D128/><U19/><E81/><V106/><F106/><W52/><G0/><T31/><D31/><U122/><E122/><V2/><F86/><W9/><G52/><T48/><D116/><U135/><E135/><V103/><F10/><W99/><REACH who="3" step="1"/><G88/><REACH who="3" ten="469,346,124,51" step="2"/><T82/><D75/><U69/><E117/><V22/><F123/><W24/><G24/><T12/><D82/><U11/><E26/><V42/><F42/><W5/><G5/><T91/><D91/><U41/><E54/><V113/><F113/><W68/><G68/><T130/><D130/><U108/><E69/><V118/><F118/><W17/><G17/><T49/><D49/><U125/><E108/><V27/><REACH who="2" step="1"/><F23/><REACH who="2" ten="469,346,114,51" step="2"/><W60/><G60/><T134/><D18/><U13/><E85/><V59/><AGARI ba="0,2" hai="1,2,3,22,27,30,50,53,59,78,79,95,97,103" machi="59" ten="30,12000,2" yaku="1,1,2,1,0,1,52,1,53,2" doraHai="94" doraHaiUra="73" who="2" fromWho="2" sc="469,-30,346,-30,114,140,51,-60" owari="439,54.0,316,12.0,254,-15.0,-9,-51.0" /></mjloggm>