<mjloggm ver="2.3"><GO type="169" lobby="0"/><UN n0="%E3%83%8B%E3%83%A3%E3%83%AA%E3%83%9D%E3%83%B3" n1="%E2%80%A0%41%71%75%61%E2%80%A0" n2="%E3%82%A6%E3%83%AB%E3%83%88%E3%83%A9%E7%AB%8B%E7%9B%B4" n3="%E3%81%B5%E3%81%8B%E3%81%A4%E3%81%81%E3%83%BC" dan="17,18,19,16" rate="2172.08,2227.85,2278.42,2082.58" sx="F,M,M,M"/><TAIKYOKU oya="0"/><INIT seed="0,0,0,4,2,86" ten="250,250,250,250" oya="0" hai0="21,112,11,76,64,97,49,124,89,92,87,121,43" hai1="93,88,127,115,36,59,20,132,90,133,40,56,35" hai2="26,55,19,85,105,17,71,103,10,33,31,126,22" hai3="70,7,54,47,30,80,91,73,28,60,13,106,37"/><T48/><D121/><U95/><E35/><V75/><F75/><W44/><G106/><T5/><D124/><U52/><E127/><V68/><F126/><W14/><G37/><T23/><D64/><U32/><E32/><V61/><F10/><N who="3" m="4319" /><G73/><T94/><D112/><U102/><E115/><V3/><F3/><W62/><G70/><T125/><D125/><U118/><E118/><V104/><F71/><W51/><G47/><T45/><D49/><N who="1" m="30735" /><E59/><V66/><F55/><W101/><G101/><T130/><D130/><U1/><E1/><V128/><F128/><W41/><G14/><N who="0" m="5487" /><D76/><U67/><E67/><V53/><F53/><W50/><G41/><T8/><D8/><U111/><E111/><V65/><F65/><W18/><G51/><T100/><AGARI ba="0,0" hai="21,23,43,45,48,87,89,92,94,97,100" m="5487" machi="100" ten="30,3000,0" yaku="8,1,52,1" doraHai="86" who="0" fromWho="0" sc="250,30,250,-10,250,-10,250,-10" /><INIT seed="0,1,0,2,3,76" ten="280,240,240,240" oya="0" hai0="27,78,26,36,101,47,30,99,51,5,16,45,121" hai1="40,116,42,62,133,15,75,11,9,135,83,1,53" hai2="91,50,97,130,65,3,103,18,38,74,88,0,134" hai3="113,82,7,35,69,41,43,55,6,115,68,132,129"/><T44/><D121/><U22/><E116/><V19/><F38/><W48/><G35/><T118/><D118/><U54/><E22/><V106/><F65/><W58/><G132/><N who="1" m="50762" /><E1/><V94/><F134/><W8/><G129/><T119/><D5/><N who="1" m="3503" /><E11/><V86/><F130/><W39/><G7/><T57/><D119/><U77/><E62/><V60/><F60/><W110/><G110/><T10/><D36/><U90/><E90/><V95/><F74/><W127/><G127/><T32/><D78/><U28/><E28/><V102/><F50/><W59/><G8/><T92/><D57/><U20/><E20/><V17/><REACH who="2" step="1"/><F103/><REACH who="2" ten="280,240,230,240" step="2"/><W105/><G48/><T52/><REACH who="0" step="1"/><D26/><REACH who="0" ten="270,240,230,240" step="2"/><U117/><E117/><V71/><F71/><W67/><G68/><T98/><D98/><AGARI ba="1,2" hai="0,3,17,18,19,86,88,91,94,95,97,98,102,106" machi="98" ten="40,2600,0" yaku="1,1,54,1,53,0" doraHai="76" doraHaiUra="37" who="2" fromWho="0" sc="270,-29,240,0,230,49,240,0" /><INIT seed="1,0,0,0,2,73" ten="241,240,279,240" oya="1" hai0="131,125,43,80,95,42,39,77,12,56,117,127,1" hai1="37,18,14,24,94,104,135,102,128,13,22,26,8" hai2="36,2,58,96,29,50,17,123,99,34,86,9,70" hai3="71,76,32,64,31,63,109,65,124,53,105,132,100"/><U30/><E104/><V11/><F36/><W48/><G109/><T121/><D117/><U45/><E128/><V27/><F70/><W33/><G132/><T55/><D1/><U133/><E102/><V3/><F123/><W60/><G124/><N who="0" m="47691" /><D131/><U130/><E130/><V38/><F38/><W10/><G10/><T68/><D68/><U83/><E94/><V111/><F111/><W90/><G90/><T59/><D95/><U57/><E57/><N who="0" m="22089" /><D55/><U69/><E69/><V23/><F2/><W75/><G105/><T74/><D39/><U72/><E45/><V52/><F86/><W47/><G100/><T89/><D89/><U91/><E37/><V120/><F120/><W16/><G31/><T87/><D121/><U54/><E54/><V116/><F116/><W98/><G98/><T20/><D87/><U119/><E119/><V126/><F126/><W49/><G53/><T0/><D0/><U66/><E66/><V4/><REACH who="2" step="1"/><F11/><REACH who="2" ten="241,240,269,240" step="2"/><W106/><G71/><T51/><D51/><U107/><E8/><V78/><F78/><W88/><G76/><T41/><D41/><U28/><E133/><V6/><F6/><W114/><G49/><T129/><D129/><U122/><E135/><V92/><F92/><W84/><G48/><T112/><D112/><U103/><E122/><V101/><F101/><W21/><G84/><T35/><D35/><U62/><E103/><V115/><F115/><W118/><G33/><T110/><D110/><U25/><E107/><V19/><F19/><AGARI ba="0,1" hai="12,19,20,42,43,74,77,80" m="22089,47691" machi="19" ten="30,2000,0" yaku="18,1,52,1" doraHai="73" who="0" fromWho="2" sc="241,30,240,0,269,-20,240,0" /><INIT seed="2,0,0,4,3,105" ten="271,240,249,240" oya="2" hai0="88,54,42,45,14,102,37,44,66,96,46,48,47" hai1="52,99,22,69,11,98,31,62,131,19,85,78,67" hai2="39,124,127,33,114,63,79,103,92,3,49,81,34" hai3="28,118,21,93,12,119,43,61,129,1,17,87,104"/><V116/><F39/><W58/><G1/><T89/><D66/><U8/><E131/><V90/><F3/><W115/><G104/><T135/><D135/><U77/><E31/><V111/><F116/><W15/><G129/><T120/><D120/><U82/><E77/><V73/><F114/><W27/><G115/><T134/><D134/><U65/><E65/><V132/><F132/><W35/><G43/><T16/><D42/><U122/><E122/><V75/><F103/><W83/><G93/><T108/><D108/><U0/><E52/><V109/><F63/><W101/><G101/><T74/><D74/><N who="2" m="28170" /><F49/><W133/><G12/><T57/><N who="0" m="11264" /><DORA hai="128" /><T18/><D37/><U60/><E60/><V40/><F40/><W106/><G106/><T51/><D51/><U7/><REACH who="1" step="1"/><E8/><REACH who="1" ten="271,230,249,240" step="2"/><V30/><F30/><W20/><G133/><T25/><D102/><U26/><AGARI ba="0,1" hai="0,7,11,19,22,26,62,67,69,78,82,85,98,99" machi="26" ten="20,5200,0" yaku="1,1,2,1,0,1,7,1,53,0" doraHai="105,128" doraHaiUra="53,86" who="1" fromWho="1" sc="271,-13,230,62,249,-26,240,-13" /><INIT seed="3,0,0,3,4,29" ten="258,292,223,227" oya="3" hai0="84,64,127,123,38,131,50,54,33,22,112,90,97" hai1="56,73,65,71,46,1,130,93,47,27,87,128,49" hai2="122,69,124,102,5,58,114,80,67,26,24,76,11" hai3="133,0,16,57,39,7,107,115,81,79,121,132,106"/><W96/><G121/><T43/><D123/><U113/><E73/><V20/><F69/><W13/><G115/><T31/><D112/><U74/><E74/><V6/><F124/><W59/><G39/><T72/><D127/><U23/><E113/><V85/><F114/><W118/><G118/><T83/><D72/><U70/><E1/><V89/><F122/><W98/><G0/><T104/><D33/><U110/><E110/><V15/><F102/><W134/><G7/><T34/><D34/><U119/><E119/><V8/><F20/><W68/><G68/><N who="1" m="26154" /><E87/><V135/><F135/><W78/><G96/><T14/><D64/><U82/><E93/><V108/><F108/><W12/><G133/><T18/><D31/><U51/><E82/><V75/><F75/><W9/><G98/><T52/><D38/><U86/><E86/><V109/><F109/><W91/><G81/><T42/><D131/><N who="1" m="50219" /><E23/><V37/><F37/><W45/><G91/><T21/><D21/><U126/><E27/><V41/><F89/><W2/><G2/><T61/><D104/><U103/><E103/><V94/><F94/><W55/><G9/><T101/><D101/><U62/><E126/><V125/><F125/><W66/><G16/><T63/><D97/><U129/><N who="1" m="50227" /><U25/><DORA hai="4" /><E25/><N who="2" m="9835" /><F11/><W92/><G92/><T48/><D43/><U32/><E32/><V3/><F41/><W19/><G19/><T60/><D42/><U117/><E117/><V28/><F28/><W36/><G134/><T100/><D100/><U95/><E95/><V88/><F3/><W53/><G132/><RYUUKYOKU ba="0,0" sc="258,15,292,15,223,-15,227,-15" hai0="14,18,22,48,50,52,54,60,61,63,83,84,90" hai1="46,47,49,51,56,62,65" /><INIT seed="4,1,0,2,1,105" ten="273,307,208,212" oya="0" hai0="69,44,131,6,88,48,84,125,67,117,57,104,78" hai1="21,68,59,49,29,17,11,119,62,109,36,2,42" hai2="73,79,86,94,18,106,75,89,41,4,74,28,32" hai3="23,22,108,38,45,124,80,10,99,91,113,51,40"/><T102/><D117/><U72/><E109/><V3/><F106/><W43/><G108/><T8/><D69/><U76/><E119/><V112/><F112/><W19/><G113/><T77/><D131/><U20/><E68/><V1/><F41/><W47/><G124/><T50/><D125/><U120/><E49/><V101/><F101/><W27/><G10/><T95/><D104/><U121/><E29/><V25/><F4/><W116/><G116/><T110/><D102/><U126/><E126/><V24/><REACH who="2" step="1"/><F79/><REACH who="2" ten="273,307,198,212" step="2"/><W133/><G43/><T90/><D78/><U52/><E42/><V132/><F132/><W98/><G133/><T114/><D77/><U54/><E76/><V97/><F97/><W103/><G98/><T46/><D114/><U93/><E120/><V12/><F12/><W134/><G134/><T13/><D110/><U87/><E121/><V127/><F127/><W83/><G103/><T9/><D90/><U33/><E2/><V34/><F34/><W85/><G99/><T128/><D128/><U64/><E33/><V37/><F37/><W15/><G38/><T16/><D6/><U5/><E36/><V30/><F30/><W130/><G130/><T31/><D31/><U96/><E96/><V115/><F115/><W71/><G15/><T107/><D107/><U70/><E5/><V92/><F92/><N who="3" m="54383" /><G71/><T81/><D95/><U66/><E93/><V26/><F26/><N who="3" m="14687" /><G47/><T82/><D44/><U7/><E70/><V39/><F39/><W14/><G14/><T63/><D46/><U123/><E123/><V58/><F58/><W65/><G45/><RYUUKYOKU ba="1,1" sc="273,-10,307,-10,198,30,212,-10" hai2="1,3,18,24,25,28,32,73,74,75,86,89,94" /><INIT seed="5,2,1,2,5,19" ten="263,297,228,202" oya="1" hai0="32,86,38,108,129,119,57,37,94,25,15,59,28" hai1="93,114,120,135,61,41,77,33,87,29,64,125,5" hai2="56,124,52,62,13,67,112,97,50,101,63,35,127" hai3="116,17,115,132,12,22,74,123,8,126,10,81,75"/><U82/><E120/><V70/><F112/><W26/><G123/><T111/><D119/><U85/><E114/><V83/><F35/><W47/><G116/><T54/><D129/><U23/><E33/><V79/><F13/><W7/><G115/><T131/><D131/><U31/><E125/><V14/><F14/><W133/><G126/><N who="2" m="48169" /><F67/><W90/><G47/><T91/><D59/><U76/><E135/><N who="3" m="51786" /><G10/><T48/><REACH who="0" step="1"/><D15/><REACH who="0" ten="253,297,228,202" step="2"/><U72/><E72/><N who="2" m="43495" /><F70/><W44/><G44/><T68/><D68/><U20/><E76/><V121/><F121/><W98/><G98/><T102/><D102/><U42/><E77/><V113/><F113/><W80/><G75/><T3/><D3/><U99/><E99/><V0/><F0/><W88/><G74/><T36/><AGARI ba="2,2" hai="25,28,32,36,37,38,48,54,57,86,91,94,108,111" machi="36" ten="30,2000,0" yaku="1,1,0,1,53,0" doraHai="19" doraHaiUra="95" who="0" fromWho="0" sc="253,46,297,-12,228,-7,202,-7" /><INIT seed="6,0,0,2,1,110" ten="299,285,221,195" oya="2" hai0="64,79,115,132,40,74,123,122,8,66,130,48,118" hai1="80,60,55,81,129,75,128,5,50,58,76,38,99" hai2="98,71,133,102,13,104,2,44,32,3,117,131,53" hai3="114,36,119,52,67,93,68,84,113,47,26,59,134"/><V11/><F117/><W83/><G134/><T96/><D132/><U22/><E38/><V24/><F133/><W88/><G119/><T77/><D118/><U127/><E127/><V109/><F131/><N who="1" m="50249" /><E5/><V111/><F71/><W10/><G10/><T73/><D130/><U108/><E108/><N who="2" m="41547" /><F53/><W105/><G105/><T65/><D8/><U37/><E37/><V121/><F44/><W78/><G26/><T25/><D40/><U63/><E99/><V12/><F12/><W120/><G120/><T42/><D42/><U51/><E22/><V92/><F104/><W116/><G116/><T62/><D64/><U49/><E80/><V21/><F32/><W135/><G135/><T94/><D65/><N who="1" m="39063" /><E63/><V33/><F33/><W19/><G36/><T90/><D62/><U18/><E18/><N who="2" m="12343" /><F121/><W1/><G68/><T57/><D66/><U20/><E20/><V9/><F9/><W14/><G67/><T61/><D61/><U107/><E107/><V91/><F102/><W95/><G47/><AGARI ba="0,0" hai="47,49,50,51,55,75,76,81" m="39063,50249" machi="47" ten="30,1000,0" yaku="19,1" doraHai="110" who="1" fromWho="3" sc="299,0,285,10,221,0,195,-10" /><INIT seed="7,0,0,0,5,64" ten="299,295,221,185" oya="3" hai0="5,45,129,6,38,67,71,91,7,81,48,119,39" hai1="9,102,86,20,18,80,69,105,125,41,47,43,40" hai2="56,66,128,103,90,93,114,34,14,82,19,97,49" hai3="51,134,44,24,99,53,124,98,58,4,22,115,79"/><W21/><G115/><T109/><D119/><U27/><E69/><V54/><F34/><W73/><G134/><T95/><D109/><U75/><E75/><V35/><F35/><W104/><G124/><T132/><D81/><U13/><E125/><V29/><F128/><W26/><G104/><T55/><D129/><U110/><E110/><V92/><F29/><N who="3" m="17551" /><G73/><T60/><REACH who="0" step="1"/><D132/><REACH who="0" ten="289,295,221,185" step="2"/><U88/><E105/><V113/><F82/><W108/><G108/><T68/><D68/><U83/><E80/><V52/><F114/><W8/><G79/><T112/><D112/><U70/><E70/><V23/><F113/><W65/><G4/><T77/><D77/><U61/><E102/><V135/><F135/><W0/><G0/><T84/><AGARI ba="0,1" hai="5,6,7,38,39,45,48,55,60,67,71,84,91,95" machi="84" ten="30,7900,0" yaku="1,1,0,1,52,1,53,1" doraHai="64" doraHaiUra="57" who="0" fromWho="0" sc="289,89,295,-20,221,-20,185,-39" owari="378,47.0,275,8.0,201,-20.0,146,-35.0" /></mjloggm>