<mjloggm ver="2.3"><GO type="169" lobby="0"/><UN n0="%E3%81%86%E3%81%8D%E3%81%A7%E3%82%93" n1="%E3%82%A6%E3%83%AB%E3%83%88%E3%83%A9%E7%AB%8B%E7%9B%B4" n2="%6B%65%6E%73%79%6F%65%6E" n3="%61%6E%6C%75%6E" dan="16,18,16,16" rate="2055.72,2231.55,2125.34,2056.35" sx="M,M,M,M"/><TAIKYOKU oya="0"/><INIT seed="0,0,0,0,3,86" ten="250,250,250,250" oya="0" hai0="118,90,61,119,45,29,9,5,60,99,7,11,100" hai1="23,67,1,101,92,134,55,40,121,10,72,56,74" hai2="53,110,71,83,113,24,80,27,104,106,46,21,18" hai3="17,25,36,128,48,30,133,65,95,88,75,93,39"/><T43/><D29/><U126/><E121/><V78/><F113/><W120/><G75/><T125/><D125/><U42/><E134/><V35/><F110/><W64/><G133/><T66/><D11/><U132/><E132/><V109/><F109/><W58/><G39/><T3/><D7/><U38/><E126/><V50/><F71/><W8/><G36/><T68/><D61/><U123/><E123/><V79/><F35/><W105/><G105/><T13/><D13/><U89/><E101/><V96/><F96/><N who="3" m="57383" /><G128/><T131/><D131/><U28/><E67/><V81/><F106/><W135/><G135/><T6/><D6/><U102/><E102/><V34/><F34/><W52/><G120/><T117/><D100/><U49/><E74/><V57/><F104/><W22/><G95/><T124/><D124/><U70/><E72/><V26/><REACH who="2" step="1"/><F46/><REACH who="2" ten="250,250,240,250" step="2"/><W0/><G0/><T47/><REACH who="0" step="1"/><D43/><REACH who="0" ten="240,250,240,250" step="2"/><U107/><E42/><V84/><F84/><W51/><G8/><T73/><D73/><U85/><E10/><V129/><F129/><W63/><G30/><T19/><D19/><U20/><E28/><V14/><AGARI ba="0,2" hai="14,18,21,24,26,27,50,53,57,78,79,80,81,83" machi="14" ten="30,4000,0" yaku="1,1,0,1,8,1,53,0" doraHai="86" doraHaiUra="111" who="2" fromWho="2" sc="240,-20,250,-10,240,60,250,-10" /><INIT seed="1,0,0,2,0,135" ten="220,240,300,240" oya="1" hai0="30,128,126,23,98,12,67,78,9,49,79,55,99" hai1="27,21,121,16,92,40,75,111,71,0,117,76,80" hai2="63,20,51,6,58,61,43,120,88,101,105,97,18" hai3="70,54,86,100,47,17,68,124,41,25,102,26,52"/><U33/><E117/><V62/><F120/><W57/><G86/><T116/><D116/><U56/><E121/><V36/><F6/><W15/><G70/><T91/><D67/><U123/><E123/><V125/><F125/><W29/><G68/><T38/><D38/><U31/><E71/><V118/><F118/><W24/><G29/><T96/><D91/><U39/><E111/><V83/><F36/><W73/><G124/><T90/><D90/><U13/><E56/><V77/><F43/><W19/><G73/><T46/><D126/><U84/><E0/><V106/><F106/><W95/><G57/><T131/><D23/><U65/><E65/><V109/><F109/><W60/><G60/><T104/><D30/><U110/><E110/><V10/><F10/><W66/><G66/><T14/><D14/><U64/><E64/><V103/><F103/><N who="3" m="39467" /><G95/><T127/><D104/><U37/><REACH who="1" step="1"/><E40/><REACH who="1" ten="220,230,300,240" step="2"/><V82/><F58/><W89/><G41/><T130/><REACH who="0" step="1"/><D127/><REACH who="0" ten="210,230,300,240" step="2"/><U69/><E69/><V35/><F105/><W50/><G15/><T32/><D32/><U108/><E108/><V133/><F35/><W1/><G1/><T44/><D44/><U48/><E48/><V42/><F51/><W122/><G122/><T3/><D3/><U72/><E72/><V129/><F61/><W59/><G47/><T134/><D134/><U132/><E132/><V81/><F63/><W115/><G54/><T107/><D107/><U28/><E28/><V22/><F62/><W119/><G119/><T2/><D2/><U45/><E45/><V53/><F133/><W34/><G34/><RYUUKYOKU ba="0,2" sc="210,15,230,15,300,-15,240,-15" hai0="9,12,46,49,55,78,79,96,98,99,128,130,131" hai1="13,16,21,27,31,33,37,39,75,76,80,84,92" /><INIT seed="1,1,2,5,4,97" ten="225,245,285,225" oya="1" hai0="135,46,64,95,85,112,134,82,2,1,28,54,43" hai1="32,15,47,18,5,90,58,14,108,81,29,83,19" hai2="75,23,41,98,57,84,119,103,80,31,91,44,129" hai3="49,45,77,67,56,39,101,116,71,106,42,21,114"/><U122/><E122/><V125/><F119/><W60/><G114/><T0/><D112/><U127/><E127/><V69/><F125/><W86/><G116/><T117/><D117/><U24/><E108/><V87/><F129/><W76/><G86/><T109/><D109/><U65/><E47/><V92/><F69/><W89/><G89/><T36/><D64/><U100/><E100/><V25/><F75/><W115/><G115/><T133/><D28/><U130/><E130/><V113/><F113/><W50/><G50/><T52/><REACH who="0" step="1"/><D95/><REACH who="0" ten="215,245,285,225" step="2"/><U53/><E65/><V40/><F92/><W131/><G131/><T123/><D123/><U9/><E90/><AGARI ba="1,3" hai="0,1,2,36,43,46,52,54,82,85,90,133,134,135" machi="90" ten="50,6400,0" yaku="1,1,20,1,54,1,53,0" doraHai="97" doraHaiUra="66" who="0" fromWho="1" sc="215,97,245,-67,285,0,225,0" /><INIT seed="2,0,0,0,0,109" ten="312,178,285,225" oya="2" hai0="4,127,40,79,121,47,72,61,89,128,35,1,74" hai1="41,70,118,120,26,58,87,91,28,22,27,0,107" hai2="3,95,31,111,100,86,24,132,101,2,131,66,60" hai3="42,122,75,50,48,97,12,73,29,13,64,37,25"/><V115/><F111/><W67/><G122/><T69/><D121/><U49/><E70/><V96/><F132/><W114/><G37/><T14/><D35/><U85/><E120/><V88/><F131/><W20/><G42/><T39/><D14/><U105/><E118/><V112/><F101/><W55/><G50/><T102/><D89/><U78/><E0/><V45/><F45/><W11/><G13/><T83/><D102/><U44/><E78/><V43/><F43/><W59/><G97/><T125/><D72/><U77/><E77/><V54/><F54/><W71/><G71/><T133/><D128/><U8/><E8/><V51/><F51/><W30/><G30/><T33/><D33/><U92/><E87/><V124/><F124/><W38/><G38/><T19/><D19/><U134/><E134/><V23/><F2/><W94/><G75/><T116/><D116/><U46/><E58/><V5/><F5/><W57/><G73/><T65/><D133/><U129/><E129/><V76/><F76/><W7/><G114/><T103/><D103/><U52/><REACH who="1" step="1"/><E27/><REACH who="1" ten="312,168,285,225" step="2"/><V130/><F3/><W56/><G94/><T119/><D119/><U123/><E123/><V93/><F130/><W17/><G57/><AGARI ba="0,1" hai="23,24,31,57,60,66,86,88,93,95,96,100,112,115" machi="57" ten="30,18000,2" yaku="7,1,25,2,52,2,54,1" doraHai="109" who="2" fromWho="3" sc="312,0,168,0,285,190,225,-180" /><INIT seed="2,1,0,5,1,38" ten="312,168,475,45" oya="2" hai0="1,132,35,105,27,10,26,32,127,102,84,21,51" hai1="59,75,73,121,85,13,0,123,65,20,61,14,45" hai2="100,108,76,112,2,4,7,107,40,12,16,50,109" hai3="17,74,119,9,36,25,42,134,78,104,94,129,82"/><V58/><F112/><W37/><G119/><T39/><D39/><U46/><E0/><V57/><F76/><W130/><G104/><T114/><D114/><U126/><E126/><V90/><F90/><W113/><G113/><T30/><D105/><U67/><E85/><V33/><F33/><W79/><G134/><T8/><D102/><U66/><E59/><V110/><F100/><W135/><G135/><T80/><D132/><U81/><E61/><V29/><F29/><W47/><G79/><T5/><D127/><U115/><E20/><N who="2" m="11271" /><F107/><W18/><G37/><T63/><D63/><U117/><E115/><V34/><F34/><N who="0" m="12842" /><D51/><U125/><E81/><V44/><F2/><W131/><G25/><N who="0" m="16687" /><D84/><U118/><E125/><V24/><F24/><N who="0" m="9258" /><D80/><U95/><E95/><V92/><F92/><W86/><G9/><AGARI ba="1,0" hai="1,5,8,9,10" m="9258,16687,12842" machi="9" ten="30,8000,1" yaku="35,5" doraHai="38" who="0" fromWho="3" sc="312,83,168,0,475,0,45,-83" owari="395,20.0,168,-23.0,475,57.0,-38,-54.0" /></mjloggm>