<mjloggm ver="2.3"><GO type="169" lobby="0"/><UN n0="%E6%89%8D%E6%B3%A2%E5%9F%8E%E4%B8%80%E9%83%8E" n1="%E3%83%88%E3%83%88%E3%83%AA%E5%85%88%E7%94%9F%31%39%E6%AD%B3" n2="%E3%82%B9%E3%82%B1%E3%83%BC%E3%82%BF%E3%83%BC" n3="%E8%8B%A5%E5%AE%AE%E6%98%8E%E6%97%A5%E9%A6%99" dan="16,19,16,17" rate="2081.69,2293.62,2134.26,2137.88" sx="F,F,M,F"/><TAIKYOKU oya="0"/><INIT seed="0,0,0,4,1,33" ten="250,250,250,250" oya="0" hai0="14,29,102,38,21,74,72,34,92,81,46,76,20" hai1="122,67,36,109,54,22,55,52,6,114,86,79,113" hai2="64,48,68,47,8,115,118,73,82,23,110,0,132" hai3="65,88,30,17,130,128,70,57,100,5,101,50,60"/><T66/><D34/><U90/><E122/><V125/><F23/><W11/><G30/><T116/><D116/><U85/><E36/><V18/><F18/><W120/><G120/><T95/><D74/><U32/><E32/><V12/><F12/><W96/><G17/><T51/><D20/><U31/><E109/><V24/><F24/><W13/><G70/><T61/><D38/><U77/><E67/><V49/><F49/><W75/><G75/><T44/><D102/><U41/><E41/><V40/><F8/><W69/><G69/><T78/><D78/><U1/><E79/><V117/><F82/><W112/><G112/><N who="1" m="43114" /><E77/><V87/><F64/><W98/><G50/><T4/><D46/><U37/><E37/><V56/><F47/><W43/><G43/><T135/><D135/><U80/><E86/><V121/><F87/><W9/><G11/><T134/><D134/><U111/><E111/><V7/><F40/><W15/><G98/><T27/><D4/><U99/><E99/><V28/><F118/><W93/><REACH who="3" step="1"/><G13/><REACH who="3" ten="250,250,250,240" step="2"/><T123/><D14/><U35/><E22/><V83/><F73/><W2/><G2/><T58/><REACH who="0" step="1"/><D123/><REACH who="0" ten="240,250,250,240" step="2"/><U53/><N who="1" m="13312" /><DORA hai="3" /><U103/><E35/><V39/><F121/><W10/><G10/><T97/><D97/><U25/><E6/><V133/><F7/><W62/><G62/><T105/><D105/><U45/><E45/><V59/><F115/><W84/><G84/><T108/><D108/><U16/><E85/><V131/><F110/><W89/><G89/><T71/><D71/><U129/><E90/><V63/><F133/><RYUUKYOKU ba="0,2" sc="240,15,250,-15,250,-15,240,15" hai0="21,27,29,44,51,58,61,66,72,76,81,92,95" hai3="5,9,15,57,60,65,88,93,96,100,101,128,130" /><INIT seed="0,1,2,3,0,76" ten="255,235,235,255" oya="0" hai0="89,117,85,88,124,63,134,61,30,45,13,115,22" hai1="97,73,103,102,98,14,19,72,64,112,62,130,55" hai2="78,96,131,59,26,56,0,38,110,93,25,129,87" hai3="41,7,116,66,111,120,68,3,39,27,113,43,94"/><T71/><D117/><U31/><E130/><N who="2" m="49675" /><F38/><W118/><G113/><T32/><D115/><U42/><E112/><V132/><F0/><W119/><G111/><T90/><D90/><U11/><BYE who="0" /><E42/><V114/><F114/><W106/><G106/><T58/><D58/><N who="2" m="22058" /><F110/><W18/><G120/><T1/><D1/><U57/><E31/><UN n0="%E6%89%8D%E6%B3%A2%E5%9F%8E%E4%B8%80%E9%83%8E" /><V5/><F5/><W108/><G39/><T12/><D134/><U2/><E2/><V99/><F132/><W83/><G108/><T40/><D124/><U91/><E64/><V135/><F135/><W6/><G6/><T46/><D71/><U4/><E4/><V21/><F78/><W86/><G7/><T15/><D32/><U79/><E79/><V48/><F48/><W50/><G3/><T74/><D74/><U84/><E72/><V81/><F93/><W49/><G94/><N who="0" m="54543" /><D89/><U52/><E73/><V24/><F21/><N who="3" m="13751" /><G49/><N who="0" m="26791" /><D46/><U54/><E103/><V33/><F33/><W67/><G68/><T75/><D75/><U122/><E122/><V17/><F87/><W47/><G41/><T95/><D95/><N who="1" m="58719" /><E97/><N who="2" m="37451" /><F17/><W100/><G100/><T51/><D51/><U77/><E77/><V35/><F35/><W37/><G37/><T80/><D80/><AGARI ba="1,2" hai="11,14,19,52,54,55,57,62,80,84,91" m="58719" machi="80" ten="30,3900,0" yaku="8,1,52,1,54,1" doraHai="76" who="1" fromWho="0" sc="255,-42,235,62,235,0,255,0" /><AGARI ba="1,0" hai="24,25,26,80,81" m="37451,22058,49675" machi="80" ten="40,8000,1" yaku="28,2,19,1,52,2" doraHai="76" who="2" fromWho="0" sc="213,-80,297,0,235,80,255,0" /><INIT seed="1,0,0,2,1,55" ten="133,297,315,255" oya="1" hai0="116,80,17,42,133,25,50,109,82,127,108,106,111" hai1="125,97,2,119,117,129,98,46,38,114,47,88,9" hai2="10,126,64,75,107,124,74,40,3,34,102,15,96" hai3="89,72,21,8,63,120,128,24,84,58,23,51,37"/><U121/><E114/><V30/><F3/><W31/><G37/><T56/><D116/><U130/><E121/><V53/><F40/><W0/><G120/><T132/><D106/><U43/><E125/><N who="2" m="48235" /><F64/><W94/><G72/><T70/><D17/><U57/><E2/><V22/><F22/><W68/><G128/><N who="1" m="49258" /><E9/><V27/><F53/><W49/><G68/><T115/><D25/><U33/><E33/><V123/><F123/><W4/><REACH who="3" step="1"/><G23/><REACH who="3" ten="133,297,315,245" step="2"/><T71/><D127/><U122/><E122/><V113/><F113/><W67/><AGARI ba="0,1" hai="0,4,8,21,24,31,49,51,58,63,67,84,89,94" machi="67" ten="20,8000,1" yaku="1,1,2,1,0,1,7,1,52,1,53,0" doraHai="55" doraHaiUra="92" who="3" fromWho="3" sc="133,-20,297,-40,315,-20,245,90" /><INIT seed="2,0,0,3,3,108" ten="113,257,295,335" oya="2" hai0="67,38,123,23,76,34,105,106,65,15,71,72,66" hai1="10,42,134,3,30,119,100,46,45,33,107,62,44" hai2="47,50,59,27,69,16,14,7,4,90,39,75,35" hai3="125,109,41,131,113,84,88,58,94,95,48,93,29"/><V135/><F69/><W54/><G109/><T11/><D34/><U92/><E119/><V24/><F135/><W126/><G131/><T2/><D123/><U103/><E107/><V120/><F120/><W17/><G29/><T77/><D71/><U31/><E134/><V51/><F75/><W40/><G113/><T21/><D38/><U5/><E42/><V112/><F39/><W79/><G79/><T13/><D2/><U82/><E62/><V53/><F112/><W56/><G56/><T32/><D32/><U115/><E115/><V6/><F90/><W96/><G17/><T57/><D57/><U1/><E92/><V85/><F85/><W19/><G19/><T55/><D55/><U70/><E70/><V78/><F78/><W60/><G60/><T86/><D86/><U132/><E132/><V97/><F97/><W122/><G122/><T28/><D28/><U117/><E117/><V98/><F98/><W130/><G130/><T12/><D11/><U64/><E64/><V83/><F83/><W121/><G121/><T111/><D72/><U102/><E33/><V61/><F35/><W26/><G95/><T9/><D9/><U36/><E36/><V87/><F87/><W63/><G26/><N who="2" m="9769" /><F47/><W52/><G96/><T37/><D37/><U118/><E118/><V89/><F89/><W18/><G94/><T81/><D111/><U20/><E3/><V8/><AGARI ba="0,0" hai="4,6,7,8,14,16,50,51,53,59,61" m="9769" machi="8" ten="30,3000,0" yaku="8,1,54,1" doraHai="108" who="2" fromWho="2" sc="113,-10,257,-10,295,30,335,-10" /><INIT seed="2,1,0,1,5,28" ten="103,247,325,325" oya="2" hai0="112,128,110,94,58,72,126,123,76,89,109,49,15" hai1="55,69,95,19,102,90,34,98,22,35,61,70,13" hai2="14,79,57,7,114,91,87,80,39,115,104,40,71" hai3="86,64,4,10,24,117,50,96,122,52,60,66,47"/><V132/><F71/><W23/><G117/><T43/><D112/><U17/><E70/><V83/><F132/><W82/><G122/><T131/><D123/><U125/><E125/><V38/><F104/><W101/><G60/><T84/><D15/><U106/><E55/><V20/><F57/><W121/><G121/><T31/><D31/><U97/><REACH who="1" step="1"/><E17/><REACH who="1" ten="103,237,325,325" step="2"/><V33/><F115/><W21/><G66/><AGARI ba="1,1" hai="13,19,22,34,35,61,66,69,90,95,97,98,102,106" machi="66" ten="40,8000,1" yaku="1,1,2,1,52,2,53,0" doraHai="28" doraHaiUra="36" who="1" fromWho="3" sc="103,0,237,93,325,0,325,-83" /><INIT seed="3,0,0,5,4,1" ten="103,330,325,242" oya="3" hai0="117,123,92,22,42,86,134,116,83,34,36,12,88" hai1="128,32,107,62,89,77,40,119,57,124,7,127,29" hai2="69,49,66,24,109,31,18,14,15,64,100,98,115" hai3="58,19,99,67,129,126,90,79,80,2,108,6,63"/><W43/><G129/><T41/><D34/><U74/><E107/><V38/><F115/><W93/><G126/><N who="1" m="48170" /><E128/><V9/><F38/><W118/><G118/><T133/><D123/><U105/><E105/><V112/><F109/><W70/><G108/><T132/><D36/><U102/><E102/><V65/><F112/><W20/><G43/><T45/><D45/><U72/><E77/><V114/><F114/><W130/><G130/><T0/><D0/><U46/><E7/><V101/><F69/><W60/><G6/><T28/><D28/><U56/><E56/><V120/><F120/><W3/><G70/><T68/><D68/><U110/><E119/><N who="0" m="45641" /><D12/><U81/><E110/><V51/><F15/><W10/><G63/><T61/><D61/><U125/><E125/><V103/><REACH who="2" step="1"/><F98/><REACH who="2" ten="103,330,315,242" step="2"/><W113/><G113/><T33/><D33/><AGARI ba="0,1" hai="9,14,18,24,31,33,49,51,64,65,66,100,101,103" machi="33" ten="40,8000,1" yaku="1,1,2,1,53,2" doraHai="1" doraHaiUra="47" who="2" fromWho="0" sc="103,-80,330,0,315,90,242,0" /><INIT seed="4,0,0,5,5,122" ten="23,330,405,242" oya="0" hai0="50,36,125,48,18,89,99,34,132,130,105,33,63" hai1="92,78,2,124,37,126,93,22,5,32,45,75,41" hai2="49,104,133,97,103,91,20,52,112,21,59,56,118" hai3="40,12,94,96,15,120,72,86,85,77,24,69,119"/><T42/><D36/><U51/><E32/><V65/><F112/><W35/><G119/><T38/><D38/><U128/><E128/><V6/><F133/><W4/><G69/><T67/><D130/><U135/><E135/><V83/><F118/><W1/><G120/><T29/><D132/><U74/><E22/><V114/><F114/><W13/><G40/><T88/><D125/><N who="1" m="48235" /><E51/><V81/><F6/><W14/><G1/><T131/><D131/><U7/><E7/><V44/><F21/><W101/><G4/><T27/><D33/><U71/><E71/><V31/><F91/><W0/><G0/><T66/><D18/><U84/><E84/><V60/><REACH who="2" step="1"/><F44/><REACH who="2" ten="23,330,395,242" step="2"/><W95/><G35/><T123/><D123/><U16/><E78/><V87/><F87/><W54/><G85/><T129/><D129/><U106/><E75/><V19/><F19/><W107/><G72/><T25/><D25/><AGARI ba="0,1" hai="20,25,31,49,52,56,59,60,65,81,83,97,103,104" machi="25" ten="40,5200,0" yaku="1,1,54,1,53,1" doraHai="122" doraHaiUra="46" who="2" fromWho="0" sc="23,-52,330,0,395,62,242,0" owari="-29,-53.0,330,13.0,457,56.0,242,-16.0" /></mjloggm>