<mjloggm ver="2.3"><GO type="169" lobby="0"/><UN n0="%E3%81%82%E3%82%89%E3%81%8C%E3%81%8D%E3%81%82%E3%82%84%E3%81%9B" n1="%55%53%48%49%21%21" n2="%E3%82%A6%E3%83%AB%E3%83%88%E3%83%A9%E7%AB%8B%E7%9B%B4" n3="%E8%92%BC%E7%8B%BC" dan="17,16,18,16" rate="2189.72,2057.66,2227.64,2093.63" sx="F,M,M,M"/><TAIKYOKU oya="0"/><INIT seed="0,0,0,1,5,97" ten="250,250,250,250" oya="0" hai0="41,69,10,57,17,29,23,3,68,94,7,119,70" hai1="88,132,40,78,6,114,96,104,116,98,44,1,53" hai2="56,58,31,37,74,50,12,135,106,59,22,91,101" hai3="99,93,76,84,130,24,80,77,86,33,16,95,113"/><T67/><D119/><U62/><E116/><V115/><F37/><W60/><G33/><T121/><D121/><U126/><E114/><V79/><F115/><W122/><G60/><T28/><D41/><U90/><E132/><V87/><F135/><W133/><G113/><T26/><D67/><U49/><E126/><V75/><F50/><W15/><G24/><T18/><D57/><U103/><E78/><V83/><F75/><W81/><G133/><T120/><D120/><U125/><E125/><V19/><F31/><W43/><G43/><T30/><D18/><U71/><E98/><V11/><F11/><W20/><G122/><T65/><D65/><U73/><E73/><V8/><F8/><W124/><G124/><T14/><REACH who="0" step="1"/><D94/><REACH who="0" ten="240,250,250,250" step="2"/><U4/><E71/><V112/><F112/><W47/><G130/><T72/><D72/><U32/><E6/><V117/><F117/><W61/><G47/><T9/><AGARI ba="0,1" hai="3,7,9,10,14,17,23,26,28,29,30,68,69,70" machi="9" ten="40,3900,0" yaku="1,1,0,1,53,0" doraHai="97" doraHaiUra="123" who="0" fromWho="0" sc="240,49,250,-13,250,-13,250,-13" /><INIT seed="0,1,0,3,5,21" ten="289,237,237,237" oya="0" hai0="3,26,85,27,101,108,64,33,45,123,51,110,56" hai1="132,127,61,114,100,12,72,86,79,68,97,0,91" hai2="58,93,103,75,77,38,111,50,82,118,83,54,57" hai3="130,40,109,119,73,34,17,94,84,62,89,76,66"/><T28/><D123/><U44/><E0/><V32/><F111/><N who="0" m="42538" /><D3/><U30/><E114/><V126/><F126/><W20/><G109/><T113/><D113/><U116/><E116/><V53/><F38/><W134/><G34/><T47/><D101/><U42/><E72/><V8/><F32/><W9/><G134/><T129/><D129/><U41/><E79/><V117/><F8/><W133/><G133/><T29/><D85/><U120/><E120/><V1/><F1/><W67/><G130/><T19/><D19/><U31/><E132/><V131/><F131/><W16/><G119/><T70/><D70/><U25/><E68/><V122/><F122/><W69/><G40/><T10/><D10/><U60/><E42/><V23/><F103/><W13/><G67/><T2/><D2/><U36/><E127/><V128/><F128/><W63/><G63/><N who="0" m="37991" /><D51/><U37/><E37/><V99/><F50/><W55/><G76/><T11/><D11/><U124/><E124/><V35/><F77/><W22/><G73/><T106/><D106/><U78/><E78/><V121/><F75/><W98/><G55/><T52/><D52/><U107/><E107/><V5/><F53/><W48/><G48/><T6/><D6/><U7/><E7/><V105/><F54/><W115/><G115/><T59/><D59/><U74/><E74/><V4/><F57/><W14/><G84/><T15/><D15/><U46/><E12/><V135/><F135/><W43/><G43/><T39/><D39/><U49/><E36/><V102/><F118/><W104/><G104/><T125/><D125/><RYUUKYOKU ba="1,0" sc="289,15,237,-15,237,-15,237,15" hai0="26,27,28,29,33,45,47" hai3="9,13,14,16,17,20,22,62,66,69,89,94,98" /><INIT seed="0,2,0,4,2,46" ten="304,222,222,252" oya="0" hai0="115,11,67,82,119,113,118,25,79,90,43,33,77" hai1="100,34,20,31,50,54,94,70,26,58,2,18,3" hai2="55,64,72,66,12,51,10,38,76,85,95,126,69" hai3="60,80,97,106,109,87,49,44,65,68,57,74,14"/><T53/><D43/><U62/><E100/><V6/><F38/><W22/><G74/><T98/><D67/><U8/><E94/><V39/><F39/><W124/><G109/><T93/><D11/><U135/><E135/><V112/><F112/><N who="0" m="43082" /><D25/><U37/><E37/><V7/><F126/><W40/><G124/><T0/><D53/><U107/><E107/><V116/><F116/><W122/><G122/><T73/><D33/><U128/><E128/><V91/><F69/><W42/><G106/><T134/><D0/><U47/><E70/><V110/><F110/><W17/><G97/><T108/><D134/><U104/><E104/><V102/><F102/><W78/><G68/><T130/><D130/><U117/><E8/><V52/><F7/><W27/><G27/><T24/><D24/><U56/><E117/><N who="0" m="44553" /><D79/><U35/><E58/><V1/><F1/><W133/><G133/><T105/><D105/><U123/><E123/><V88/><F55/><AGARI ba="2,0" hai="14,17,22,40,42,44,49,55,57,60,65,78,80,87" machi="55" ten="30,3900,0" yaku="7,1,8,1,52,1" doraHai="46" who="3" fromWho="2" sc="304,0,222,0,222,-45,252,45" /><INIT seed="1,0,0,3,5,127" ten="304,222,177,297" oya="1" hai0="4,10,32,55,26,46,100,36,12,48,71,119,124" hai1="63,5,41,82,91,84,73,92,85,9,76,30,98" hai2="97,45,96,128,6,3,21,11,93,62,53,110,22" hai3="112,67,44,14,80,17,129,122,94,58,47,99,61"/><U59/><E30/><V31/><F110/><W35/><G35/><T49/><D124/><U87/><E41/><V113/><F113/><W95/><G122/><T16/><D119/><U109/><E109/><V38/><F31/><W56/><G112/><T18/><D71/><U19/><E19/><V79/><F97/><W77/><G58/><T54/><D36/><U37/><E37/><V23/><F79/><W131/><G95/><T50/><D50/><U2/><REACH who="1" step="1"/><E73/><REACH who="1" ten="304,212,177,297" step="2"/><V78/><F38/><W13/><G17/><T101/><D18/><U42/><E42/><V103/><F23/><W116/><G116/><T27/><D4/><U111/><E111/><V74/><F22/><W40/><G40/><T126/><D126/><U130/><E130/><N who="3" m="49674" /><G14/><T7/><D32/><U0/><E0/><V115/><F3/><W86/><G13/><T25/><D7/><U132/><E132/><V39/><F6/><W8/><G8/><T28/><D28/><U75/><E75/><V72/><F11/><W123/><G123/><T104/><D104/><U133/><E133/><V134/><F74/><W106/><G106/><T66/><D10/><U68/><E68/><V43/><F128/><W135/><G135/><T102/><D12/><U51/><E51/><V64/><F134/><W52/><G67/><AGARI ba="0,1" hai="2,5,9,59,63,67,76,82,84,85,87,91,92,98" machi="67" ten="30,5800,0" yaku="1,1,7,1,53,1" doraHai="127" doraHaiUra="89" who="1" fromWho="3" sc="304,0,212,68,177,0,297,-58" /><INIT seed="1,1,0,0,0,105" ten="304,280,177,239" oya="1" hai0="74,42,23,91,132,131,103,9,82,44,3,83,63" hai1="127,50,36,134,72,71,115,90,52,27,25,84,37" hai2="47,34,73,35,57,99,129,120,28,95,77,125,87" hai3="102,29,8,26,117,108,38,19,85,130,10,22,126"/><U119/><E115/><V114/><F120/><W0/><G38/><T41/><D131/><U93/><E119/><V43/><F125/><W11/><G102/><T89/><D132/><U51/><E71/><V1/><F129/><W4/><G85/><T65/><D42/><U88/><E127/><V7/><F114/><W122/><G126/><T48/><D103/><U109/><E134/><V94/><F57/><W33/><G130/><T124/><D124/><U78/><E109/><V24/><F35/><W2/><G108/><T80/><D23/><U121/><E121/><V64/><F64/><W68/><G68/><T67/><D74/><U12/><E12/><V56/><F56/><W116/><G122/><T104/><D104/><U135/><E135/><V128/><F128/><W133/><G133/><T110/><D110/><U76/><E90/><V97/><F87/><W31/><G31/><T15/><D3/><U106/><E106/><V21/><F34/><W46/><G46/><T40/><D40/><U59/><E50/><V32/><F32/><W69/><G69/><T107/><D107/><U66/><E66/><N who="0" m="25097" /><D63/><U18/><E78/><V113/><F113/><W61/><G61/><T20/><D20/><N who="1" m="13463" /><E27/><V49/><F77/><W53/><G53/><T62/><D62/><U98/><E72/><V100/><F73/><W70/><G70/><T86/><D89/><U39/><E76/><V101/><REACH who="2" step="1"/><F1/><REACH who="2" ten="304,280,167,239" step="2"/><N who="3" m="619" /><G4/><AGARI ba="1,1" hai="4,9,15,41,44,48,80,82,83,86,91" m="25097" machi="4" ten="30,1000,0" yaku="8,1" doraHai="105" who="0" fromWho="3" sc="304,23,280,0,167,0,239,-13" /><AGARI ba="1,0" hai="4,7,21,24,28,43,47,49,94,95,97,99,100,101" machi="4" ten="40,8000,1" yaku="1,1,9,1,8,1,53,1" doraHai="105" doraHaiUra="16" who="2" fromWho="3" sc="327,0,280,0,167,80,226,-80" /><INIT seed="2,0,0,3,4,98" ten="327,280,247,146" oya="2" hai0="28,31,74,99,17,23,21,20,82,106,62,37,75" hai1="15,86,94,76,95,124,77,24,134,53,58,130,39" hai2="128,40,91,69,68,116,1,107,12,65,9,35,19" hai3="49,56,44,87,10,57,50,126,132,114,127,93,48"/><V42/><F116/><W60/><G10/><T135/><D37/><U88/><E124/><N who="3" m="47658" /><G87/><T27/><D135/><U133/><E130/><V79/><F128/><W109/><G93/><T51/><D51/><N who="3" m="19529" /><G132/><N who="1" m="50794" /><E39/><V3/><F35/><W14/><G14/><T115/><D115/><U55/><E15/><V61/><F107/><W96/><G96/><T18/><D62/><N who="1" m="36175" /><E55/><V54/><F79/><N who="1" m="30281" /><E24/><V90/><F12/><W43/><G109/><T5/><D5/><U121/><E121/><V0/><F9/><W117/><G117/><T80/><D99/><U8/><E8/><V34/><F1/><W41/><G114/><T83/><D106/><U47/><E47/><V120/><F0/><W29/><G29/><N who="0" m="11339" /><D27/><U89/><E89/><V16/><F3/><W123/><G123/><T125/><D125/><U46/><E46/><V108/><F120/><W71/><G41/><T64/><D64/><AGARI ba="0,0" hai="43,44,50,56,57,60,64,71" m="19529,47658" machi="64" ten="30,3900,0" yaku="18,1,34,2" doraHai="98" who="3" fromWho="0" sc="327,-39,280,0,247,0,146,39" /><INIT seed="3,0,0,3,3,34" ten="288,280,247,185" oya="3" hai0="79,8,12,119,113,120,80,60,101,20,1,15,105" hai1="89,40,35,11,37,67,31,106,109,38,18,71,64" hai2="58,42,54,90,39,99,96,124,50,29,121,36,86" hai3="129,52,32,65,110,51,107,53,84,46,116,131,49"/><W127/><G107/><T114/><D119/><U108/><E106/><V130/><F130/><N who="3" m="49675" /><G32/><T91/><D120/><U22/><E89/><V128/><F128/><W59/><G116/><T63/><D91/><U28/><E11/><V88/><F124/><W9/><G9/><T14/><D101/><U62/><E67/><V135/><F135/><W48/><G84/><N who="0" m="48159" /><D105/><U33/><E31/><V115/><F115/><N who="0" m="44042" /><D20/><U13/><E33/><V123/><F96/><W132/><G127/><T16/><D16/><U21/><E35/><V47/><F29/><W43/><G132/><T69/><D69/><U74/><E74/><V93/><REACH who="2" step="1"/><F36/><REACH who="2" ten="288,280,237,185" step="2"/><N who="3" m="21863" /><G110/><N who="1" m="42602" /><E40/><V2/><F2/><W83/><G83/><AGARI ba="0,1" hai="39,42,47,50,54,58,83,86,88,90,93,99,121,123" machi="83" ten="40,2600,0" yaku="1,1,54,1,53,0" doraHai="34" doraHaiUra="3" who="2" fromWho="3" sc="288,0,280,0,237,36,185,-26" /><INIT seed="4,0,0,3,1,87" ten="288,280,273,159" oya="0" hai0="107,53,114,15,96,94,23,40,12,48,10,17,77" hai1="80,69,57,38,28,104,88,76,112,120,73,2,51" hai2="99,4,62,123,72,71,65,29,100,133,121,92,0" hai3="49,105,5,50,81,56,41,33,134,14,127,18,108"/><T39/><D114/><U93/><E112/><V3/><F72/><W11/><G105/><T43/><D107/><U1/><E104/><V78/><F78/><W35/><G108/><T97/><D77/><U82/><E120/><V30/><F133/><W21/><G127/><T113/><D113/><U67/><E38/><V54/><F54/><W74/><G134/><T103/><D39/><U60/><E80/><V70/><F70/><W63/><G74/><T90/><D97/><U59/><E28/><V19/><F19/><W42/><G81/><T116/><D116/><U66/><E66/><V128/><F128/><W79/><G79/><T24/><D103/><U32/><E32/><V26/><F30/><W118/><G118/><T122/><D122/><U16/><E16/><V44/><F44/><W91/><G91/><T131/><D131/><U20/><E20/><V135/><F135/><W98/><G98/><T6/><REACH who="0" step="1"/><D24/><REACH who="0" ten="278,280,273,159" step="2"/><U106/><E106/><V132/><F123/><W7/><G5/><T52/><D52/><U125/><E125/><V84/><F121/><W119/><G119/><T117/><D117/><U27/><E27/><V75/><F4/><W46/><G42/><T101/><D101/><U68/><E76/><V95/><F132/><W86/><G86/><T115/><D115/><U37/><E73/><V129/><F75/><W45/><G41/><T83/><D83/><U61/><E82/><V36/><F129/><W25/><G33/><T31/><D31/><U8/><E67/><V110/><F65/><N who="3" m="39143" /><G35/><T13/><D13/><U126/><E126/><V58/><F100/><RYUUKYOKU ba="0,1" sc="278,15,280,-15,273,-15,159,15" hai0="6,10,12,15,17,23,40,43,48,53,90,94,96" hai3="7,11,14,18,21,25,45,46,49,50" /><INIT seed="4,1,1,3,1,23" ten="293,265,258,174" oya="0" hai0="115,51,37,26,13,9,68,77,33,6,3,49,59" hai1="123,27,99,56,19,14,135,84,97,22,110,47,72" hai2="70,102,124,2,114,63,87,94,74,129,41,20,48" hai3="58,40,81,119,39,42,103,60,69,66,76,118,62"/><T17/><D37/><U130/><E110/><V116/><F74/><W85/><G103/><T0/><D68/><U57/><E123/><V31/><F2/><W79/><G76/><T96/><D77/><U55/><E72/><V24/><F114/><W18/><G40/><T98/><D115/><U36/><E130/><V117/><F129/><W52/><G42/><T106/><D3/><U61/><E135/><V5/><F5/><W4/><G39/><T93/><D106/><U53/><E84/><V133/><F133/><W67/><G4/><T34/><D96/><U120/><E120/><V43/><F124/><W113/><G113/><T12/><D12/><U83/><E83/><V78/><F48/><W15/><REACH who="3" step="1"/><G67/><REACH who="3" ten="293,265,258,164" step="2"/><T30/><D34/><U80/><E36/><V122/><F122/><W35/><G35/><T50/><D6/><U131/><E131/><V91/><F78/><W86/><G86/><T7/><D7/><U112/><E112/><V125/><F102/><W45/><G45/><T92/><D0/><U95/><E97/><V73/><F73/><W65/><G65/><T128/><D128/><U101/><E47/><V89/><F89/><W126/><G126/><T44/><D44/><U28/><E80/><V32/><F125/><W46/><G46/><T88/><REACH who="0" step="1"/><D93/><REACH who="0" ten="283,265,258,164" step="2"/><U127/><E127/><V71/><F32/><W8/><AGARI ba="1,3" hai="8,15,18,52,58,60,62,66,69,79,81,85,118,119" machi="8" ten="20,8000,1" yaku="1,1,0,1,7,1,54,1,53,1" doraHai="23" doraHaiUra="82" who="3" fromWho="3" sc="283,-41,265,-21,258,-21,164,113" /><INIT seed="5,0,0,2,0,124" ten="242,244,237,277" oya="1" hai0="55,77,33,86,102,63,51,13,49,56,67,44,115" hai1="84,103,66,61,100,92,29,19,58,27,74,17,96" hai2="20,95,8,39,97,114,80,57,120,93,62,135,111" hai3="87,11,128,60,117,104,131,121,133,9,15,130,5"/><U127/><E127/><V82/><F120/><W99/><G121/><T78/><D33/><U94/><E74/><V116/><F116/><W30/><G117/><T72/><D72/><U52/><E66/><V122/><F122/><W36/><G36/><T108/><D108/><U26/><E26/><V69/><F69/><W54/><G133/><T79/><D115/><U4/><E4/><V25/><F39/><W132/><G132/><T113/><D113/><U16/><E84/><V91/><F111/><W14/><G30/><T81/><D102/><U76/><E76/><V41/><F41/><W46/><G87/><T110/><D110/><U53/><E53/><V71/><F71/><W109/><G109/><T64/><D64/><U98/><E19/><V126/><F126/><W129/><G129/><T112/><D112/><U118/><E118/><V125/><F125/><W47/><G104/><T42/><REACH who="0" step="1"/><D13/><REACH who="0" ten="232,244,237,277" step="2"/><U105/><E105/><V68/><F114/><W6/><G99/><T123/><D123/><U75/><E75/><V3/><F135/><W40/><G40/><T89/><D89/><U7/><E7/><N who="2" m="1151" /><F91/><W12/><G12/><T45/><AGARI ba="0,1" hai="42,44,45,49,51,55,56,63,67,77,78,79,81,86" machi="45" ten="20,5200,0" yaku="1,1,0,1,7,1,8,1,53,0" doraHai="124" doraHaiUra="85" who="0" fromWho="0" sc="232,62,244,-26,237,-13,277,-13" /><INIT seed="6,0,0,2,3,30" ten="294,218,224,264" oya="2" hai0="31,123,94,61,71,91,98,124,50,18,133,86,41" hai1="14,20,69,118,64,115,102,117,24,88,52,9,43" hai2="79,84,105,8,13,99,108,5,45,80,2,83,15" hai3="0,100,92,65,85,66,25,63,76,116,26,59,35"/><V56/><F108/><W97/><G116/><T120/><D31/><U109/><E43/><V107/><F56/><W87/><G0/><T3/><D3/><U47/><E109/><V112/><F112/><W55/><G26/><T77/><D71/><U129/><E129/><V58/><F58/><W36/><G36/><T132/><D61/><U89/><E115/><V27/><F27/><W16/><G76/><T29/><D18/><U40/><E102/><V37/><F83/><W46/><G35/><T23/><D23/><U125/><E125/><V113/><F113/><W60/><G66/><T62/><D29/><U126/><E126/><V51/><F37/><W57/><G46/><N who="0" m="25935" /><D62/><N who="1" m="40087" /><E52/><V114/><F114/><W34/><G34/><T90/><D77/><U70/><E70/><V135/><F51/><W48/><G48/><T6/><D6/><N who="1" m="3383" /><E118/><V78/><F45/><W19/><G19/><T11/><D11/><U68/><E68/><V101/><F79/><W38/><G38/><T44/><D44/><U42/><E42/><V93/><F107/><W111/><G111/><T54/><D54/><U130/><E117/><V12/><REACH who="2" step="1"/><F105/><REACH who="2" ten="294,218,214,264" step="2"/><W7/><G7/><T121/><D124/><U28/><E130/><V119/><F119/><W1/><G1/><T75/><D123/><U21/><E47/><V33/><F33/><W127/><G127/><T96/><D121/><U82/><E40/><V103/><F103/><W39/><G39/><T131/><D120/><U22/><E82/><V134/><AGARI ba="0,1" hai="2,5,8,12,13,15,78,80,84,93,99,101,134,135" machi="134" ten="30,6000,0" yaku="1,1,0,1,53,1" doraHai="30" doraHaiUra="74" who="2" fromWho="2" sc="294,-20,218,-20,214,70,264,-20" /><INIT seed="6,1,0,3,2,109" ten="274,198,284,244" oya="2" hai0="124,65,69,79,26,64,34,100,87,110,72,14,47" hai1="73,133,31,129,43,55,3,135,25,67,16,126,12" hai2="57,5,46,88,99,90,74,123,24,101,122,93,50" hai3="128,20,116,17,37,113,86,22,0,78,127,38,39"/><V30/><F74/><W61/><G116/><T23/><D72/><U6/><E73/><V11/><F57/><W80/><G0/><T77/><D110/><U1/><E126/><V89/><F50/><W49/><G127/><T54/><D69/><U8/><E67/><V32/><REACH who="2" step="1"/><F46/><REACH who="2" ten="274,198,274,244" step="2"/><W53/><G128/><T44/><D44/><U115/><E129/><V36/><F36/><W107/><G61/><T2/><D47/><U41/><E55/><V97/><F97/><W96/><G96/><T52/><D52/><U117/><E43/><V45/><F45/><W120/><G120/><T13/><D54/><U19/><E41/><V118/><F118/><W106/><G53/><T10/><D124/><U9/><E117/><V42/><F42/><W82/><G49/><T84/><D65/><U71/><E71/><V119/><F119/><W58/><G58/><T132/><D64/><U103/><E115/><V62/><F62/><W94/><G39/><T134/><D134/><N who="1" m="51211" /><E103/><V56/><F56/><W114/><G37/><T51/><D100/><U70/><E70/><V21/><F21/><W92/><G38/><T131/><D132/><U98/><E98/><V35/><F35/><W104/><G22/><T121/><D34/><N who="1" m="20847" /><E9/><V83/><F83/><W91/><G20/><T29/><D121/><U108/><E108/><V4/><F4/><W111/><G111/><T95/><D131/><U130/><E130/><V68/><F68/><W63/><G63/><T7/><D51/><U75/><E75/><V18/><F18/><AGARI ba="1,1" hai="1,3,6,8,12,16,18,19" m="20847,51211" machi="18" ten="30,7700,0" yaku="20,1,34,2,54,1" doraHai="109" who="1" fromWho="2" sc="274,0,198,90,274,-80,244,0" /><INIT seed="7,0,0,5,5,133" ten="274,288,194,244" oya="3" hai0="68,129,11,65,91,62,36,19,74,58,10,66,100" hai1="88,77,37,21,46,34,12,50,17,20,60,97,14" hai2="24,110,42,103,31,70,86,29,48,80,90,76,87" hai3="47,3,132,15,71,92,56,81,95,107,101,72,134"/><W67/><G3/><T5/><D36/><U79/><E37/><V124/><F70/><W85/><G71/><T104/><D74/><U116/><E34/><V114/><F110/><W32/><G32/><T8/><D129/><U61/><E116/><V43/><F114/><W7/><G72/><T2/><D104/><U128/><E128/><V108/><F108/><W41/><G107/><T53/><D100/><U118/><E118/><V78/><F103/><W23/><G101/><T93/><D68/><U117/><E117/><V135/><F135/><N who="3" m="51755" /><G67/><T98/><D2/><U73/><E73/><V9/><F124/><W55/><G7/><T64/><D5/><U44/><E44/><V45/><F9/><W39/><G15/><AGARI ba="0,0" hai="8,10,11,15,19,53,58,62,64,65,66,91,93,98" machi="15" ten="40,1300,0" yaku="8,1" doraHai="133" who="0" fromWho="3" sc="274,13,288,0,194,0,244,-13" /><INIT seed="8,0,0,1,2,5" ten="287,288,194,231" oya="0" hai0="119,108,74,38,132,105,32,126,60,6,135,131,79" hai1="62,35,77,84,75,89,113,124,71,37,117,130,9" hai2="118,109,101,13,129,7,48,70,11,44,64,103,69" hai3="42,80,19,66,115,111,125,86,67,76,55,33,41"/><T54/><RYUUKYOKU type="yao9" ba="0,0" sc="287,0,288,0,194,0,231,0" hai0="6,32,38,54,60,74,79,105,108,119,126,131,132,135" /><INIT seed="8,1,0,0,2,95" ten="287,288,194,231" oya="0" hai0="107,7,45,80,43,115,41,135,6,76,114,8,127" hai1="35,0,99,106,42,69,128,81,65,37,73,113,75" hai2="16,132,30,20,19,131,22,119,85,94,126,79,130" hai3="55,64,32,23,66,86,3,36,92,67,97,50,89"/><T27/><D107/><U38/><E113/><V17/><F126/><W57/><G32/><T54/><D127/><U101/><E128/><N who="2" m="49195" /><F132/><W21/><G3/><T56/><D135/><U134/><E134/><V34/><F119/><W133/><G36/><N who="1" m="13930" /><E42/><V105/><F105/><W28/><G133/><T100/><D100/><U13/><E13/><V87/><F79/><W78/><REACH who="3" step="1"/><G28/><REACH who="3" ten="287,288,194,221" step="2"/><T48/><D114/><U24/><E0/><V129/><F129/><W62/><G62/><T5/><D115/><U29/><E81/><AGARI ba="1,1" hai="21,23,50,55,57,64,66,67,78,81,86,89,92,97" machi="81" ten="40,5200,0" yaku="1,1,8,1,52,1,53,0" doraHai="95" doraHaiUra="102" who="3" fromWho="1" sc="287,0,288,-55,194,0,221,65" /><INIT seed="9,0,0,0,5,18" ten="287,233,194,286" oya="1" hai0="45,103,101,59,40,49,87,21,96,122,6,2,63" hai1="78,100,97,8,61,74,99,108,126,72,112,34,67" hai2="92,121,58,127,47,17,20,30,39,23,110,35,12" hai3="31,51,41,84,54,25,15,27,95,116,93,132,81"/><U53/><E112/><V48/><F121/><W13/><G116/><T9/><D122/><U5/><E126/><V119/><F110/><W33/><G132/><T86/><D21/><N who="2" m="8266" /><F39/><W68/><G68/><T83/><D96/><U70/><E34/><V117/><F35/><W109/><G109/><T36/><D36/><U7/><E108/><V14/><F127/><W65/><G65/><T19/><D19/><U3/><E78/><V11/><F30/><W124/><G41/><T130/><D130/><U0/><E99/><V56/><F92/><N who="3" m="35403" /><G31/><T105/><D105/><N who="1" m="63631" /><E53/><N who="2" m="29855" /><F14/><N who="3" m="5131" /><G33/><T79/><D86/><U98/><E98/><V106/><F106/><W90/><G124/><T24/><D24/><U123/><E123/><V85/><F85/><W28/><G28/><T91/><D79/><U76/><E76/><V133/><F133/><W64/><G64/><AGARI ba="0,0" hai="2,6,9,40,45,49,59,63,64,83,87,91,101,103" machi="64" ten="30,1000,0" yaku="7,1" doraHai="18" who="0" fromWho="3" sc="287,10,233,0,194,0,286,-10" /><INIT seed="10,0,0,5,4,113" ten="297,233,194,276" oya="2" hai0="75,98,55,44,1,64,61,84,132,131,68,19,95" hai1="65,83,66,51,129,12,13,43,59,108,45,111,26" hai2="14,110,107,99,62,101,126,22,77,20,97,31,27" hai3="134,112,123,29,80,120,60,79,87,114,5,9,58"/><V130/><F130/><W67/><G29/><T81/><D75/><U115/><E115/><N who="3" m="44074" /><G134/><T121/><D121/><U70/><E129/><V18/><F126/><W46/><G46/><T119/><D1/><AGARI ba="0,0" hai="1,5,9,58,60,67,79,80,87,120,123" m="44074" machi="1" ten="30,1000,0" yaku="11,1" doraHai="113" who="3" fromWho="0" sc="297,-10,233,0,194,0,276,10" /><INIT seed="11,0,0,0,2,124" ten="287,233,194,286" oya="3" hai0="120,64,63,56,66,0,51,59,116,78,43,40,90" hai1="101,115,83,45,72,55,35,67,3,134,58,11,86" hai2="65,21,95,13,87,32,103,61,70,130,41,30,119" hai3="118,33,49,8,129,132,91,102,128,71,69,50,52"/><W112/><G118/><T79/><D0/><U76/><E134/><V12/><F119/><W92/><G33/><T10/><D120/><U54/><E115/><V88/><F32/><W22/><G132/><T73/><D73/><U122/><E122/><V24/><F130/><N who="3" m="50283" /><G112/><T60/><D116/><U18/><E35/><V74/><F74/><W107/><G49/><T6/><D6/><U31/><E31/><V5/><F41/><N who="0" m="15946" /><D10/><U29/><E29/><V1/><REACH who="2" step="1"/><F103/><REACH who="2" ten="287,233,184,286" step="2"/><W57/><G8/><AGARI ba="0,1" hai="1,5,8,12,13,21,24,30,61,65,70,87,88,95" machi="8" ten="40,5200,0" yaku="1,1,2,1,54,1,53,0" doraHai="124" doraHaiUra="126" who="2" fromWho="3" sc="287,0,233,0,184,62,286,-52" owari="287,39.0,233,-27.0,246,5.0,234,-17.0" /></mjloggm>