<mjloggm ver="2.3"><GO type="169" lobby="0"/><UN n0="%E3%83%AD%E3%83%90%E3%83%BC%E3%83%88%E3%83%BB%E3%83%AD%E3%83%BC%E3%82%BA" n1="%E8%A3%8F%E6%A0%97%E6%8B%BE%E3%81%84" n2="%E3%83%88%E3%83%88%E3%83%AA%E5%85%88%E7%94%9F%31%39%E6%AD%B3" n3="%E6%99%B4%E3%82%8C%E3%81%AE%E3%81%A1%E6%A1%9C" dan="16,16,19,16" rate="2078.82,2094.37,2271.69,2100.30" sx="M,M,F,M"/><TAIKYOKU oya="0"/><INIT seed="0,0,0,3,2,113" ten="250,250,250,250" oya="0" hai0="125,20,15,70,1,84,126,6,133,52,116,85,99" hai1="124,96,64,16,21,56,98,10,65,17,135,35,114" hai2="11,58,45,109,23,95,81,87,14,39,44,71,83" hai3="42,4,53,3,111,72,79,69,7,123,62,128,12"/><T46/><D70/><U33/><E135/><V97/><F71/><W54/><G111/><T132/><D1/><U50/><E124/><N who="0" m="47721" /><D116/><U8/><E50/><V100/><F109/><W110/><G110/><T130/><D99/><U30/><E56/><V27/><F58/><W73/><G42/><T127/><D127/><U37/><E37/><V86/><F39/><W91/><G3/><T26/><D15/><U49/><E49/><V77/><F23/><W105/><G105/><T28/><D6/><U40/><E40/><V5/><REACH who="2" step="1"/><F27/><REACH who="2" ten="250,250,240,250" step="2"/><W18/><G69/><T66/><D66/><U108/><E21/><V93/><F93/><W29/><G29/><T22/><D20/><U115/><E108/><V48/><F48/><W25/><G25/><T88/><D130/><U89/><E89/><AGARI ba="0,1" hai="5,11,14,44,45,77,81,83,86,87,89,95,97,100" machi="89" ten="30,3900,0" yaku="1,1,7,1,8,1,53,0" doraHai="113" doraHaiUra="119" who="2" fromWho="1" sc="250,0,250,-39,240,49,250,0" /><INIT seed="1,0,0,3,5,117" ten="250,211,289,250" oya="1" hai0="57,89,19,51,96,60,48,1,63,116,75,47,28" hai1="120,41,86,44,81,26,43,111,78,102,9,46,103" hai2="130,59,61,32,3,114,108,36,0,53,66,30,92" hai3="80,100,31,50,122,16,132,91,13,35,90,68,88"/><U7/><E120/><V84/><F36/><W110/><G68/><T38/><D75/><U85/><E111/><V58/><F108/><W21/><G110/><T79/><D1/><U40/><E26/><V134/><F130/><W45/><G122/><T98/><D38/><U125/><E125/><V121/><F121/><W14/><G132/><T128/><D116/><U115/><E115/><V95/><F134/><W27/><G100/><T56/><D79/><U77/><E9/><V69/><F114/><W39/><G39/><T6/><D6/><U29/><E29/><V10/><F69/><W65/><G65/><N who="0" m="39047" /><D28/><U5/><REACH who="1" step="1"/><E41/><REACH who="1" ten="250,201,289,250" step="2"/><V18/><F30/><W8/><G35/><T82/><D128/><U105/><E105/><V74/><F10/><W49/><G31/><T54/><D19/><U67/><E67/><V64/><F18/><W119/><G119/><T124/><D124/><U133/><E133/><V23/><F32/><W83/><G8/><T34/><D34/><U24/><E24/><V11/><F11/><W20/><G20/><T99/><D47/><U107/><E107/><V106/><F106/><W25/><G25/><T2/><D2/><U15/><E15/><N who="3" m="5642" /><G45/><T93/><D82/><AGARI ba="0,1" hai="5,7,40,43,44,46,77,78,81,82,85,86,102,103" machi="82" ten="25,9600,0" yaku="1,1,22,2,8,1,53,0" doraHai="117" doraHaiUra="101" who="1" fromWho="0" sc="250,-96,201,106,289,0,250,0" /><AGARI ba="0,0" hai="16,21,27,49,50,80,82,83,88,90,91" m="5642" machi="82" ten="30,3900,0" yaku="8,1,54,2" doraHai="117" who="3" fromWho="0" sc="154,-39,307,0,289,0,250,39" /><INIT seed="1,1,0,3,4,117" ten="115,307,289,289" oya="1" hai0="100,34,102,113,118,66,92,123,77,19,135,29,76" hai1="120,13,38,72,79,130,57,128,110,6,108,65,78" hai2="82,51,12,133,85,52,54,88,94,35,84,81,99" hai3="27,114,44,47,18,106,124,134,115,1,98,56,97"/><U111/><E38/><V101/><F35/><W75/><G1/><T36/><D113/><U109/><N who="1" m="28160" /><DORA hai="71" /><U24/><E24/><V0/><F0/><W129/><G75/><T107/><D107/><U10/><E120/><V89/><F133/><W63/><G134/><T86/><D36/><U122/><E122/><V53/><REACH who="2" step="1"/><F12/><REACH who="2" ten="115,307,279,289" step="2"/><W9/><G115/><T33/><D135/><U62/><REACH who="1" step="1"/><E72/><REACH who="1" ten="115,297,279,289" step="2"/><V39/><F39/><W61/><G114/><T15/><D123/><U121/><E121/><V132/><F132/><W55/><G27/><T104/><D118/><U116/><E116/><V17/><F17/><W43/><G18/><T26/><D19/><U96/><E96/><V14/><F14/><W74/><G98/><T4/><D15/><U126/><E126/><V95/><F95/><W64/><G124/><T73/><D92/><U37/><E37/><V40/><F40/><W31/><G74/><T127/><D127/><U20/><E20/><V45/><AGARI ba="1,2" hai="45,51,52,53,54,81,82,84,85,88,89,94,99,101" machi="45" ten="20,12000,2" yaku="1,1,0,1,7,1,9,1,8,1,54,2,53,0" doraHai="117,71" doraHaiUra="58,69" who="2" fromWho="2" sc="115,-31,297,-61,279,143,289,-31" /><INIT seed="2,0,0,0,1,116" ten="84,236,422,258" oya="2" hai0="91,58,87,26,132,83,33,49,115,3,123,74,88" hai1="130,79,127,76,22,30,31,23,56,119,89,15,63" hai2="67,25,59,117,35,20,85,2,62,39,86,10,42" hai3="94,128,12,122,53,96,0,54,113,111,36,27,51"/><V90/><F117/><W133/><G0/><T92/><D115/><U69/><E119/><V121/><F35/><W46/><G122/><T13/><D3/><U61/><E69/><V112/><F112/><W82/><G113/><T52/><D123/><U16/><E130/><V47/><F121/><W29/><G128/><T40/><D132/><U21/><E127/><V45/><F90/><W100/><G133/><T125/><D125/><U129/><E129/><V28/><REACH who="2" step="1"/><F47/><REACH who="2" ten="84,236,412,258" step="2"/><W103/><G46/><T118/><D118/><U44/><E44/><V55/><F55/><W81/><G54/><T134/><D134/><U124/><E124/><V14/><F14/><W73/><G12/><T68/><D13/><U80/><E89/><V78/><F78/><W98/><G53/><T95/><D40/><U17/><E76/><V84/><F84/><W57/><G100/><T34/><D74/><U120/><E120/><V110/><F110/><W104/><G103/><T106/><D91/><U60/><E22/><V65/><F65/><W126/><G111/><T37/><D33/><U97/><E97/><V32/><F32/><W93/><G73/><T41/><D34/><U107/><E21/><V71/><F71/><W135/><G135/><T8/><D68/><U108/><E23/><V18/><F18/><W131/><G98/><T38/><D41/><U11/><E17/><V24/><F24/><W50/><G96/><T101/><D26/><U70/><E70/><V72/><F72/><W105/><G27/><T77/><D77/><U48/><E108/><V66/><F66/><W43/><G126/><RYUUKYOKU ba="0,1" sc="84,-10,236,-10,412,30,258,-10" hai2="2,10,20,25,28,39,42,45,59,62,67,85,86" /><INIT seed="2,1,1,4,1,0" ten="74,226,442,248" oya="2" hai0="15,52,81,28,102,23,105,67,35,12,98,16,2" hai1="119,127,7,42,99,96,22,13,40,63,4,27,74" hai2="61,45,129,134,83,29,88,70,5,31,50,59,116" hai3="124,121,101,64,85,1,25,132,48,66,79,135,32"/><V82/><F116/><W123/><G1/><T14/><D67/><N who="3" m="25641" /><G101/><T24/><D81/><U65/><E119/><V69/><F129/><W37/><G37/><T90/><D90/><U113/><E113/><V133/><F59/><W75/><G75/><T6/><D52/><U117/><E74/><V54/><F61/><W17/><G48/><T26/><REACH who="0" step="1"/><D2/><REACH who="0" ten="64,226,442,248" step="2"/><U107/><E117/><V60/><F82/><W93/><G79/><T47/><D47/><U39/><E65/><V87/><F60/><W55/><G55/><T8/><AGARI ba="1,2" hai="6,8,12,14,15,16,23,24,26,28,35,98,102,105" machi="8" ten="30,7900,0" yaku="1,1,0,1,52,1,54,1,53,0" doraHai="0" doraHaiUra="77" who="0" fromWho="0" sc="64,102,226,-21,442,-40,248,-21" /><INIT seed="3,0,0,4,0,12" ten="166,205,402,227" oya="3" hai0="2,121,112,50,51,29,60,130,98,71,46,56,105" hai1="108,54,89,27,61,42,73,92,40,62,111,77,97" hai2="86,15,85,90,83,134,10,110,114,131,93,101,125" hai3="116,68,107,65,80,17,96,3,133,43,78,55,120"/><W44/><G120/><T23/><D2/><U36/><E77/><V113/><F110/><N who="1" m="42025" /><E73/><V76/><F131/><W84/><G116/><T26/><D121/><U25/><E61/><V52/><F134/><W100/><G3/><T132/><D132/><U72/><E72/><V34/><F34/><W88/><G133/><T37/><D130/><U49/><E36/><V41/><F125/><W119/><G119/><T8/><D71/><U117/><E62/><V35/><F35/><W63/><G55/><T5/><D112/><U106/><E106/><V69/><F69/><W102/><G102/><T91/><D37/><U128/><E128/><V104/><F41/><N who="1" m="15977" /><E117/><V30/><F30/><W21/><G43/><T129/><D46/><AGARI ba="0,0" hai="25,27,46,49,54,89,92,97" m="15977,42025" machi="46" ten="30,1000,0" yaku="14,1" doraHai="12" who="1" fromWho="0" sc="166,-10,205,10,402,0,227,0" /><INIT seed="4,0,0,3,4,96" ten="156,215,402,227" oya="0" hai0="54,71,55,124,53,63,107,30,84,60,6,37,91" hai1="87,18,13,1,44,94,134,121,48,98,12,97,109" hai2="42,73,39,11,103,128,72,45,132,95,92,20,81" hai3="50,22,99,10,108,23,101,130,83,16,104,69,43"/><T126/><D37/><U110/><E1/><V26/><F128/><W17/><G108/><T68/><D107/><U77/><E121/><V8/><F132/><W85/><G69/><N who="0" m="26699" /><D6/><U65/><E134/><V34/><F34/><W28/><G130/><T31/><D84/><U46/><E65/><V0/><F103/><W58/><G28/><N who="0" m="10795" /><D91/><U66/><E66/><V86/><F86/><W64/><G10/><T123/><D123/><U89/><E109/><V15/><F11/><W67/><G17/><T102/><D102/><U125/><E110/><V61/><F61/><AGARI ba="0,0" hai="53,54,55,60,61,63,124,126" m="10795,26699" machi="61" ten="40,3900,0" yaku="28,2" doraHai="96" who="0" fromWho="2" sc="156,39,215,0,402,-39,227,0" /><INIT seed="4,1,0,1,4,5" ten="195,215,363,227" oya="0" hai0="32,59,74,15,4,40,23,57,88,33,89,51,47" hai1="13,53,28,63,73,113,133,45,43,131,21,116,106" hai2="17,114,9,130,119,99,50,29,0,112,52,83,55" hai3="3,79,127,93,87,11,58,34,72,108,91,56,134"/><T65/><D74/><U101/><E116/><V118/><F130/><W35/><G108/><T46/><D32/><U120/><E120/><V71/><F71/><W39/><G127/><T111/><D33/><U64/><E73/><V97/><F29/><W128/><G128/><T102/><D111/><U86/><E131/><V103/><F83/><W1/><G1/><T81/><D102/><U61/><E133/><V44/><F55/><W96/><G134/><T10/><D65/><U26/><E113/><N who="2" m="43627" /><F97/><W109/><G109/><T94/><D23/><U69/><E86/><V7/><F17/><W54/><G39/><T68/><D68/><U90/><E90/><V31/><F31/><W49/><G72/><T80/><D47/><U48/><E13/><V36/><F36/><W76/><G58/><N who="0" m="22027" /><D89/><U100/><E106/><AGARI ba="1,0" hai="0,7,9,44,50,52,99,103,106,118,119" m="43627" machi="106" ten="30,3900,0" yaku="15,1,52,1,54,1" doraHai="5" who="2" fromWho="1" sc="195,0,215,-42,363,42,227,0" /><INIT seed="5,0,0,1,3,10" ten="195,173,405,227" oya="1" hai0="74,100,64,65,78,43,117,11,91,121,60,39,22" hai1="58,96,128,81,104,79,111,118,54,9,93,50,134" hai2="94,32,135,55,3,70,115,35,4,129,34,21,106" hai3="45,36,31,82,12,49,132,24,26,52,57,123,15"/><U47/><E118/><V44/><F106/><W14/><G123/><T16/><D117/><U38/><E128/><V51/><F70/><W23/><G132/><T72/><D121/><U80/><E134/><V133/><F129/><W13/><N who="3" m="3072" /><DORA hai="41" /><W126/><G126/><T120/><D120/><U108/><E104/><V18/><F115/><W98/><G26/><T119/><D11/><U90/><E9/><V17/><F4/><W101/><G82/><T124/><D100/><U48/><E38/><V76/><F3/><W99/><G101/><T77/><D119/><U69/><E69/><V107/><F107/><W19/><G31/><T6/><D43/><U112/><E112/><V40/><F76/><W130/><G130/><T25/><D60/><U67/><E67/><V97/><F21/><W37/><G37/><T71/><D22/><U66/><E66/><V113/><F113/><W87/><G87/><T102/><D102/><U28/><E28/><V122/><F122/><W29/><G29/><T63/><D39/><U114/><E114/><V8/><F8/><W61/><G36/><T86/><D86/><U110/><E79/><V62/><F135/><W88/><G88/><T109/><D91/><U42/><AGARI ba="0,0" hai="42,47,48,50,54,58,80,81,90,93,96,108,110,111" machi="42" ten="30,6000,0" yaku="0,1,10,1,52,1" doraHai="10,41" who="1" fromWho="1" sc="195,-20,173,60,405,-20,227,-20" /><INIT seed="5,1,0,0,5,4" ten="175,233,385,207" oya="1" hai0="20,76,59,111,53,33,62,17,28,110,66,7,61" hai1="64,106,45,124,98,54,135,121,67,52,87,131,104" hai2="0,1,130,120,103,112,94,43,21,81,82,63,89" hai3="100,108,55,10,92,75,46,30,116,11,105,134,12"/><U27/><E121/><V114/><F120/><W48/><G105/><T8/><D76/><U129/><E98/><V70/><F103/><W34/><G75/><T44/><D33/><U68/><E87/><N who="2" m="52543" /><F43/><W73/><G73/><T107/><D28/><U9/><E68/><V128/><F21/><W74/><G74/><T2/><D107/><N who="1" m="41003" /><E27/><V23/><F23/><W32/><G32/><T95/><D95/><U42/><E42/><V58/><F70/><W93/><G108/><T117/><D117/><U57/><E45/><V41/><F0/><W22/><G34/><T122/><D122/><U80/><E80/><N who="2" m="30827" /><F41/><W118/><G100/><T99/><D99/><U84/><E84/><V13/><F1/><W125/><G93/><T133/><D133/><U97/><E97/><V77/><F13/><W79/><G134/><T37/><D37/><U29/><E29/><V39/><F39/><W56/><G92/><T38/><D38/><U115/><E135/><V132/><F77/><W36/><G79/><T123/><D123/><U96/><E96/><V69/><F69/><W119/><G30/><T71/><REACH who="0" step="1"/><D44/><REACH who="0" ten="165,233,385,207" step="2"/><U25/><E129/><V35/><F35/><W14/><G36/><T40/><D40/><U15/><E131/><V50/><F132/><W24/><G46/><T88/><D88/><U6/><E115/><V16/><F130/><W91/><G91/><T90/><D90/><U51/><E124/><V65/><F128/><W78/><G125/><T49/><D49/><N who="1" m="30863" /><E25/><AGARI ba="1,1" hai="2,7,8,17,20,25,53,59,61,62,66,71,110,111" machi="25" ten="30,7700,0" yaku="1,1,7,1,52,1,53,1" doraHai="4" doraHaiUra="19" who="0" fromWho="1" sc="165,90,233,-80,385,0,207,0" /><INIT seed="6,0,0,0,4,78" ten="255,153,385,207" oya="2" hai0="120,108,90,24,51,116,121,81,86,10,79,37,9" hai1="126,123,33,109,124,3,60,100,36,132,75,113,95" hai2="119,104,67,52,69,130,63,2,115,88,43,99,42" hai3="101,48,38,41,135,103,25,71,64,5,125,62,44"/><V117/><F2/><W47/><G135/><T35/><D37/><U89/><E60/><V129/><F104/><W11/><G125/><T61/><D108/><U20/><E89/><V14/><F14/><W74/><G25/><T93/><D61/><U68/><E20/><V98/><F98/><W122/><G74/><T12/><D116/><N who="2" m="44618" /><F99/><W50/><G122/><T19/><D51/><U77/><E95/><V111/><F111/><W7/><G38/><T45/><D45/><U118/><E77/><V134/><F134/><W76/><G76/><T83/><D9/><U128/><E100/><V13/><F13/><W91/><G91/><T127/><D127/><U65/><E65/><V84/><F115/><W57/><G71/><T21/><D35/><U8/><E8/><V96/><F96/><W102/><REACH who="3" step="1"/><G11/><REACH who="3" ten="255,153,385,197" step="2"/><T80/><REACH who="0" step="1"/><D79/><REACH who="0" ten="245,153,385,197" step="2"/><U55/><E55/><AGARI ba="0,2" hai="5,7,41,44,47,48,50,55,57,62,64,101,102,103" machi="55" ten="40,5200,0" yaku="1,1,2,1,8,1,53,0" doraHai="78" doraHaiUra="66" who="3" fromWho="1" sc="245,0,153,-52,385,0,197,72" /><INIT seed="7,0,0,4,1,131" ten="245,101,385,269" oya="3" hai0="106,96,47,108,110,119,56,5,113,73,24,29,83" hai1="31,122,9,58,65,25,64,99,21,112,125,114,74" hai2="36,94,59,97,102,120,95,71,101,77,1,35,30" hai3="128,117,100,123,18,17,4,92,103,43,105,75,45"/><W66/><G123/><T80/><D119/><U134/><E122/><V135/><F120/><W84/><G117/><T15/><D56/><U88/><E74/><V127/><F71/><W40/><G75/><T81/><D73/><U133/><E9/><V16/><F36/><W70/><G128/><T126/><D126/><U124/><E58/><V48/><F1/><W107/><G4/><T38/><D5/><U13/><E13/><V20/><F127/><N who="1" m="48713" /><E99/><V10/><F77/><W60/><G84/><T121/><D121/><U2/><E2/><V28/><F35/><W86/><G86/><T52/><D15/><U26/><E88/><V54/><F10/><W130/><G130/><T8/><D38/><U42/><E42/><V87/><F101/><W62/><G45/><T78/><D78/><U132/><E26/><V14/><F95/><W46/><G46/><T23/><D8/><U3/><E3/><V34/><F87/><W0/><G0/><T93/><D93/><U82/><E82/><V79/><F79/><W6/><G92/><T76/><D76/><U69/><E69/><V32/><F102/><W61/><G6/><T53/><D83/><U57/><E57/><V22/><F97/><N who="3" m="61583" /><G43/><T111/><D81/><U115/><AGARI ba="0,0" hai="21,25,31,64,65,112,114,115,132,133,134" m="48713" machi="115" ten="50,12000,2" yaku="15,1,20,1,18,1,52,3" doraHai="131" who="1" fromWho="1" sc="245,-30,101,120,385,-30,269,-60" owari="215,-18.0,221,2.0,355,45.0,209,-29.0" /></mjloggm>