<mjloggm ver="2.3"><GO type="169" lobby="0"/><UN n0="%70%6F%6E%5F%6B%61%73%75" n1="%E3%83%88%E3%83%88%E3%83%AA%E5%85%88%E7%94%9F%31%39%E6%AD%B3" n2="%6C%65%6F%31%36%30" n3="%E3%83%AB%E3%83%AB%E5%8F%82%E4%B8%8A" dan="17,19,16,16" rate="2140.40,2264.59,2070.24,2099.12" sx="M,F,M,F"/><TAIKYOKU oya="0"/><INIT seed="0,0,0,5,1,58" ten="250,250,250,250" oya="0" hai0="82,98,22,0,4,14,88,31,59,114,72,96,30" hai1="120,12,81,23,110,102,103,132,101,18,109,104,48" hai2="127,65,52,117,92,9,135,85,133,79,90,53,115" hai3="27,39,55,32,111,95,122,16,121,107,5,1,80"/><T124/><D124/><U62/><E120/><V46/><F115/><W131/><G107/><T56/><D114/><U64/><E132/><N who="2" m="50763" /><F127/><W29/><G39/><T36/><D36/><U75/><E104/><V77/><F65/><W6/><G80/><T134/><D0/><U34/><E34/><V129/><F129/><W68/><G68/><T69/><D69/><U71/><REACH who="1" step="1"/><E48/><REACH who="1" ten="250,240,250,250" step="2"/><V28/><F117/><W112/><G131/><T89/><D134/><U44/><E44/><V40/><F46/><W108/><G112/><T42/><D42/><U8/><E8/><V33/><F40/><W43/><G43/><T11/><D22/><U21/><E21/><V47/><F9/><W83/><G121/><T84/><D72/><U19/><E19/><V2/><F47/><W51/><G122/><T99/><REACH who="0" step="1"/><D89/><REACH who="0" ten="240,240,250,250" step="2"/><U130/><E130/><V50/><F90/><W93/><G32/><T20/><D20/><U106/><E106/><V26/><F33/><W7/><G1/><T13/><D13/><U97/><E97/><V54/><F2/><W73/><G73/><T15/><D15/><U61/><E61/><V119/><F119/><W123/><G123/><T70/><D70/><U49/><E49/><V78/><F50/><W74/><G74/><T25/><D25/><U66/><E66/><V37/><F37/><W94/><G27/><T126/><D126/><U116/><E116/><V3/><F3/><W100/><G51/><T57/><AGARI ba="0,2" hai="4,11,14,30,31,56,57,59,82,84,88,96,98,99" machi="57" ten="30,11700,0" yaku="1,1,0,1,8,1,54,1,53,0" doraHai="58" doraHaiUra="105" who="0" fromWho="0" sc="240,137,240,-39,250,-39,250,-39" /><INIT seed="0,1,0,0,3,67" ten="377,201,211,211" oya="0" hai0="98,91,53,25,9,77,4,45,8,30,87,66,110" hai1="118,0,133,86,129,29,2,70,28,120,43,109,111" hai2="64,11,83,130,84,100,101,75,73,95,24,90,102" hai3="38,131,116,72,47,50,26,97,33,92,125,61,34"/><T105/><D110/><N who="1" m="41995" /><E43/><V85/><F64/><W108/><G108/><T96/><D77/><U124/><E86/><N who="2" m="52695" /><F24/><W37/><G116/><T104/><D105/><U6/><E118/><V20/><F20/><W74/><G38/><T128/><D104/><U39/><E39/><V107/><F11/><W106/><G37/><T52/><D66/><U13/><E70/><V93/><F130/><W31/><G34/><T103/><D128/><U57/><E57/><V65/><F65/><W51/><G106/><T82/><D103/><U121/><E133/><V123/><F123/><N who="1" m="47177" /><E124/><V21/><F21/><W71/><G125/><T23/><D8/><N who="1" m="4247" /><E129/><V112/><F107/><W5/><G71/><T81/><D82/><U132/><E132/><V40/><F40/><W27/><G131/><T89/><D45/><U115/><E115/><V79/><F112/><W126/><G126/><T80/><D80/><U119/><E119/><V18/><F18/><W12/><G72/><N who="2" m="27721" /><F85/><W14/><G74/><T55/><D53/><U1/><AGARI ba="1,0" hai="0,1,2,28,29" m="4247,47177,41995" machi="1" ten="40,5200,0" yaku="14,1,34,2" doraHai="67" who="1" fromWho="1" sc="377,-27,201,55,211,-14,211,-14" /><INIT seed="1,0,0,5,2,18" ten="350,256,197,197" oya="1" hai0="37,80,88,59,115,122,56,35,73,27,127,112,24" hai1="86,106,128,94,93,49,23,79,113,50,25,100,6" hai2="46,40,131,111,68,82,123,43,69,132,4,16,87" hai3="42,13,66,85,45,36,72,33,53,60,92,105,76"/><U129/><E113/><V116/><F123/><W124/><G33/><T96/><D37/><U5/><E106/><V14/><F116/><W32/><G32/><T134/><D35/><U75/><E75/><V102/><F111/><W26/><G105/><T74/><D96/><N who="1" m="59415" /><E129/><V108/><F108/><W9/><G124/><T11/><D127/><U10/><E10/><V28/><F131/><W15/><G72/><T38/><D38/><U97/><E86/><V39/><F102/><W2/><G2/><T95/><D11/><U130/><E79/><V41/><F132/><W0/><G0/><T65/><D134/><U44/><E130/><V61/><F28/><W126/><G126/><T120/><D95/><U7/><E44/><V103/><F103/><W58/><G9/><T114/><D80/><U22/><E128/><V99/><F99/><W90/><G76/><T84/><D114/><U70/><E70/><V17/><F4/><W110/><G110/><T3/><D3/><U62/><E62/><V135/><F135/><W55/><G26/><T52/><D84/><U101/><E25/><V8/><F68/><W125/><G125/><T47/><D47/><U31/><E31/><V83/><F83/><W34/><G34/><T119/><D119/><U21/><AGARI ba="0,0" hai="5,6,7,21,22,23,49,50,93,97,101" m="59415" machi="21" ten="30,11700,0" yaku="8,1,52,3" doraHai="18" who="1" fromWho="1" sc="350,-39,256,117,197,-39,197,-39" /><INIT seed="1,1,0,3,0,60" ten="311,373,158,158" oya="1" hai0="113,67,86,1,37,96,128,55,62,98,54,112,116" hai1="50,21,78,88,72,41,134,42,83,70,2,17,107" hai2="95,123,38,51,92,85,18,133,65,89,132,46,109" hai3="63,0,106,119,7,114,23,110,12,102,59,43,100"/><U76/><E107/><V69/><F123/><W4/><G114/><T81/><D1/><U11/><E70/><V52/><F109/><W61/><G110/><T101/><D37/><U10/><E134/><N who="2" m="51819" /><F38/><W79/><G119/><T8/><D116/><U94/><E76/><V99/><F18/><W130/><G130/><T47/><D128/><U115/><E115/><V22/><F22/><W90/><G0/><T97/><D101/><U32/><E32/><V58/><F69/><W103/><G106/><T82/><D8/><U56/><E2/><V48/><F65/><W108/><G79/><T3/><D3/><U68/><E68/><V35/><F35/><W118/><G118/><T105/><D105/><U135/><E135/><V34/><F34/><W53/><G43/><T117/><D117/><U73/><E73/><V57/><F51/><W129/><G129/><T84/><D97/><U45/><E42/><V15/><F15/><W93/><G63/><T28/><D62/><U6/><E56/><V31/><F31/><W74/><G74/><T91/><D28/><U127/><E6/><V126/><F126/><W121/><G121/><T80/><D112/><U66/><E127/><V77/><F77/><W87/><G108/><T25/><D113/><U131/><E66/><V13/><F13/><W122/><G122/><T36/><D67/><U39/><E39/><V5/><F5/><W104/><G104/><T30/><D36/><U19/><E131/><V44/><F44/><W29/><G12/><T33/><D33/><U124/><E72/><V75/><F75/><W9/><G9/><RYUUKYOKU ba="1,0" sc="311,-15,373,-15,158,15,158,15" hai2="46,48,52,57,58,85,89,92,95,99" hai3="4,7,23,29,53,59,61,87,90,93,100,102,103" /><INIT seed="2,2,0,2,5,58" ten="296,358,173,173" oya="2" hai0="118,81,72,100,25,69,64,1,83,98,26,61,0" hai1="68,101,124,14,43,133,11,67,121,87,55,6,70" hai2="49,21,52,80,131,10,93,75,17,20,51,95,9" hai3="85,32,108,56,91,105,8,57,94,88,4,66,23"/><V102/><F131/><W90/><G32/><T45/><D118/><U7/><E133/><V78/><F51/><W114/><G105/><T79/><D83/><U132/><E132/><V44/><F21/><W63/><G108/><T39/><D26/><U37/><E124/><V30/><F30/><W74/><G74/><T123/><D123/><U22/><E121/><V31/><F31/><W116/><G116/><T129/><D129/><U35/><E35/><V18/><F17/><W84/><G114/><T12/><D12/><U115/><E115/><V127/><F127/><W13/><G84/><T99/><D99/><U50/><E6/><V119/><F119/><W19/><REACH who="3" step="1"/><G57/><REACH who="3" ten="296,358,173,163" step="2"/><T106/><D25/><AGARI ba="2,1" hai="4,8,13,19,23,25,56,63,66,85,88,90,91,94" machi="25" ten="30,12000,2" yaku="1,1,2,1,7,1,8,1,52,1,54,1,53,0" doraHai="58" doraHaiUra="97" who="3" fromWho="0" sc="296,-126,358,0,173,0,163,136" /><INIT seed="3,0,0,4,5,16" ten="170,358,173,299" oya="3" hai0="7,31,64,118,8,128,46,119,76,122,37,133,108" hai1="72,86,129,96,17,105,27,85,116,51,84,3,47" hai2="33,132,14,112,127,104,62,115,36,22,65,95,94" hai3="13,70,68,99,98,41,135,57,109,130,35,4,10"/><W15/><G35/><T63/><D122/><U89/><E72/><V23/><F104/><W58/><G41/><T107/><D108/><U11/><E129/><V78/><F33/><W106/><G130/><T29/><D128/><U75/><E75/><V120/><F36/><W66/><G109/><T103/><D133/><U88/><E116/><V12/><F132/><W24/><G135/><T80/><D31/><U34/><E3/><V73/><F115/><W93/><G106/><T56/><D29/><U69/><E69/><V44/><F112/><W42/><G98/><T114/><D114/><U113/><E113/><V1/><F1/><W52/><G42/><T48/><D37/><U20/><E34/><V79/><F44/><W82/><G24/><T18/><D18/><U54/><REACH who="1" step="1"/><E11/><REACH who="1" ten="170,348,173,299" step="2"/><V121/><F73/><W67/><G68/><T102/><D119/><U92/><E92/><V43/><F95/><W49/><G70/><T117/><D118/><U87/><N who="1" m="21504" /><DORA hai="74" /><U131/><E131/><V0/><F0/><W30/><G82/><T25/><D117/><U39/><E39/><V28/><F94/><W21/><G93/><T9/><D107/><U59/><E59/><V100/><F121/><W71/><G71/><T134/><D134/><U55/><E55/><V5/><F120/><W90/><G99/><T101/><D56/><U97/><E97/><V45/><F43/><W32/><G32/><T2/><D2/><U123/><E123/><V111/><F65/><N who="3" m="24587" /><G90/><T40/><D40/><U26/><E26/><V91/><F111/><W19/><G58/><T50/><D102/><AGARI ba="0,1" hai="17,20,27,47,51,54,88,89,96,102,105" m="21504" machi="102" ten="50,8000,1" yaku="1,1,6,1,52,1,54,1,53,0" doraHai="16,74" doraHaiUra="110,6" who="1" fromWho="0" sc="170,-80,348,90,173,0,299,0" /><INIT seed="4,0,0,1,3,81" ten="90,438,173,299" oya="0" hai0="7,101,77,24,132,3,35,49,95,55,83,38,69" hai1="126,0,21,15,66,63,17,130,135,114,131,60,113" hai2="54,8,25,61,127,14,123,23,41,78,117,51,92" hai3="18,118,27,56,86,94,46,90,97,30,52,10,121"/><T13/><D38/><U119/><E119/><V6/><F123/><W67/><G118/><T47/><D132/><U59/><E0/><V75/><F117/><W120/><G67/><T91/><D3/><U20/><E135/><V129/><F129/><N who="1" m="49161" /><E126/><V122/><F122/><N who="3" m="47211" /><G46/><T37/><D37/><U42/><E42/><V9/><F127/><W85/><G18/><T43/><D69/><N who="1" m="42183" /><E21/><V12/><F61/><N who="3" m="35975" /><G10/><T4/><D101/><U44/><E44/><V34/><F34/><AGARI ba="0,0" hai="27,30,34,85,86,90,94,97" m="35975,47211" machi="34" ten="30,7700,0" yaku="13,1,52,2,54,1" doraHai="81" who="3" fromWho="2" sc="90,0,438,0,173,-77,299,77" /><INIT seed="5,0,0,5,4,61" ten="90,438,96,376" oya="1" hai0="112,124,11,134,115,23,50,49,19,29,37,101,106" hai1="110,30,81,1,108,100,70,89,21,48,6,4,95" hai2="87,3,117,102,2,80,64,85,107,104,71,113,116" hai3="16,119,82,59,126,10,79,120,103,88,129,57,41"/><U45/><E100/><V22/><F113/><N who="0" m="43594" /><D37/><U96/><E70/><V27/><F3/><W33/><G120/><T32/><D124/><U63/><E1/><V73/><F2/><W47/><G33/><T76/><D134/><U5/><E63/><V67/><F73/><W84/><G103/><T60/><D76/><U123/><E123/><V36/><F36/><W99/><G126/><T111/><D111/><N who="1" m="42539" /><E81/><V54/><F54/><W97/><G129/><T34/><D11/><U135/><E135/><V24/><F22/><W8/><G8/><T44/><D29/><U105/><E105/><V93/><F93/><N who="3" m="56487" /><G99/><N who="0" m="61759" /><D60/><U15/><E30/><V128/><F102/><W118/><G47/><T66/><D49/><U77/><E77/><V133/><F133/><W125/><G41/><N who="0" m="24847" /><D66/><U18/><E5/><V62/><F62/><W55/><G55/><AGARI ba="0,0" hai="4,6,15,18,21,45,48,55,89,95,96" m="42539" machi="55" ten="30,1500,0" yaku="10,1" doraHai="61" who="1" fromWho="3" sc="90,0,438,15,96,0,376,-15" /><INIT seed="5,1,0,4,5,97" ten="90,453,96,361" oya="1" hai0="8,4,2,49,23,86,40,75,10,71,133,121,80" hai1="68,87,67,94,60,110,37,54,95,6,56,33,57" hai2="55,127,109,112,59,96,73,81,13,130,118,41,111" hai3="28,78,44,106,69,39,46,53,3,32,0,105,5"/><U132/><E33/><V119/><F41/><W16/><G46/><T47/><D133/><U64/><E132/><V102/><F13/><W12/><G69/><T117/><D121/><U123/><E123/><V116/><F130/><W98/><G78/><T34/><D34/><U129/><E37/><V134/><F134/><W131/><G131/><T1/><D117/><U122/><E68/><V62/><F127/><W35/><G105/><T79/><D71/><U21/><E129/><V126/><F126/><W19/><G19/><T25/><D10/><U24/><E110/><V113/><F73/><W61/><G5/><T89/><D1/><U50/><E6/><V15/><F15/><W108/><G108/><T38/><D49/><U18/><E122/><V29/><F81/><W76/><G76/><T9/><D9/><U36/><E36/><V91/><F91/><W51/><G39/><T125/><D125/><U22/><E64/><V92/><F29/><W115/><G61/><T120/><D120/><U99/><E87/><V103/><F103/><N who="3" m="62839" /><G115/><AGARI ba="1,0" hai="55,59,62,92,96,102,109,111,112,113,115,116,118,119" machi="115" ten="50,6400,0" yaku="15,1,11,1,52,1" doraHai="97" who="2" fromWho="3" sc="90,0,453,0,96,67,361,-67" /><INIT seed="6,0,0,1,2,103" ten="90,453,163,294" oya="2" hai0="50,93,51,65,125,102,81,89,115,16,37,96,73" hai1="33,22,105,54,61,82,108,28,83,88,15,116,98" hai2="78,10,19,99,40,43,52,106,97,69,46,55,113" hai3="110,42,124,130,35,92,118,66,0,126,131,132,104"/><V95/><F69/><W47/><G35/><T8/><D37/><U119/><E108/><V48/><F113/><W64/><G0/><T34/><D34/><U13/><E33/><V17/><F78/><W60/><G92/><T134/><D115/><U26/><E105/><V100/><F55/><W120/><G104/><T36/><D36/><U123/><E123/><V86/><F86/><W53/><G118/><T14/><D134/><U68/><E68/><V135/><F135/><W70/><G132/><T24/><D125/><N who="3" m="48233" /><G110/><T30/><D65/><U63/><E22/><V12/><F19/><W127/><G120/><T94/><D81/><U29/><E54/><V3/><F3/><W75/><G75/><T112/><D73/><U101/><E101/><AGARI ba="0,0" hai="10,12,17,40,43,46,48,52,95,97,99,100,101,106" machi="101" ten="30,5800,0" yaku="7,1,52,1,54,1" doraHai="103" who="2" fromWho="1" sc="90,0,453,-58,163,58,294,0" /><INIT seed="6,1,0,1,5,62" ten="90,395,221,294" oya="2" hai0="17,37,82,59,22,2,87,116,81,99,70,100,39" hai1="98,131,33,30,67,53,24,66,96,64,107,23,126" hai2="93,57,0,110,8,128,20,12,45,132,76,5,10" hai3="13,15,112,55,104,90,97,65,35,111,60,72,68"/><V109/><F128/><W31/><G111/><N who="2" m="42505" /><F76/><W101/><G72/><T114/><D70/><U108/><E108/><V4/><F45/><W120/><G120/><T16/><D2/><U79/><E131/><V54/><F93/><W69/><G69/><T58/><D116/><U135/><E135/><V11/><F132/><W125/><G125/><T28/><D28/><U84/><E126/><V118/><F11/><W63/><G112/><T106/><D114/><U47/><E33/><V129/><F129/><W91/><G55/><T21/><D39/><U122/><E107/><V27/><F57/><W92/><G60/><T134/><D37/><U44/><E122/><V41/><F54/><W88/><G92/><T75/><D75/><U121/><E121/><V40/><F118/><W102/><G102/><T113/><D113/><U56/><E79/><V127/><F127/><W38/><G38/><T26/><D134/><U14/><E84/><V80/><F80/><W43/><G43/><T124/><D82/><U119/><E119/><V105/><F105/><W9/><G9/><T46/><D46/><U85/><E85/><V130/><F130/><W78/><G78/><T77/><REACH who="0" step="1"/><D124/><REACH who="0" ten="80,395,221,294" step="2"/><U61/><E47/><V7/><F0/><W49/><G31/><T1/><D1/><U94/><E44/><V103/><F41/><W50/><G35/><T6/><D6/><U123/><E123/><V83/><F40/><W34/><G34/><T95/><D95/><U32/><E94/><V89/><F4/><W71/><G71/><T3/><D3/><U51/><E32/><V18/><F7/><RYUUKYOKU ba="1,1" sc="80,15,395,-15,221,-15,294,15" hai0="16,17,21,22,26,58,59,77,81,87,99,100,106" hai3="13,15,49,50,63,65,68,88,90,91,97,101,104" /><INIT seed="7,2,1,2,2,30" ten="95,380,206,309" oya="3" hai0="107,46,104,79,74,10,93,72,83,129,48,9,114" hai1="43,62,124,60,77,29,65,53,111,17,20,41,82" hai2="96,37,31,36,120,3,4,52,35,71,56,69,121" hai3="126,80,103,42,63,7,110,116,33,98,73,23,16"/><W51/><G116/><T85/><D129/><U127/><E111/><V28/><F4/><W13/><G110/><T45/><D114/><U18/><E53/><V102/><F3/><W94/><G126/><N who="1" m="48170" /><E29/><N who="2" m="11339" /><F35/><W19/><G33/><T119/><D119/><U0/><E0/><V38/><F52/><W135/><G135/><T2/><D2/><U118/><E118/><V76/><F56/><W106/><G7/><T132/><D132/><U6/><E6/><V68/><F76/><W109/><G109/><T55/><D93/><U44/><E17/><V27/><F27/><W125/><G125/><T89/><D55/><U24/><E44/><V115/><F115/><W22/><G63/><N who="1" m="24106" /><E65/><V64/><F64/><W88/><G51/><T112/><D112/><U21/><E21/><V75/><F75/><AGARI ba="2,1" hai="18,20,24,41,43,75,77,82" m="24106,48170" machi="75" ten="30,1000,0" yaku="18,1" doraHai="30" who="1" fromWho="2" sc="95,0,380,26,206,-16,309,0" owari="95,-40.0,406,50.0,190,-21.0,309,11.0" /></mjloggm>