<mjloggm ver="2.3"><GO type="169" lobby="0"/><UN n0="%E3%83%A1%E3%83%B3%E3%83%94%E3%83%B3" n1="%E3%83%88%E3%83%88%E3%83%AA%E5%85%88%E7%94%9F%31%39%E6%AD%B3" n2="%63%72%69%74%74%65%72" n3="%E6%B0%B4%E6%9C%AC%E3%82%86%E3%81%8B%E3%82%8A" dan="16,19,18,16" rate="2067.79,2324.00,2229.98,2129.28" sx="M,F,M,F"/><TAIKYOKU oya="0"/><INIT seed="0,0,0,3,2,135" ten="250,250,250,250" oya="0" hai0="56,78,95,69,60,130,104,105,19,18,35,74,50" hai1="134,7,132,64,92,96,29,83,36,42,131,32,54" hai2="57,127,31,44,86,61,91,113,124,34,94,73,123" hai3="65,84,11,21,26,108,112,133,68,52,38,125,2"/><T46/><D69/><U23/><E32/><V25/><F113/><W116/><G112/><T100/><D35/><U48/><E131/><V53/><F123/><W8/><G116/><T115/><D115/><U99/><E64/><V63/><F73/><W40/><G133/><N who="1" m="51306" /><E7/><V121/><F121/><W75/><G75/><T39/><D39/><U1/><E1/><V102/><F102/><W107/><G107/><T9/><D130/><U45/><E83/><V28/><F28/><W90/><G108/><T79/><D74/><U27/><E92/><V58/><REACH who="2" step="1"/><F44/><AGARI ba="0,0" hai="23,27,29,36,42,44,45,48,54,96,99" m="51306" machi="44" ten="30,1000,0" yaku="20,1" doraHai="135" who="1" fromWho="2" sc="250,0,250,10,250,-10,250,0" /><INIT seed="1,0,0,5,5,113" ten="250,260,240,250" oya="1" hai0="70,17,73,86,131,28,117,89,88,124,9,61,23" hai1="102,75,52,76,35,108,50,20,62,127,57,105,116" hai2="47,37,64,97,15,32,121,22,130,109,93,118,125" hai3="82,41,122,46,99,5,27,38,107,71,120,68,87"/><U72/><E116/><V80/><F121/><W65/><G5/><T43/><D73/><U90/><E35/><V44/><F32/><W77/><G27/><T133/><D133/><U7/><E127/><V26/><F125/><W58/><G58/><T24/><D124/><U1/><E108/><V2/><F2/><W29/><G29/><T132/><D132/><U79/><E105/><V63/><F109/><W53/><G53/><T134/><D134/><U12/><E102/><V85/><F130/><W92/><G107/><T40/><D117/><U30/><E1/><V14/><F118/><W33/><G33/><T31/><D131/><U95/><E72/><V45/><F37/><W51/><G51/><T56/><D70/><U59/><E75/><V112/><F112/><W83/><G83/><T3/><D89/><U42/><E42/><N who="0" m="15913" /><D9/><U129/><E129/><V114/><F114/><W100/><REACH who="3" step="1"/><G71/><REACH who="3" ten="250,260,240,240" step="2"/><T110/><D110/><U60/><E50/><V84/><F80/><W81/><G81/><N who="0" m="49231" /><D3/><U69/><E69/><V104/><F104/><W36/><G36/><T78/><D78/><U13/><E7/><V8/><F26/><W10/><G10/><T11/><D11/><U48/><E48/><V135/><F135/><W34/><G34/><T106/><D106/><U21/><E79/><V19/><F8/><W74/><G74/><T54/><AGARI ba="0,1" hai="17,23,24,28,31,54,56,61" m="49231,15913" machi="54" ten="30,2000,0" yaku="8,1,54,1" doraHai="113" who="0" fromWho="0" sc="250,30,260,-10,240,-5,240,-5" /><INIT seed="2,0,0,1,2,21" ten="280,250,235,235" oya="2" hai0="71,73,95,36,17,128,122,50,38,81,0,76,58" hai1="61,117,110,62,134,4,103,72,43,79,112,56,18" hai2="52,64,74,3,35,63,111,116,132,14,53,84,1" hai3="115,120,5,93,29,124,133,30,12,94,32,114,31"/><V47/><F116/><W54/><G120/><T75/><D71/><U51/><E117/><V40/><F74/><W55/><G32/><T104/><D104/><U15/><E112/><N who="3" m="43050" /><G124/><T96/><D75/><U118/><E118/><V106/><F106/><W26/><G133/><T13/><D0/><U123/><E134/><V11/><F132/><W125/><G125/><T100/><D128/><U101/><E110/><V22/><F35/><W108/><G108/><T39/><D122/><U25/><E4/><V60/><F111/><W10/><G26/><T2/><D2/><U45/><E123/><V34/><F34/><W127/><G127/><T8/><D58/><U42/><E42/><V83/><F22/><W78/><G78/><T121/><D121/><U69/><E69/><V102/><F102/><W68/><G68/><T19/><D50/><U92/><E62/><N who="2" m="23595" /><F64/><W99/><G93/><T65/><D65/><N who="1" m="39079" /><E79/><N who="2" m="46207" /><F1/><W80/><G80/><T90/><D100/><AGARI ba="0,0" hai="5,10,12,29,30,31,54,55,94,99,100" m="43050" machi="100" ten="30,1000,0" yaku="11,1" doraHai="21" who="3" fromWho="0" sc="280,-10,250,0,235,0,235,10" /><INIT seed="3,0,0,2,4,5" ten="270,250,235,245" oya="3" hai0="55,46,22,132,85,110,34,62,26,84,20,88,115" hai1="4,35,76,79,13,81,24,100,63,40,31,38,101" hai2="49,16,52,72,56,120,2,17,36,104,96,74,9" hai3="32,118,78,102,6,135,42,125,87,43,123,12,133"/><W59/><G118/><T11/><D110/><U27/><E76/><V116/><F116/><W44/><G123/><T90/><D132/><N who="3" m="50761" /><G32/><T51/><D115/><U70/><E27/><V111/><F111/><W25/><G125/><T86/><D34/><U126/><E126/><V114/><F114/><W66/><G25/><T19/><D11/><U127/><E127/><V41/><F120/><W10/><G102/><T103/><D103/><U7/><E7/><V93/><F104/><W61/><G44/><T82/><D90/><U109/><E109/><V97/><F97/><W73/><G73/><T94/><D82/><AGARI ba="0,0" hai="6,10,12,42,43,59,61,66,78,82,87" m="50761" machi="82" ten="30,2900,0" yaku="20,1,52,1" doraHai="5" who="3" fromWho="0" sc="270,-29,250,0,235,0,245,29" /><INIT seed="3,1,0,5,4,108" ten="241,250,235,274" oya="3" hai0="33,106,102,39,70,82,48,110,131,112,81,62,118" hai1="7,91,77,75,109,127,114,45,16,34,115,17,90" hai2="10,79,132,129,89,9,84,105,20,135,52,58,56" hai3="28,13,12,71,95,125,122,80,35,83,18,24,74"/><W4/><G122/><T64/><D118/><U2/><E34/><V116/><F116/><W94/><G71/><T86/><D39/><U15/><E109/><V113/><F105/><W41/><G125/><T60/><D110/><U117/><E117/><V25/><F79/><W11/><G41/><T8/><D112/><U123/><E123/><V43/><F43/><W69/><G69/><T67/><D131/><U120/><E120/><V107/><F107/><W96/><G74/><T68/><D48/><U66/><E127/><V14/><F129/><W87/><G87/><T124/><D124/><U53/><E66/><V47/><F113/><W31/><G31/><T78/><D33/><U55/><E77/><V0/><F0/><W49/><G49/><T54/><D54/><U76/><E76/><V1/><F1/><W32/><G32/><T101/><D106/><U42/><E75/><V63/><F47/><W134/><G134/><N who="2" m="51241" /><F58/><W99/><G99/><T121/><D121/><U126/><E126/><V65/><F14/><W119/><G95/><T73/><REACH who="0" step="1"/><D8/><REACH who="0" ten="231,250,235,274" step="2"/><N who="1" m="2167" /><E55/><V133/><F133/><W27/><G119/><T21/><D21/><N who="1" m="11423" /><E53/><V19/><F65/><W44/><G35/><T38/><D38/><N who="1" m="21719" /><E115/><V26/><F9/><W93/><G11/><T88/><AGARI ba="1,1" hai="60,62,64,67,68,70,73,78,81,82,86,88,101,102" machi="88" ten="20,8000,1" yaku="1,1,0,1,7,1,9,1,54,1,53,0" doraHai="108" doraHaiUra="36" who="0" fromWho="0" sc="231,93,250,-21,235,-21,274,-41" /><INIT seed="4,0,0,3,1,7" ten="324,229,214,233" oya="0" hai0="21,38,126,26,18,86,72,37,35,6,25,13,1" hai1="3,116,84,99,12,24,83,103,49,39,135,4,110" hai2="108,55,75,112,15,89,88,41,115,31,56,109,43" hai3="118,95,132,46,47,0,10,100,62,50,57,70,131"/><T128/><D72/><U51/><E116/><V52/><F75/><W76/><G118/><T9/><D126/><U81/><E39/><V63/><F31/><W19/><G131/><T92/><D128/><U8/><E135/><V42/><F15/><N who="3" m="7671" /><G70/><T121/><D121/><U127/><E110/><V134/><F134/><W123/><G0/><T106/><D106/><U29/><E3/><V11/><F11/><W34/><G34/><T65/><D65/><U129/><E127/><V96/><F96/><N who="3" m="59423" /><G132/><T124/><D124/><U36/><E36/><V71/><F71/><W60/><G76/><T90/><D25/><U22/><E129/><V78/><F78/><W101/><G101/><T130/><D130/><U66/><E66/><N who="2" m="39271" /><F89/><W73/><G73/><T97/><D97/><U104/><REACH who="1" step="1"/><E83/><REACH who="1" ten="324,219,214,233" step="2"/><V20/><F108/><W48/><G123/><T93/><D92/><U27/><E27/><V82/><F109/><W16/><G48/><T23/><D35/><U58/><E58/><V77/><F82/><W28/><G50/><T79/><D38/><U59/><E59/><V17/><F112/><W102/><G57/><T105/><D37/><U117/><E117/><V111/><F115/><W33/><G33/><T32/><D32/><U80/><E80/><V85/><F111/><W74/><G62/><T40/><D1/><U113/><E113/><V107/><F107/><W114/><G60/><T14/><D105/><U94/><E94/><N who="2" m="54543" /><F77/><AGARI ba="0,1" hai="4,8,12,22,24,29,49,51,77,81,84,99,103,104" machi="77" ten="30,3900,0" yaku="1,1,7,1,52,1,53,0" doraHai="7" doraHaiUra="122" who="1" fromWho="2" sc="324,0,219,49,214,-39,233,0" /><INIT seed="5,0,0,4,5,81" ten="324,268,175,233" oya="1" hai0="15,107,98,48,120,32,113,23,51,25,86,125,132" hai1="112,56,22,40,63,3,62,60,18,44,134,122,66" hai2="128,127,0,12,38,133,121,20,13,7,94,31,97" hai3="10,105,24,109,45,101,68,42,28,85,53,93,74"/><U78/><E122/><V2/><F121/><W116/><G116/><T33/><D120/><U54/><E3/><V69/><F69/><W100/><G109/><T9/><D107/><U73/><E112/><V34/><F38/><W129/><G129/><T5/><D98/><U91/><E134/><V110/><F110/><W103/><G74/><T108/><D108/><U50/><E73/><V35/><F128/><W126/><G126/><T135/><D113/><U92/><E78/><V11/><F127/><W71/><G53/><T84/><D125/><U123/><E123/><V26/><F133/><N who="0" m="51274" /><D33/><N who="2" m="12298" /><F94/><W99/><G10/><T117/><D32/><U70/><E70/><V49/><F49/><N who="0" m="19018" /><D117/><U36/><E66/><V37/><F37/><W65/><G65/><T83/><D83/><U52/><E54/><V75/><F97/><W90/><G103/><T47/><D47/><U27/><E36/><V119/><F119/><W17/><G101/><T131/><D131/><U39/><E39/><V130/><F130/><W104/><G104/><T88/><D88/><U124/><E124/><V16/><F75/><W59/><G105/><T72/><D72/><U89/><E89/><V4/><F4/><W111/><G90/><T106/><D106/><U21/><REACH who="1" step="1"/><E21/><AGARI ba="0,0" hai="0,2,7,11,12,13,16,20,21,26,31" m="12298" machi="21" ten="30,12000,2" yaku="35,5,54,1" doraHai="81" who="2" fromWho="1" sc="324,0,268,-120,175,120,233,0" /><INIT seed="6,0,0,5,5,89" ten="324,148,295,233" oya="2" hai0="129,24,18,72,112,135,0,83,95,119,28,91,36" hai1="14,124,20,10,8,59,23,78,90,109,37,81,5" hai2="130,116,113,32,56,106,4,71,92,100,86,31,122" hai3="13,39,54,68,118,3,107,43,117,94,66,15,22"/><V30/><F122/><W103/><G3/><T88/><D36/><U16/><E109/><V12/><F116/><W62/><G107/><T40/><D119/><U77/><E37/><V69/><F106/><W11/><G22/><T87/><D0/><U6/><E124/><V121/><F121/><W45/><G15/><T52/><D40/><U101/><E101/><V49/><F113/><W33/><G33/><T7/><D7/><U80/><E90/><V110/><F110/><W120/><G120/><T41/><D41/><U74/><E59/><V64/><F130/><W60/><G60/><T53/><D72/><U2/><REACH who="1" step="1"/><E6/><REACH who="1" ten="324,138,295,233" step="2"/><V127/><F100/><W111/><G111/><T27/><D91/><U63/><E63/><V93/><F4/><W104/><G104/><T76/><D88/><U133/><E133/><V9/><F56/><W51/><G103/><T21/><D135/><U108/><E108/><V19/><F127/><W114/><G114/><T34/><D112/><U79/><E79/><V55/><F69/><W50/><G50/><T42/><D76/><U128/><E128/><V46/><F71/><W57/><REACH who="3" step="1"/><G94/><REACH who="3" ten="324,138,295,223" step="2"/><T102/><D95/><U73/><AGARI ba="0,2" hai="2,5,8,10,14,16,20,23,73,74,77,78,80,81" machi="73" ten="20,8000,1" yaku="1,1,0,1,7,1,9,1,54,1,53,0" doraHai="89" doraHaiUra="132" who="1" fromWho="1" sc="324,-20,138,100,295,-40,223,-20" /><INIT seed="7,0,0,2,2,30" ten="304,238,255,203" oya="3" hai0="38,123,64,6,77,109,11,118,14,94,24,119,39" hai1="17,45,48,31,27,79,102,2,105,40,127,0,104" hai2="63,43,51,93,55,113,76,46,23,29,60,96,52" hai3="4,129,67,92,133,87,126,134,122,121,12,110,130"/><W112/><G112/><T124/><D109/><U116/><E127/><V13/><F113/><W69/><G110/><T83/><D123/><N who="3" m="47113" /><G69/><T80/><D80/><U41/><E116/><V25/><F76/><W44/><G67/><T16/><D64/><U15/><E79/><V84/><F84/><W32/><G44/><T26/><D94/><U91/><E41/><V42/><F13/><W73/><G73/><T131/><D124/><U106/><E91/><N who="2" m="55359" /><F42/><W71/><G71/><T5/><D14/><U100/><E100/><V28/><F28/><W89/><G126/><T88/><D88/><U128/><E102/><V74/><F74/><W70/><G70/><T20/><D77/><U59/><E59/><V66/><F66/><W120/><N who="3" m="47121" /><W18/><DORA hai="54" /><G4/><T47/><D5/><U53/><E40/><V34/><F34/><W86/><G32/><T7/><D6/><U111/><E111/><V107/><F107/><W90/><G18/><T57/><D16/><U9/><REACH who="1" step="1"/><E128/><REACH who="1" ten="304,228,255,203" step="2"/><N who="3" m="49258" /><G12/><T81/><D131/><U117/><E117/><V132/><F43/><W50/><G50/><T78/><D119/><U58/><E58/><V56/><F56/><W49/><G49/><T101/><D57/><U1/><E1/><V82/><F51/><W33/><G33/><AGARI ba="0,1" hai="0,2,9,15,17,27,31,33,45,48,53,104,105,106" machi="33" ten="40,5200,0" yaku="1,1,52,1,53,1" doraHai="30,54" doraHaiUra="22,72" who="1" fromWho="3" sc="304,0,228,62,255,0,203,-52" owari="304,40.0,290,9.0,255,-14.0,151,-35.0" /></mjloggm>