<mjloggm ver="2.3"><GO type="169" lobby="0"/><UN n0="%E5%B9%BB%E9%9C%8A" n1="%E6%88%B0%E5%A0%B4%E3%83%B6%E5%8E%9F%E3%81%B2%E3%81%9F%E3%81%8E" n2="%E3%82%A4%E3%83%B3%E3%83%87%E3%82%A3%E3%82%B4%E3%83%96%E3%83%AB%E3%83%BC" n3="%E3%83%88%E3%83%88%E3%83%AA%E5%85%88%E7%94%9F%31%39%E6%AD%B3" dan="17,16,16,19" rate="2144.38,2072.80,2052.42,2289.63" sx="M,F,M,F"/><TAIKYOKU oya="0"/><INIT seed="0,0,0,3,4,98" ten="250,250,250,250" oya="0" hai0="104,34,2,10,85,108,20,3,6,105,109,89,47" hai1="53,97,11,94,79,32,90,135,59,67,65,5,112" hai2="66,39,48,86,51,26,122,64,114,110,57,93,28" hai3="60,121,102,129,41,18,16,107,58,1,31,134,78"/><T101/><D34/><U123/><E32/><V22/><F110/><N who="0" m="42602" /><D3/><U49/><E123/><V52/><F122/><W128/><G121/><T40/><D20/><U117/><E135/><V46/><F39/><W91/><G134/><T17/><D17/><U106/><E117/><V9/><F9/><W38/><G1/><T36/><D101/><U103/><E79/><V14/><F14/><W96/><G78/><T127/><D127/><U54/><E54/><N who="2" m="29975" /><F114/><W115/><G115/><T33/><D33/><U23/><E23/><V116/><F116/><W77/><G77/><T70/><D70/><U124/><E124/><V99/><F86/><W92/><G31/><T113/><D113/><U27/><E27/><V19/><F28/><W88/><G91/><AGARI ba="0,0" hai="19,22,26,51,52,57,64,66,91,93,99" m="29975" machi="91" ten="30,2000,0" yaku="8,1,54,1" doraHai="98" who="2" fromWho="3" sc="250,0,250,0,250,20,250,-20" /><INIT seed="1,0,0,1,3,14" ten="250,250,270,230" oya="1" hai0="86,134,3,30,39,125,79,60,51,101,130,41,28" hai1="95,27,25,5,31,32,84,116,49,76,91,70,82" hai2="110,61,43,69,124,100,78,127,62,58,33,50,29" hai3="1,26,17,64,74,35,15,23,6,133,21,59,73"/><U16/><E70/><V4/><F110/><W119/><G133/><T45/><D3/><U12/><E5/><V18/><F4/><W128/><G128/><T56/><D134/><U122/><E122/><V123/><F123/><W120/><G120/><T57/><D130/><U8/><E27/><V47/><F78/><W80/><G119/><T96/><D125/><U37/><E49/><V42/><F100/><W54/><G64/><T88/><D79/><U102/><E102/><V65/><F29/><W135/><G135/><T48/><D48/><U89/><E116/><V22/><F33/><W108/><G80/><T38/><D38/><U72/><REACH who="1" step="1"/><E89/><REACH who="1" ten="250,240,270,230" step="2"/><V75/><F124/><W83/><G6/><T103/><D103/><U7/><E7/><V53/><F127/><W11/><G1/><T2/><D2/><U36/><AGARI ba="0,1" hai="8,12,16,25,31,32,36,37,72,76,82,84,91,95" machi="36" ten="30,11700,0" yaku="1,1,0,1,52,1,54,1,53,0" doraHai="14" doraHaiUra="40" who="1" fromWho="1" sc="250,-39,240,127,270,-39,230,-39" /><INIT seed="1,1,0,5,2,80" ten="211,367,231,191" oya="1" hai0="103,98,102,119,74,111,18,42,76,134,61,95,8" hai1="123,129,11,132,48,34,9,87,52,25,37,36,12" hai2="62,55,56,2,126,70,43,127,44,39,105,54,93" hai3="125,59,41,94,7,135,20,88,108,121,83,35,77"/><U69/><E123/><V124/><F105/><W68/><G121/><T50/><D119/><U26/><E129/><V110/><F2/><W100/><G68/><T89/><D111/><U79/><E69/><V58/><F110/><W91/><G35/><T113/><D113/><U115/><E115/><V22/><F22/><W118/><G108/><T104/><D134/><U38/><E132/><V30/><F30/><W96/><G135/><T24/><D61/><U5/><E9/><V84/><F93/><W23/><G125/><T21/><D8/><U47/><E34/><V15/><F15/><W17/><G118/><T71/><D71/><U82/><AGARI ba="1,0" hai="5,11,12,25,26,36,37,38,47,48,52,79,82,87" machi="82" ten="40,7800,0" yaku="0,1,52,1,54,1" doraHai="80" who="1" fromWho="1" sc="211,-27,367,81,231,-27,191,-27" /><INIT seed="1,2,0,0,3,65" ten="184,448,204,164" oya="1" hai0="98,123,91,11,113,30,101,34,14,64,17,59,94" hai1="86,74,135,72,114,92,60,128,67,116,23,8,20" hai2="100,73,58,43,19,129,127,47,87,120,22,80,27" hai3="49,42,44,95,18,76,13,90,79,85,125,111,103"/><U107/><E114/><V31/><F120/><W16/><G111/><T97/><D113/><U0/><E107/><V39/><F127/><W77/><G125/><T1/><D123/><U45/><E128/><V9/><F129/><W53/><G103/><T7/><D64/><U54/><E135/><V6/><F100/><W115/><G115/><T134/><D134/><U62/><E72/><V104/><F104/><W68/><G68/><T32/><D59/><U21/><E74/><V3/><F58/><W119/><G119/><T89/><D30/><U132/><E132/><V117/><F117/><W37/><G18/><T121/><D121/><U56/><E0/><V66/><F66/><W102/><G102/><T55/><D55/><U52/><E8/><V71/><F71/><W110/><G110/><T57/><D57/><N who="1" m="37263" /><E116/><V112/><F112/><W15/><G15/><T88/><REACH who="0" step="1"/><D98/><REACH who="0" ten="174,448,204,164" step="2"/><U10/><E54/><V28/><REACH who="2" step="1"/><F73/><REACH who="2" ten="174,448,194,164" step="2"/><W82/><G53/><T25/><D25/><U4/><E56/><V2/><F2/><W51/><REACH who="3" step="1"/><G82/><REACH who="3" ten="174,448,194,154" step="2"/><T118/><D118/><U40/><E62/><V122/><F122/><W70/><G70/><T61/><D61/><U131/><E131/><V50/><F50/><W5/><G5/><T24/><D24/><U99/><E4/><V124/><F124/><W130/><G130/><T83/><D83/><U133/><E133/><V26/><F26/><W93/><G93/><T35/><D35/><U38/><E92/><V126/><F126/><W78/><N who="3" m="19456" /><DORA hai="29" /><W81/><G81/><T63/><D63/><U84/><E38/><V46/><F46/><RYUUKYOKU ba="2,3" sc="174,10,448,-30,194,10,154,10" hai0="1,7,11,14,17,32,34,88,89,91,94,97,101" hai2="3,6,9,19,22,27,28,31,39,43,47,80,87" hai3="13,16,37,42,44,49,51,85,90,95" /><INIT seed="2,3,3,5,2,54" ten="184,418,204,164" oya="2" hai0="122,11,91,0,121,98,24,21,75,34,95,128,38" hai1="42,35,53,57,9,15,106,135,110,114,83,104,39" hai2="86,88,25,96,32,134,26,109,36,123,89,6,70" hai3="71,112,133,60,44,103,108,62,102,18,99,131,41"/><V129/><F123/><W13/><G108/><T16/><D128/><U8/><E110/><V31/><F109/><W1/><G1/><T116/><D116/><U5/><E35/><V12/><F129/><W80/><G131/><T52/><D38/><U10/><E114/><V92/><F134/><W81/><G133/><T64/><D75/><U55/><E104/><V2/><F70/><W126/><G126/><T76/><D76/><U37/><E106/><V61/><F36/><W132/><G132/><T67/><D34/><U14/><E9/><V51/><F26/><W72/><G112/><T94/><D94/><U50/><E42/><V49/><F61/><N who="3" m="23659" /><G72/><T69/><D69/><U93/><E83/><N who="3" m="31818" /><G99/><T40/><D40/><U115/><E115/><V105/><F2/><W19/><G71/><T48/><D122/><U17/><E135/><V120/><F120/><W4/><G4/><T3/><D121/><U125/><E125/><V45/><F105/><W33/><G33/><T20/><D0/><U78/><E78/><V73/><F73/><W113/><G113/><T68/><D68/><U47/><E93/><V22/><F32/><W77/><G77/><T63/><D63/><AGARI ba="3,3" hai="5,8,10,14,15,17,37,39,47,50,53,55,57,63" machi="63" ten="30,2000,0" yaku="7,1,52,1" doraHai="54" who="1" fromWho="0" sc="184,-29,418,59,204,0,164,0" /><INIT seed="3,0,0,1,5,115" ten="155,477,204,164" oya="3" hai0="6,61,19,14,37,27,118,13,4,85,68,32,49" hai1="12,107,9,55,58,112,70,45,28,67,38,46,39" hai2="24,47,10,52,8,81,63,122,125,25,43,78,36" hai3="60,3,126,42,40,120,74,59,116,103,33,100,26"/><W69/><G116/><T127/><D118/><U89/><E107/><V101/><F125/><W104/><G120/><T83/><D127/><U31/><E112/><V30/><F101/><N who="3" m="38987" /><G69/><T71/><D37/><U62/><E89/><V88/><F122/><W93/><G74/><T110/><D110/><U22/><E22/><V97/><F25/><W114/><G3/><T99/><D99/><U66/><E66/><V56/><F24/><W133/><G33/><T128/><D128/><U17/><E45/><V96/><F30/><W135/><G104/><T16/><D32/><U90/><E90/><V129/><F129/><W117/><G117/><T86/><D27/><U134/><E134/><N who="3" m="51210" /><G114/><T130/><D130/><U75/><E75/><V105/><F105/><W18/><G93/><T108/><D108/><U84/><E38/><V23/><F23/><N who="3" m="13687" /><G126/><T35/><D35/><U44/><E70/><V0/><F0/><W95/><G95/><T41/><D83/><U5/><E31/><V1/><F1/><W54/><AGARI ba="0,0" hai="40,42,54,59,60" m="13687,51210,38987" machi="54" ten="30,1500,0" yaku="20,1" doraHai="115" who="3" fromWho="3" sc="155,-5,477,-5,204,-5,164,15" /><INIT seed="3,1,0,3,2,68" ten="150,472,199,179" oya="3" hai0="96,45,65,67,34,90,69,127,46,82,79,119,19" hai1="77,107,23,117,17,114,57,99,118,61,104,42,70" hai2="85,39,73,38,47,105,30,20,93,5,80,75,29" hai3="84,31,41,109,87,22,92,26,14,37,4,59,50"/><W94/><G37/><T95/><D119/><N who="1" m="45579" /><E70/><V123/><F105/><W63/><G109/><T88/><D127/><U36/><E77/><V54/><F5/><W83/><G87/><N who="0" m="48607" /><D34/><U35/><E99/><V89/><F123/><W102/><G102/><T98/><D69/><U11/><E11/><V27/><F30/><W86/><G86/><T60/><D19/><U78/><E78/><V0/><F0/><W9/><G83/><T97/><D60/><U101/><E114/><V43/><F54/><N who="3" m="34295" /><G84/><N who="0" m="52615" /><D90/><U64/><E101/><V132/><F80/><W131/><G131/><T33/><D33/><U49/><E35/><V130/><F130/><W74/><G74/><T25/><D25/><N who="1" m="14575" /><E36/><V10/><F75/><W21/><G21/><T134/><D134/><U8/><E8/><V58/><F73/><W110/><G110/><T40/><D40/><U55/><E42/><V24/><F39/><W135/><G135/><T16/><D16/><U3/><E3/><V72/><F72/><W100/><G100/><T112/><D112/><U113/><E113/><V128/><F38/><W66/><G66/><AGARI ba="1,0" hai="45,46,65,66,67,96,97,98" m="52615,48607" machi="66" ten="30,2000,0" yaku="8,1,54,1" doraHai="68" who="0" fromWho="3" sc="150,23,472,0,199,0,179,-23" /><INIT seed="4,0,0,3,0,77" ten="173,472,199,156" oya="0" hai0="109,13,93,11,35,85,46,12,65,6,104,108,16" hai1="76,17,121,63,1,52,25,68,87,64,123,133,28" hai2="7,125,15,34,90,74,73,23,19,134,31,131,66" hai3="94,2,42,75,26,45,89,56,127,111,79,112,80"/><T120/><D104/><U33/><E1/><V43/><F134/><W51/><G111/><N who="0" m="42571" /><D120/><U83/><E133/><V99/><F125/><W102/><G2/><T91/><D65/><U24/><E24/><V96/><F131/><W49/><G127/><T86/><D35/><U113/><E113/><V57/><F43/><W38/><G112/><T100/><D46/><U107/><E107/><V78/><F7/><W39/><G102/><T126/><D100/><U115/><E115/><V95/><F96/><W21/><G56/><T116/><D126/><U103/><E103/><V132/><F132/><W97/><REACH who="3" step="1"/><G38/><REACH who="3" ten="173,472,199,146" step="2"/><T20/><D116/><U117/><E117/><V128/><F57/><W130/><G130/><T69/><D69/><U70/><E70/><V71/><F71/><W54/><G54/><T60/><D60/><U114/><E52/><V41/><F66/><W29/><AGARI ba="0,1" hai="21,26,29,39,42,45,49,51,75,79,80,89,94,97" machi="29" ten="20,5200,0" yaku="1,1,0,1,7,1,52,1,53,0" doraHai="77" doraHaiUra="10" who="3" fromWho="3" sc="173,-26,472,-13,199,-13,146,62" /><INIT seed="5,0,0,5,1,91" ten="147,459,186,208" oya="1" hai0="128,52,66,87,94,74,133,125,95,134,12,72,73" hai1="23,35,101,107,110,50,37,26,29,43,78,16,70" hai2="63,56,25,105,19,0,90,86,92,102,20,89,62" hai3="122,31,96,57,124,3,120,7,34,129,69,15,10"/><U18/><E70/><V33/><F0/><W88/><G69/><T38/><D38/><U104/><E37/><V4/><F4/><W6/><G57/><T131/><D66/><U47/><E110/><V21/><F33/><W17/><G129/><N who="0" m="49739" /><D12/><U54/><E18/><V130/><F130/><W115/><G124/><T59/><D125/><U30/><E78/><V114/><F114/><W111/><G115/><T67/><D67/><U14/><E30/><V112/><F112/><W117/><G117/><T79/><D87/><U39/><E101/><V84/><F102/><W51/><G111/><T41/><D41/><U11/><E35/><V127/><F105/><W126/><G7/><T82/><D82/><U76/><E76/><V103/><F103/><W45/><G126/><T53/><D79/><U5/><E29/><N who="2" m="17583" /><F56/><AGARI ba="0,0" hai="5,11,14,16,23,26,39,43,47,50,54,56,104,107" machi="56" ten="30,2900,0" yaku="7,1,54,1" doraHai="91" who="1" fromWho="2" sc="147,0,459,29,186,-29,208,0" /><INIT seed="5,1,0,4,1,39" ten="147,488,157,208" oya="1" hai0="37,105,27,23,61,16,67,73,3,6,131,95,111" hai1="65,8,125,89,74,108,106,21,62,2,88,66,78" hai2="57,130,115,127,118,119,116,41,126,113,117,79,30" hai3="17,52,59,70,109,104,53,7,94,31,19,120,98"/><U128/><E128/><V50/><F116/><W96/><G120/><T58/><D111/><U93/><E106/><V12/><F30/><W135/><G70/><T13/><D131/><U87/><E125/><N who="2" m="47627" /><F79/><W48/><G109/><T11/><D105/><U101/><E108/><V69/><F12/><W92/><G104/><T77/><D37/><U34/><E34/><V134/><F130/><W18/><G135/><T86/><D73/><U24/><E74/><V80/><F80/><W26/><G7/><T55/><D3/><U1/><E65/><V0/><F0/><W5/><G5/><T102/><D77/><U36/><E8/><V133/><F69/><W25/><G31/><T40/><D40/><U81/><E2/><V28/><F28/><W129/><G129/><T64/><REACH who="0" step="1"/><D102/><REACH who="0" ten="137,488,157,208" step="2"/><U49/><E36/><V63/><F133/><W114/><G114/><T122/><D122/><U99/><E1/><V46/><F134/><W97/><G53/><AGARI ba="1,1" hai="41,46,50,53,57,63,113,115,117,118,119" m="47627" machi="53" ten="40,8000,1" yaku="18,1,34,2,52,1" doraHai="39" who="2" fromWho="3" sc="137,0,488,0,157,93,208,-83" /><INIT seed="6,0,0,3,2,135" ten="137,488,250,125" oya="2" hai0="91,84,12,69,51,23,65,42,4,22,2,54,13" hai1="60,132,86,35,0,38,94,49,11,45,128,28,32" hai2="116,100,126,20,3,64,44,33,19,39,41,50,59" hai3="63,67,120,55,78,121,133,113,114,90,107,98,118"/><V21/><F116/><W9/><G118/><T82/><D2/><U29/><E128/><V27/><F3/><W88/><G133/><T124/><D124/><U123/><E38/><V96/><F126/><W53/><G78/><T83/><D42/><U14/><E0/><V76/><F76/><W106/><G9/><N who="0" m="4135" /><D69/><U119/><E132/><V108/><F108/><W130/><G130/><T68/><D68/><U24/><E123/><V129/><F129/><W48/><G120/><T18/><D65/><U57/><E29/><V62/><F33/><W46/><G55/><T75/><D75/><U122/><E32/><V61/><F61/><W79/><G79/><T89/><D23/><U103/><E122/><V112/><F112/><N who="3" m="43115" /><G121/><T7/><D7/><U17/><E119/><V52/><F21/><W71/><G107/><T30/><D30/><U10/><E10/><V74/><F74/><W26/><G26/><T72/><D72/><U5/><E28/><V101/><REACH who="2" step="1"/><F96/><REACH who="2" ten="137,488,240,125" step="2"/><W80/><G80/><N who="0" m="30763" /><D84/><U134/><E86/><V95/><F95/><W37/><G37/><T73/><D73/><U31/><E134/><V109/><F109/><W110/><G110/><T92/><D92/><U6/><E94/><V81/><F81/><W58/><G71/><AGARI ba="0,1" hai="19,20,27,39,41,44,50,52,59,62,64,71,100,101" machi="71" ten="30,18000,2" yaku="1,1,7,1,24,2,54,1,53,2" doraHai="135" doraHaiUra="97" who="2" fromWho="3" sc="137,0,488,0,240,190,125,-180" owari="137,-26.0,488,59.0,430,23.0,-55,-56.0" /></mjloggm>