<mjloggm ver="2.3"><GO type="169" lobby="0"/><UN n0="%E3%81%82%E3%81%8A%E3%81%8D%E3%82%93%E3%81%90" n1="%40%72%61%6E%70%61%72%74" n2="%E3%82%B3%E3%83%9C%E3%81%A1%E3%82%83%E3%82%93" n3="%E3%83%88%E3%83%88%E3%83%AA%E5%85%88%E7%94%9F%31%39%E6%AD%B3" dan="17,16,16,19" rate="2122.54,2182.11,2047.07,2348.42" sx="M,M,M,F"/><TAIKYOKU oya="0"/><INIT seed="0,0,0,3,3,27" ten="250,250,250,250" oya="0" hai0="14,50,97,58,72,71,98,3,120,35,10,85,29" hai1="31,28,111,79,17,20,101,94,60,12,54,92,131" hai2="77,88,24,51,73,115,89,61,134,6,13,104,93" hai3="119,132,42,55,76,110,117,126,8,69,7,32,109"/><T80/><D120/><U25/><E111/><N who="3" m="42506" /><G76/><T40/><D71/><U23/><E131/><V22/><F104/><W15/><G55/><T87/><D3/><U106/><E79/><V121/><F134/><W86/><G86/><T70/><D70/><U81/><E81/><V84/><F121/><W48/><G48/><T45/><D72/><U64/><E54/><V135/><F135/><W44/><G44/><T67/><D87/><U9/><E23/><V116/><F116/><N who="3" m="44619" /><G42/><T2/><D2/><U52/><E106/><V124/><F124/><W57/><G57/><T112/><D67/><U103/><E64/><V122/><F122/><W99/><G99/><T5/><D58/><N who="1" m="34887" /><E31/><V16/><F73/><W46/><G46/><T11/><D11/><U133/><E133/><V129/><F129/><W66/><G132/><T95/><D95/><AGARI ba="0,0" hai="9,12,17,20,25,28,92,94,95,101,103" m="34887" machi="95" ten="30,3900,0" yaku="8,1,52,1,54,1" doraHai="27" who="1" fromWho="0" sc="250,-39,250,39,250,0,250,0" /><INIT seed="1,0,0,1,3,114" ten="211,289,250,250" oya="1" hai0="103,28,80,126,5,108,18,113,60,30,13,102,99" hai1="112,59,133,132,123,65,41,96,83,91,104,115,85" hai2="105,43,70,107,19,88,135,34,73,64,121,134,67" hai3="68,48,98,57,38,74,86,111,24,44,39,7,11"/><U93/><E41/><V10/><F121/><W42/><G68/><T77/><D108/><U12/><E65/><N who="2" m="25163" /><F73/><W40/><G74/><T36/><D126/><U17/><E59/><V20/><F34/><W116/><G111/><T63/><D113/><N who="1" m="43595" /><E17/><V29/><F70/><W27/><G116/><T84/><D5/><U61/><E61/><N who="0" m="23625" /><D36/><U127/><E12/><N who="2" m="7575" /><F43/><W45/><G98/><T71/><D71/><U129/><E123/><V75/><F75/><W122/><G122/><T97/><D97/><U95/><E127/><V76/><F76/><W81/><G57/><T69/><D69/><U87/><E129/><V25/><F88/><W50/><G39/><T49/><D49/><U53/><E53/><V124/><F124/><W4/><G38/><T125/><D125/><U101/><E85/><V79/><F79/><W56/><G56/><T31/><D99/><U16/><E16/><V94/><F94/><AGARI ba="0,0" hai="83,87,91,93,94,95,96,101,104,132,133" m="43595" machi="94" ten="30,2900,0" yaku="34,2" doraHai="114" who="1" fromWho="2" sc="211,0,289,29,250,-29,250,0" /><INIT seed="1,1,0,3,0,130" ten="211,318,221,250" oya="1" hai0="131,90,112,5,33,103,129,124,4,127,2,38,93" hai1="63,114,102,40,73,1,128,115,76,34,111,54,11" hai2="105,132,69,24,82,25,77,18,15,98,84,42,58" hai3="35,91,60,135,106,95,99,79,126,41,62,3,104"/><U59/><E34/><V64/><F69/><W97/><G35/><T113/><D38/><U88/><E128/><N who="0" m="49225" /><D103/><U37/><E102/><V26/><F42/><W32/><G32/><T122/><D33/><U116/><E116/><V16/><F105/><W134/><G3/><T8/><D5/><N who="1" m="1455" /><E88/><V133/><F98/><W45/><G79/><T96/><D122/><U22/><E22/><V50/><F18/><W31/><G126/><AGARI ba="1,0" hai="2,4,8,90,93,96,112,113,124,126,127" m="49225" machi="126" ten="30,2000,0" yaku="18,1,19,1" doraHai="130" who="0" fromWho="3" sc="211,23,318,0,221,0,250,-23" /><INIT seed="2,0,0,1,2,100" ten="234,318,221,227" oya="2" hai0="41,20,114,11,43,69,73,3,23,133,66,131,50" hai1="119,78,70,58,15,30,4,7,132,5,126,31,16" hai2="18,123,6,53,84,19,90,10,28,108,79,54,56" hai3="127,92,17,87,47,113,44,116,0,14,93,104,109"/><V13/><F123/><W86/><G116/><T96/><D114/><U71/><E119/><V117/><F117/><W124/><G0/><T37/><D73/><U60/><E126/><V1/><F79/><W121/><G14/><T26/><D37/><U21/><E132/><V68/><F68/><W130/><G17/><T9/><D133/><U120/><E120/><V64/><F108/><W91/><G91/><T135/><D23/><U134/><E134/><V82/><F28/><W27/><G121/><T59/><D69/><U81/><E71/><V36/><F36/><W107/><G27/><T115/><D3/><U85/><REACH who="1" step="1"/><E70/><REACH who="1" ten="234,308,221,227" step="2"/><V29/><F29/><W125/><G125/><T89/><D135/><U51/><E51/><V103/><F103/><W34/><G109/><T80/><D50/><U112/><E112/><V25/><F25/><W12/><G113/><T98/><D115/><U42/><E42/><V106/><F1/><W62/><G12/><T118/><D43/><U32/><E32/><V128/><F13/><W40/><G40/><T22/><D41/><U55/><AGARI ba="0,1" hai="4,5,7,15,16,21,30,31,55,58,60,78,81,85" machi="55" ten="30,8000,1" yaku="1,1,0,1,8,1,54,1,53,1" doraHai="100" doraHaiUra="72" who="1" fromWho="1" sc="234,-20,308,90,221,-40,227,-20" /><INIT seed="3,0,0,0,3,59" ten="214,398,181,207" oya="3" hai0="114,24,69,29,102,46,60,63,107,3,133,18,92" hai1="105,42,47,7,56,115,130,95,86,12,43,27,45" hai2="128,126,93,81,71,100,48,73,64,57,8,61,118" hai3="125,98,108,5,110,106,132,83,62,38,39,16,31"/><W21/><G31/><T1/><D107/><U22/><E105/><V96/><F118/><W88/><G132/><T77/><D133/><U19/><E115/><V97/><F128/><W49/><G125/><T15/><D114/><U99/><E86/><V87/><F126/><W103/><G5/><T78/><D69/><U84/><E84/><V119/><F119/><W58/><G49/><T9/><D1/><U30/><E7/><V66/><F73/><W68/><G68/><T104/><D3/><U28/><E28/><V40/><F8/><W2/><G2/><T134/><D104/><U37/><E56/><V34/><F34/><W135/><G88/><T80/><D46/><U112/><E130/><V91/><F96/><W17/><G83/><T76/><D80/><U53/><E53/><N who="2" m="33967" /><F71/><W33/><G33/><T116/><D134/><U129/><E129/><V36/><F36/><W65/><G17/><T4/><D4/><U52/><E37/><V72/><F72/><W117/><G117/><T44/><D44/><AGARI ba="0,0" hai="40,44,48,64,66,81,87,91,93,97,100" m="33967" machi="44" ten="30,2000,0" yaku="8,1,52,1" doraHai="59" who="2" fromWho="0" sc="214,-20,398,0,181,20,207,0" /><INIT seed="4,0,0,3,0,49" ten="194,398,201,207" oya="0" hai0="27,112,54,28,129,126,38,25,81,13,114,40,37" hai1="10,52,76,62,90,118,15,103,68,47,95,17,5" hai2="84,48,82,78,133,20,53,116,99,91,77,26,105" hai3="21,51,88,98,104,132,86,131,87,106,123,45,46"/><T115/><D126/><U6/><E76/><V24/><F133/><W22/><G132/><T94/><D129/><U101/><E118/><V58/><F116/><W50/><G131/><T31/><D81/><U57/><E68/><V130/><F130/><W119/><G119/><T80/><D80/><U9/><E47/><V89/><F26/><N who="0" m="9738" /><D40/><U70/><E70/><V8/><F8/><W71/><G71/><T102/><D13/><N who="1" m="5303" /><E5/><V127/><F127/><W56/><G56/><T73/><D73/><U74/><E74/><V108/><F108/><W55/><G123/><T117/><D117/><U96/><AGARI ba="0,0" hai="10,15,17,52,57,62,90,95,96,101,103" m="5303" machi="96" ten="30,4000,0" yaku="8,1,52,1,54,1" doraHai="49" who="1" fromWho="1" sc="194,-20,398,40,201,-10,207,-10" /><INIT seed="5,0,0,0,4,31" ten="174,438,191,197" oya="1" hai0="56,11,103,111,104,126,100,92,72,35,120,4,10" hai1="94,25,53,74,125,22,2,134,90,128,66,76,48" hai2="80,77,65,14,27,96,40,70,8,102,68,101,73" hai3="19,13,20,7,45,91,135,61,79,58,130,36,12"/><U132/><E2/><V97/><F40/><W5/><G130/><T122/><D111/><U127/><E66/><V123/><F123/><N who="0" m="47146" /><D72/><U28/><E76/><V26/><F97/><W34/><G34/><T43/><D104/><U71/><E74/><V110/><F110/><W33/><G33/><T49/><D35/><U1/><E1/><V133/><F133/><N who="1" m="51305" /><E71/><V83/><F83/><W81/><G91/><T16/><D126/><U119/><E119/><V131/><F131/><W87/><G135/><T32/><D32/><U86/><E128/><V63/><F70/><W59/><G59/><AGARI ba="0,0" hai="22,25,28,48,53,59,86,90,94,125,127" m="51305" machi="59" ten="30,1500,0" yaku="20,1" doraHai="31" who="1" fromWho="3" sc="174,0,438,15,191,0,197,-15" /><INIT seed="5,1,0,3,1,53" ten="174,453,191,182" oya="1" hai0="109,103,46,56,125,122,6,131,119,126,134,63,58" hai1="35,16,77,40,80,3,27,133,57,74,25,106,90" hai2="89,130,44,26,81,49,45,99,129,96,48,51,12" hai3="97,92,86,43,64,82,113,61,5,87,107,75,120"/><U69/><E69/><V42/><F26/><W135/><G120/><T52/><D119/><U7/><E35/><V111/><F111/><W124/><G107/><T37/><D109/><U21/><E106/><V32/><F32/><W30/><G113/><T123/><D103/><U85/><E133/><V116/><F116/><W94/><G135/><T121/><D134/><U54/><E40/><V84/><F12/><W114/><G114/><T132/><D132/><U14/><E7/><V88/><F89/><W117/><G117/><T66/><D6/><U60/><REACH who="1" step="1"/><E3/><REACH who="1" ten="174,443,191,182" step="2"/><V68/><F68/><W4/><G43/><N who="0" m="22895" /><D131/><N who="2" m="50186" /><F44/><W1/><G1/><T118/><D118/><U10/><E10/><V105/><F105/><W47/><G47/><T104/><D104/><U128/><E128/><V93/><F42/><W55/><G4/><T9/><D9/><U22/><E22/><V19/><F45/><W62/><G5/><T127/><D122/><U91/><E91/><V29/><F88/><W67/><G94/><AGARI ba="1,1" hai="14,16,21,25,27,54,57,60,74,77,80,85,90,94" machi="94" ten="30,12000,1" yaku="1,1,7,1,52,1,54,1,53,1" doraHai="53" doraHaiUra="8" who="1" fromWho="3" sc="174,0,443,133,191,0,182,-123" /><INIT seed="5,2,0,4,5,103" ten="174,576,191,59" oya="1" hai0="38,68,48,92,25,133,93,62,94,113,16,11,19" hai1="46,71,60,123,51,14,57,135,89,22,53,40,101" hai2="81,18,108,58,47,76,17,20,27,73,52,21,32" hai3="0,12,56,114,31,119,118,65,67,70,115,44,37"/><U35/><E123/><V30/><F108/><W45/><G0/><T112/><D133/><U110/><E35/><V4/><F4/><W5/><G31/><T28/><D38/><U41/><E101/><V125/><F125/><W117/><G12/><T61/><D48/><U49/><E135/><V100/><F100/><W102/><G5/><T129/><D129/><U124/><E124/><V15/><F47/><N who="3" m="17995" /><G102/><T10/><D68/><U43/><E71/><V126/><F126/><W107/><G70/><T1/><D1/><U24/><E14/><V86/><F73/><W97/><G97/><T7/><D7/><U50/><E110/><V72/><F72/><W59/><G37/><T13/><D19/><N who="1" m="12383" /><E89/><V77/><F77/><W78/><G107/><T55/><D10/><U127/><E127/><V88/><F76/><W121/><G78/><T33/><D13/><U54/><AGARI ba="2,0" hai="40,41,43,46,49,50,51,53,54,57,60" m="12383" machi="54" ten="30,1500,0" yaku="8,1" doraHai="103" who="1" fromWho="1" sc="174,-7,576,21,191,-7,59,-7" /><INIT seed="5,3,0,4,5,25" ten="167,597,184,52" oya="1" hai0="83,131,124,52,7,80,56,74,46,135,95,113,29" hai1="18,100,132,68,134,110,106,11,19,61,88,22,48" hai2="44,71,32,28,107,70,27,8,16,40,21,4,50" hai3="84,12,85,92,129,37,127,105,78,5,51,6,36"/><U101/><E110/><V77/><F107/><W34/><G105/><T75/><D7/><U104/><E11/><V64/><F77/><W31/><G129/><T17/><D17/><U2/><E2/><V89/><F89/><W3/><G3/><T103/><D46/><U38/><E38/><V115/><F64/><W90/><G127/><T81/><D131/><U111/><E48/><V133/><F133/><W47/><G6/><T1/><D135/><U55/><E55/><V87/><F87/><W109/><G109/><T114/><D1/><U67/><E67/><V91/><F91/><W112/><G112/><N who="0" m="43115" /><D124/><U57/><E88/><V93/><F93/><W120/><G120/><T73/><D29/><U82/><E82/><V14/><F115/><W58/><G58/><T60/><D83/><U99/><E68/><V9/><F9/><W20/><G34/><T121/><D121/><U41/><E111/><V13/><AGARI ba="3,0" hai="4,8,13,14,16,21,27,28,32,40,44,50,70,71" machi="13" ten="20,5200,0" yaku="0,1,7,1,52,1,54,1" doraHai="25" who="2" fromWho="2" sc="167,-16,597,-29,184,61,52,-16" /><INIT seed="6,0,0,0,5,93" ten="151,568,245,36" oya="2" hai0="96,94,104,54,62,130,36,29,65,77,46,26,132" hai1="99,60,78,56,107,22,14,28,86,89,135,5,43" hai2="24,103,58,102,0,101,133,79,121,67,31,34,98" hai3="8,87,16,116,15,27,53,55,129,108,64,7,11"/><V71/><F121/><W82/><G129/><T75/><D132/><U40/><E107/><V35/><F133/><W37/><G116/><T122/><D130/><U97/><E78/><V68/><F0/><W32/><G108/><T119/><D122/><U100/><E100/><V50/><F79/><W84/><G37/><T120/><D120/><U105/><E105/><V81/><F81/><W51/><G32/><T106/><D119/><U20/><E28/><V117/><F117/><W90/><G64/><T38/><D38/><U30/><E30/><V95/><F35/><W134/><G134/><T88/><D77/><U126/><E126/><V13/><F13/><W61/><G61/><T25/><D25/><U66/><E20/><V57/><F57/><W33/><G33/><T4/><D4/><U124/><E124/><V91/><F67/><W70/><G70/><T1/><D75/><U3/><E3/><V48/><F48/><W63/><G63/><T118/><D1/><U80/><E135/><V114/><F68/><W72/><G72/><T74/><D74/><U69/><E69/><V123/><F71/><W9/><G84/><T2/><D2/><U73/><E73/><V21/><F123/><W115/><G115/><T18/><D62/><U49/><E49/><V45/><F114/><W6/><G27/><T39/><D26/><U85/><E85/><V112/><F112/><W83/><G83/><T131/><D39/><U59/><E59/><V76/><F34/><W109/><G109/><T127/><D36/><U92/><E80/><V128/><F128/><W110/><G110/><RYUUKYOKU ba="0,0" sc="151,0,568,0,245,0,36,0" /><INIT seed="7,1,0,1,5,9" ten="151,568,245,36" oya="3" hai0="54,37,12,118,91,22,41,105,87,119,6,101,49" hai1="23,128,47,24,84,10,104,11,4,129,3,73,103" hai2="95,46,60,7,42,113,56,53,107,77,111,134,15" hai3="94,110,122,39,92,108,89,17,35,14,79,34,0"/><W45/><G122/><T20/><D37/><U57/><E73/><V71/><F107/><W62/><G0/><T133/><D133/><U40/><E11/><V32/><F113/><W28/><G79/><T126/><D126/><U44/><E104/><V112/><F112/><W59/><G39/><T121/><D41/><U78/><E103/><V83/><F111/><N who="3" m="42539" /><G45/><T58/><D121/><U115/><E115/><V51/><F134/><W29/><G29/><T80/><D22/><U52/><E40/><V114/><F32/><N who="3" m="12331" /><G28/><T69/><D69/><U88/><E78/><V81/><F114/><W97/><G92/><T75/><D75/><U36/><E36/><V74/><F95/><W68/><G68/><T30/><D30/><U132/><E132/><V19/><F7/><W70/><G70/><T125/><D6/><U16/><E47/><V131/><F81/><W76/><G76/><T90/><D125/><U85/><E44/><V135/><F135/><W26/><G26/><T67/><D80/><U5/><E5/><V120/><F71/><W55/><G17/><T38/><D38/><U65/><E65/><V66/><F66/><W124/><G124/><T72/><D67/><U99/><E85/><V127/><F127/><W93/><G93/><T96/><D87/><U48/><REACH who="1" step="1"/><E99/><REACH who="1" ten="151,558,245,36" step="2"/><V21/><F77/><W8/><G8/><T61/><D72/><U109/><E109/><V130/><F74/><W117/><G117/><T2/><D119/><U100/><E100/><V43/><F46/><W82/><G82/><AGARI ba="1,1" hai="3,4,10,16,23,24,48,52,57,82,84,88,128,129" machi="82" ten="40,8000,1" yaku="1,1,54,3,53,0" doraHai="9" doraHaiUra="31" who="1" fromWho="3" sc="151,0,558,93,245,0,36,-83" owari="151,-25.0,651,75.0,245,5.0,-47,-55.0" /></mjloggm>