<mjloggm ver="2.3"><GO type="169" lobby="0"/><UN n0="%E3%81%BE%E3%82%8B%E3%81%A8%E3%83%BC" n1="%E7%A7%81%E3%81%AF%E3%81%8C%E3%81%A1%E3%81%BB%E3%82%82" n2="%E3%82%A6%E3%83%AB%E3%83%88%E3%83%A9%E7%AB%8B%E7%9B%B4" n3="%E3%81%B1%E3%82%8B%E3%81%93%E3%81%97" dan="16,17,18,16" rate="2107.52,2156.81,2249.99,2090.49" sx="M,M,M,M"/><TAIKYOKU oya="0"/><INIT seed="0,0,0,0,0,7" ten="250,250,250,250" oya="0" hai0="125,45,87,67,111,98,131,60,41,52,71,36,133" hai1="49,114,69,18,68,116,134,79,32,84,80,65,86" hai2="112,28,46,38,106,94,27,135,55,26,89,42,82" hai3="50,21,121,104,22,2,105,11,130,37,23,58,70"/><T122/><D122/><U132/><E116/><V19/><F106/><W126/><G37/><T76/><D125/><U15/><E32/><V1/><F112/><W31/><G70/><T100/><D131/><U91/><E49/><V124/><F135/><N who="1" m="51753" /><E65/><V43/><F1/><W3/><G130/><T74/><D133/><U20/><E114/><V54/><F43/><W107/><G126/><T119/><D119/><U128/><E128/><V53/><F124/><W63/><G50/><T44/><D74/><U8/><E20/><V109/><F109/><W6/><G121/><T61/><D111/><U13/><E15/><V102/><F28/><W85/><G85/><T117/><D117/><U39/><E39/><V78/><F102/><W0/><REACH who="3" step="1"/><G31/><REACH who="3" ten="250,250,250,240" step="2"/><T118/><D118/><U77/><E77/><V127/><F127/><W120/><G120/><T115/><D115/><U66/><E66/><AGARI ba="0,1" hai="0,2,3,6,11,21,22,23,58,63,66,104,105,107" machi="66" ten="50,6400,0" yaku="1,1,52,1,53,1" doraHai="7" doraHaiUra="59" who="3" fromWho="1" sc="250,0,250,-64,250,0,240,74" /><INIT seed="1,0,0,0,2,111" ten="250,186,250,314" oya="1" hai0="125,41,80,6,94,91,96,12,116,133,126,117,22" hai1="74,110,131,105,86,97,51,8,27,104,68,40,9" hai2="32,17,10,99,69,102,106,11,15,2,66,23,71" hai3="79,82,87,112,135,73,130,119,44,70,38,123,56"/><U30/><E74/><V64/><F32/><W55/><G70/><T103/><D41/><U65/><E110/><V100/><F100/><W36/><G123/><T58/><D6/><U54/><E40/><V85/><F85/><W93/><G130/><T114/><D12/><U81/><E131/><V124/><F124/><N who="0" m="47722" /><D22/><U48/><E48/><V52/><F2/><W26/><G135/><T35/><D58/><U29/><E29/><V75/><F75/><W88/><G119/><N who="0" m="45643" /><D35/><U16/><E16/><V113/><F23/><W46/><G26/><T24/><D133/><U128/><E128/><V31/><F31/><W89/><G38/><T49/><D24/><U18/><E18/><V92/><F71/><W84/><G36/><T108/><D49/><U28/><E28/><V53/><F69/><W59/><G59/><T0/><D0/><U21/><E68/><V98/><F11/><W83/><REACH who="3" step="1"/><G112/><REACH who="3" ten="250,186,250,304" step="2"/><T3/><D108/><U78/><E65/><V25/><F25/><W115/><G115/><T34/><D34/><U19/><E30/><V127/><F113/><W42/><G42/><T95/><D114/><U62/><E62/><AGARI ba="0,1" hai="44,46,55,56,62,73,79,82,83,84,87,88,89,93" machi="62" ten="30,3900,0" yaku="1,1,7,1,54,1,53,0" doraHai="111" doraHaiUra="1" who="3" fromWho="1" sc="250,0,186,-39,250,0,304,49" /><INIT seed="2,0,0,5,2,43" ten="250,147,250,353" oya="2" hai0="7,133,0,109,3,57,95,93,21,4,81,69,59" hai1="30,134,12,123,32,26,23,108,70,112,84,94,102" hai2="48,55,121,56,27,13,58,2,39,128,126,71,116" hai3="47,118,53,33,65,91,17,89,40,79,63,80,19"/><V42/><F2/><N who="0" m="554" /><D81/><U75/><E123/><V61/><F27/><W130/><G118/><T8/><D69/><U127/><E112/><V85/><F13/><W96/><G33/><T122/><D122/><U129/><E129/><V22/><F22/><W64/><G53/><T88/><D21/><U87/><E108/><V83/><F121/><W115/><G130/><T73/><D73/><U60/><E127/><V24/><F24/><W46/><G115/><T66/><D66/><N who="3" m="25705" /><G63/><T11/><D109/><U15/><E134/><V113/><F113/><W54/><G54/><T72/><D72/><U97/><E75/><V35/><F35/><W77/><G40/><T90/><D133/><U5/><E70/><V131/><F126/><W38/><G38/><T125/><D125/><U78/><E60/><V124/><F124/><W120/><G120/><T9/><D57/><U82/><E32/><V62/><F116/><W135/><G135/><T28/><D59/><U36/><E36/><V16/><F71/><W34/><G34/><T76/><D76/><N who="3" m="29257" /><G96/><T101/><D101/><U6/><REACH who="1" step="1"/><E87/><REACH who="1" ten="250,137,250,353" step="2"/><V106/><F85/><N who="3" m="50343" /><G91/><N who="0" m="34859" /><D28/><U98/><E98/><V104/><F39/><W14/><G19/><T92/><AGARI ba="0,1" hai="4,7,8,9,11,92,93,95" m="34859,554" machi="92" ten="40,5200,0" yaku="28,2,54,1" doraHai="43" who="0" fromWho="0" sc="250,62,137,-13,250,-26,353,-13" /><INIT seed="3,0,0,5,1,50" ten="312,124,224,340" oya="3" hai0="46,115,58,41,35,127,42,85,25,17,18,53,86" hai1="11,2,92,13,39,8,62,126,19,73,68,63,100" hai2="57,22,12,72,74,78,117,120,27,56,105,28,44" hai3="14,55,4,65,75,48,134,15,69,114,34,1,37"/><W61/><G37/><T103/><D127/><U52/><E126/><V87/><F105/><W3/><G34/><T33/><D103/><U7/><E73/><V118/><F120/><W6/><G114/><T97/><D115/><U51/><E39/><V38/><F87/><W129/><G75/><T70/><D70/><U67/><E63/><V20/><F38/><W40/><G134/><T89/><D97/><U49/><E49/><V81/><F44/><W30/><G40/><N who="0" m="15467" /><D33/><U107/><E107/><V104/><F104/><W59/><G30/><T93/><D35/><U47/><E92/><V131/><F131/><W116/><G116/><T54/><D85/><U24/><E24/><V43/><F43/><W135/><G135/><T133/><D133/><U101/><AGARI ba="0,0" hai="2,7,8,11,13,19,47,51,52,62,67,68,100,101" machi="101" ten="30,4000,0" yaku="0,1,52,1,54,1" doraHai="50" who="1" fromWho="1" sc="312,-10,124,40,224,-10,340,-20" /><INIT seed="4,0,0,4,0,28" ten="302,164,214,320" oya="0" hai0="107,64,127,72,11,34,74,76,10,61,53,110,86" hai1="25,94,58,122,92,104,49,30,79,105,7,59,103" hai2="101,5,14,90,44,91,134,108,33,118,121,3,85" hai3="109,67,89,135,24,132,87,120,113,48,1,18,73"/><T102/><D127/><U37/><E37/><V126/><F108/><W46/><G73/><T71/><D53/><U23/><E122/><V17/><F121/><W0/><G109/><T77/><D110/><U69/><E69/><V16/><F101/><W15/><G24/><T116/><D116/><U111/><E111/><V84/><F134/><N who="3" m="51243" /><G67/><T13/><D11/><U56/><E7/><V2/><F44/><W70/><G70/><T21/><D21/><U95/><E79/><V119/><F14/><W80/><G113/><T12/><D12/><U115/><E115/><V55/><F55/><N who="3" m="30103" /><G120/><T133/><D133/><U52/><REACH who="1" step="1"/><E103/><REACH who="1" ten="302,154,214,320" step="2"/><V62/><F5/><W60/><G60/><N who="0" m="40327" /><D77/><U31/><E31/><V19/><F62/><W50/><G50/><T128/><D61/><U125/><E125/><V63/><F63/><W54/><G54/><T123/><D76/><U93/><N who="1" m="23552" /><DORA hai="88" /><U82/><E82/><V26/><F126/><W35/><G80/><T97/><D102/><U47/><AGARI ba="0,1" hai="23,25,30,47,49,52,56,58,59,104,105" m="23552" machi="47" ten="50,16000,3" yaku="1,1,0,1,52,4,54,1,53,1" doraHai="28,88" doraHaiUra="20,124" who="1" fromWho="1" sc="302,-80,154,170,214,-40,320,-40" /><INIT seed="5,0,0,4,5,52" ten="222,324,174,280" oya="1" hai0="102,109,19,54,59,131,17,118,33,72,25,41,60" hai1="122,132,116,129,82,21,77,100,97,31,126,64,46" hai2="117,7,88,9,0,65,34,39,93,95,86,110,68" hai3="51,15,70,99,43,23,40,103,75,32,49,85,67"/><U62/><E116/><V124/><F117/><W18/><G75/><T91/><D72/><U53/><E122/><V37/><F110/><W101/><G32/><T8/><D118/><U79/><E132/><V12/><F124/><W112/><G112/><T106/><D109/><U36/><E126/><V50/><F34/><W13/><G70/><T3/><D131/><U2/><E2/><V113/><F113/><W29/><G67/><T44/><D33/><U81/><E129/><V90/><F50/><N who="3" m="18955" /><G29/><T56/><D25/><U105/><E53/><V30/><F30/><W73/><G73/><T5/><D91/><U130/><E130/><V4/><F0/><W20/><G85/><T38/><REACH who="0" step="1"/><D59/><REACH who="0" ten="212,324,174,280" step="2"/><U66/><E77/><V80/><F90/><W63/><G101/><T6/><D6/><U58/><E79/><V28/><F4/><W120/><G120/><T84/><D84/><U123/><E123/><V133/><F133/><W71/><G71/><T76/><D76/><U22/><E58/><V108/><F108/><W74/><G74/><T16/><D16/><U119/><E119/><V114/><F114/><W94/><G18/><T11/><D11/><U1/><E31/><V35/><F28/><W10/><G10/><T104/><D104/><U45/><E105/><V48/><F35/><W89/><G103/><T47/><D47/><U134/><E100/><V14/><F7/><W27/><G27/><T57/><D57/><U24/><E134/><V55/><F9/><W78/><G78/><T135/><D135/><U96/><E24/><V115/><F115/><W125/><G89/><RYUUKYOKU ba="0,1" sc="212,30,324,-10,174,-10,280,-10" hai0="3,5,8,17,19,38,41,44,54,56,60,102,106" /><INIT seed="6,1,1,2,2,11" ten="242,314,164,270" oya="2" hai0="131,9,121,106,77,31,125,112,18,128,89,7,58" hai1="92,105,24,1,90,43,97,41,51,75,134,67,70" hai2="69,3,86,35,20,119,94,116,26,8,19,37,0" hai3="29,76,36,66,56,12,48,17,59,27,104,63,14"/><V110/><F69/><W80/><G36/><T99/><D121/><U47/><E1/><N who="2" m="587" /><F86/><W78/><G104/><T130/><D77/><U22/><E75/><V52/><F94/><W6/><G6/><T61/><D31/><U120/><E120/><V10/><F52/><N who="3" m="31751" /><G29/><T5/><D112/><U44/><E105/><V124/><F37/><W103/><G103/><N who="0" m="62847" /><D125/><U95/><E95/><V93/><F93/><W16/><G27/><T32/><D32/><U88/><E70/><V84/><F84/><N who="3" m="48135" /><G78/><T98/><D89/><U91/><E67/><V34/><F124/><W40/><G40/><T68/><D98/><U21/><E97/><V57/><F57/><W114/><G114/><T109/><D68/><U62/><E92/><V54/><F54/><W4/><G4/><T123/><D123/><U132/><E43/><V55/><F55/><W50/><G50/><T115/><D115/><U108/><E41/><V82/><F110/><W71/><G71/><T15/><D109/><U113/><E108/><V60/><F60/><W30/><G30/><T46/><D46/><N who="1" m="17451" /><E113/><V79/><F79/><W2/><G2/><T53/><AGARI ba="1,1" hai="5,7,9,15,18,53,58,61,128,130,131" m="62847" machi="53" ten="30,2000,0" yaku="19,1,52,1" doraHai="11" who="0" fromWho="0" sc="242,33,314,-6,164,-11,270,-6" /><INIT seed="7,0,0,0,4,38" ten="275,308,153,264" oya="3" hai0="18,42,69,109,110,87,122,58,66,3,39,0,108" hai1="11,117,130,80,135,124,9,79,53,77,71,107,115" hai2="50,61,101,24,119,90,100,112,105,131,123,88,13" hai3="84,120,113,47,5,132,94,12,126,116,78,83,133"/><W36/><G120/><T20/><D122/><U75/><E107/><V70/><F123/><W134/><G116/><T33/><D33/><U103/><E103/><V129/><F119/><W43/><G113/><T21/><D69/><U114/><E71/><V89/><F112/><N who="1" m="43049" /><E135/><V104/><F24/><W85/><G126/><T102/><D0/><U111/><E124/><V16/><F50/><W7/><G12/><T31/><D3/><U37/><E37/><V40/><F40/><W2/><G2/><T15/><D39/><U128/><E111/><V26/><F26/><W118/><G118/><T95/><D42/><U44/><E79/><V45/><F45/><W91/><AGARI ba="0,0" hai="5,7,36,43,47,78,83,84,85,91,94,132,133,134" machi="91" ten="40,7800,0" yaku="0,1,20,1,52,1" doraHai="38" who="3" fromWho="3" sc="275,-26,308,-26,153,-26,264,78" owari="249,-15.0,282,8.0,127,-37.0,342,44.0" /></mjloggm>