<mjloggm ver="2.3"><GO type="169" lobby="0"/><UN n0="%E3%83%AD%E3%83%B3%E3%81%8C%E6%89%93%E3%81%A1%E3%81%BE%E3%81%99" n1="%33%31%6A%69%6E" n2="%E3%81%8A%E3%81%98%E3%81%95%E3%82%93" n3="%E3%83%88%E3%83%88%E3%83%AA%E5%85%88%E7%94%9F%31%39%E6%AD%B3" dan="16,17,17,19" rate="2130.63,2159.13,2155.23,2269.10" sx="M,F,M,F"/><TAIKYOKU oya="0"/><INIT seed="0,0,0,2,1,46" ten="250,250,250,250" oya="0" hai0="34,117,79,63,85,23,114,64,25,40,86,121,39" hai1="49,115,87,20,105,94,44,55,70,0,52,69,100" hai2="61,53,93,109,72,97,127,82,32,125,131,9,31" hai3="124,107,58,92,104,103,108,50,47,45,35,73,95"/><T4/><D117/><U8/><E105/><V83/><F109/><W54/><G73/><T57/><D121/><U112/><E20/><V28/><F131/><W43/><G35/><T24/><D114/><N who="1" m="43563" /><E55/><V99/><F9/><W65/><G124/><N who="2" m="47689" /><F99/><W12/><G108/><T130/><D130/><U29/><E29/><N who="2" m="11339" /><F72/><W132/><G132/><T22/><D4/><N who="1" m="1031" /><E87/><V27/><F27/><W21/><G104/><T66/><D86/><U96/><AGARI ba="0,0" hai="44,49,52,69,70,94,96,100" m="1031,43563" machi="96" ten="30,4000,0" yaku="11,1,52,1,54,1" doraHai="46" who="1" fromWho="1" sc="250,-20,250,40,250,-10,250,-10" /><INIT seed="1,0,0,3,5,129" ten="230,290,240,240" oya="1" hai0="13,88,89,71,19,56,55,3,46,57,81,122,28" hai1="108,36,23,64,84,14,9,58,132,8,50,17,10" hai2="102,69,63,31,72,124,74,77,106,115,135,18,80" hai3="16,121,117,22,73,134,66,126,6,110,5,40,51"/><U97/><E36/><V32/><F124/><W24/><G121/><T48/><D71/><U41/><E108/><V12/><F115/><W109/><G73/><T11/><D122/><U20/><E132/><V27/><F135/><W120/><G120/><T70/><D70/><U65/><E97/><N who="2" m="61775" /><F80/><W91/><G134/><T67/><D3/><U2/><E2/><V103/><F103/><W21/><G126/><T29/><D67/><U125/><E125/><V85/><F85/><W83/><G66/><T118/><D118/><U93/><E20/><N who="2" m="11335" /><F77/><W128/><G117/><T119/><D119/><U38/><E38/><V79/><F79/><W90/><G51/><T111/><D111/><U92/><E92/><V107/><F107/><W95/><G95/><T26/><D29/><U96/><E84/><V30/><F30/><W7/><G7/><T127/><D127/><U52/><REACH who="1" step="1"/><E41/><REACH who="1" ten="230,280,240,240" step="2"/><V44/><F74/><W100/><G40/><T4/><D81/><U33/><E33/><V43/><F72/><W61/><G83/><T15/><D89/><AGARI ba="0,1" hai="8,9,10,14,17,23,50,52,58,64,65,89,93,96" machi="89" ten="40,7700,0" yaku="1,1,8,1,54,1,53,0" doraHai="129" doraHaiUra="37" who="1" fromWho="0" sc="230,-77,280,87,240,0,240,0" /><INIT seed="1,1,0,2,4,115" ten="153,367,240,240" oya="1" hai0="103,80,135,106,127,132,15,24,29,0,60,107,59" hai1="78,1,9,64,28,105,20,100,26,128,37,43,46" hai2="7,32,33,123,114,11,5,90,96,70,48,58,72" hai3="61,39,116,19,25,13,125,50,4,111,18,88,17"/><U109/><E128/><V83/><F70/><W82/><G39/><T14/><D0/><U93/><E109/><V34/><F123/><W27/><G111/><T101/><D80/><U131/><E131/><V38/><F38/><W126/><G61/><T65/><D127/><N who="3" m="48649" /><G50/><T129/><D129/><U71/><E78/><V119/><F114/><W99/><G99/><T130/><D130/><U31/><E31/><V86/><F72/><W97/><G97/><T30/><D24/><N who="3" m="9289" /><G82/><T75/><D75/><U53/><E71/><V98/><F48/><W68/><G88/><T8/><D60/><U21/><E64/><V54/><F54/><W87/><G87/><T44/><D59/><U92/><E53/><V73/><F58/><W74/><G74/><T63/><D63/><U113/><E113/><V84/><F73/><W35/><G35/><T22/><D65/><U110/><E110/><V85/><F85/><W118/><G68/><T55/><D55/><U51/><E37/><V57/><F57/><W66/><G66/><T3/><D44/><U10/><E105/><V40/><F86/><W108/><G108/><T81/><D81/><U122/><E100/><V102/><F102/><W36/><G36/><T77/><D77/><U69/><E69/><V89/><F89/><W124/><N who="3" m="48657" /><W95/><DORA hai="23" /><G95/><T91/><D91/><U67/><E92/><V49/><F90/><W6/><G13/><T12/><D12/><U79/><E93/><V120/><F83/><W117/><AGARI ba="1,0" hai="4,6,17,18,19,116,117,118" m="9289,48657" machi="117" ten="60,24000,4" yaku="28,2,12,1,18,1,34,2,52,6" doraHai="115,23" who="3" fromWho="3" sc="153,-61,367,-121,240,-61,240,243" /><INIT seed="2,0,0,4,0,88" ten="92,246,179,483" oya="2" hai0="105,103,21,47,18,95,83,56,86,122,62,80,110" hai1="27,72,28,67,130,107,73,94,79,41,34,123,132" hai2="32,49,91,29,121,89,9,93,77,15,11,25,85" hai3="40,134,124,22,55,126,53,76,84,70,108,104,116"/><V71/><F121/><W45/><G116/><T19/><D122/><U12/><E123/><V46/><F71/><W48/><G70/><T117/><D105/><U115/><E107/><V35/><F77/><W99/><G108/><T20/><D110/><U120/><E115/><V42/><F35/><W131/><G131/><T10/><D117/><U14/><E130/><V36/><F15/><W106/><G134/><T82/><D47/><U16/><E132/><V109/><F109/><W51/><G40/><T23/><D10/><U75/><E67/><V24/><F24/><W33/><G33/><T52/><D86/><U129/><E129/><V96/><REACH who="2" step="1"/><F36/><REACH who="2" ten="92,246,169,483" step="2"/><W54/><G76/><T128/><REACH who="0" step="1"/><D128/><REACH who="0" ten="82,246,169,483" step="2"/><U43/><E120/><V118/><F118/><W68/><G68/><T1/><D1/><U135/><E135/><V60/><F60/><W57/><G48/><T37/><D37/><U125/><E79/><V98/><F98/><AGARI ba="0,2" hai="18,19,20,21,23,52,56,62,80,82,83,95,98,103" machi="98" ten="40,8000,1" yaku="1,1,8,1,52,1,54,1,53,0" doraHai="88" doraHaiUra="5" who="0" fromWho="2" sc="82,100,246,0,169,-80,483,0" /><INIT seed="3,0,0,5,5,50" ten="182,246,89,483" oya="3" hai0="30,74,102,79,125,6,109,100,114,86,8,1,21" hai1="53,96,22,93,48,55,33,12,17,15,4,77,38" hai2="61,127,64,76,115,124,27,71,52,49,84,91,67" hai3="116,107,70,94,39,18,28,106,129,66,26,7,36"/><W128/><G116/><T90/><D109/><U58/><E33/><V118/><F118/><W81/><G7/><T105/><D125/><N who="2" m="48202" /><F115/><W82/><G18/><T43/><D43/><U59/><E38/><N who="3" m="14378" /><G94/><T19/><D114/><U121/><E77/><V95/><F67/><W3/><G3/><T75/><D30/><U135/><E135/><V131/><F131/><N who="3" m="50251" /><G66/><T99/><D102/><N who="1" m="60687" /><E121/><V41/><F41/><W73/><G70/><T85/><D79/><U37/><E37/><V68/><F76/><N who="3" m="44175" /><G82/><T31/><D31/><U65/><E65/><V63/><F27/><W32/><AGARI ba="0,0" hai="26,28,32,106,107" m="44175,50251,14378" machi="32" ten="30,3000,0" yaku="19,1,23,1" doraHai="50" who="3" fromWho="3" sc="182,-10,246,-10,89,-10,483,30" /><INIT seed="3,1,0,1,4,39" ten="172,236,79,513" oya="3" hai0="97,53,120,94,75,21,23,70,40,88,100,30,10" hai1="4,7,61,103,80,115,47,102,123,133,43,44,82" hai2="51,45,74,134,9,2,19,31,41,3,56,1,73" hai3="76,105,8,22,14,135,84,114,32,42,95,35,13"/><W33/><G105/><T93/><D75/><U110/><E123/><V107/><F107/><W34/><G114/><T129/><D70/><U64/><E115/><V96/><F134/><W87/><G135/><T109/><D109/><U83/><E133/><V118/><F118/><W128/><G128/><T90/><D120/><U77/><E110/><V59/><F31/><W5/><G76/><T20/><D129/><U116/><E77/><V117/><F117/><W113/><G95/><T37/><D30/><U69/><E116/><V124/><F124/><W46/><G113/><T98/><D53/><U67/><E43/><V79/><F96/><W126/><G34/><T36/><D100/><N who="1" m="38443" /><E61/><V86/><F86/><W50/><REACH who="3" step="1"/><G126/><REACH who="3" ten="172,236,79,503" step="2"/><T24/><D93/><U122/><E122/><V48/><F79/><W92/><G92/><T25/><D94/><U104/><E104/><V60/><F74/><W28/><G28/><T131/><D131/><U58/><E82/><V127/><F73/><W106/><G106/><T72/><D72/><U6/><E80/><V26/><F127/><W18/><AGARI ba="1,1" hai="5,8,13,14,18,22,32,33,35,42,46,50,84,87" machi="18" ten="40,7800,0" yaku="1,1,0,1,52,1,53,0" doraHai="39" doraHaiUra="65" who="3" fromWho="3" sc="172,-27,236,-27,79,-27,503,91" /><INIT seed="3,2,0,3,4,9" ten="145,209,52,594" oya="3" hai0="29,15,46,110,71,119,92,99,20,4,76,54,133" hai1="12,123,30,48,26,41,23,34,17,125,82,65,90" hai2="19,67,42,33,75,117,2,58,45,36,80,64,6" hai3="66,107,50,81,5,122,113,130,129,38,106,131,51"/><W100/><G122/><T7/><D119/><U114/><E123/><V104/><F117/><W85/><G38/><T89/><D71/><U3/><E114/><V96/><F33/><W84/><G113/><T124/><D110/><U109/><E109/><V79/><F58/><W135/><G135/><T25/><D133/><U134/><E125/><V57/><F57/><W0/><G66/><T112/><D112/><U77/><E65/><V87/><F87/><N who="3" m="33355" /><G81/><T28/><D76/><U74/><E90/><V21/><F96/><W91/><G91/><T55/><D124/><U97/><E97/><V78/><F78/><W13/><G0/><T37/><D37/><U32/><E134/><V27/><REACH who="2" step="1"/><F104/><REACH who="2" ten="145,209,42,594" step="2"/><N who="3" m="39979" /><G100/><T73/><D99/><U52/><E34/><V70/><F70/><W83/><G83/><T108/><D108/><U62/><E82/><V8/><AGARI ba="2,1" hai="2,6,8,19,21,27,36,42,45,64,67,75,79,80" machi="8" ten="30,7900,0" yaku="1,1,0,1,25,2,53,0" doraHai="9" doraHaiUra="86" who="2" fromWho="2" sc="145,-22,209,-22,42,95,594,-41" /><INIT seed="4,0,0,4,2,69" ten="123,187,137,553" oya="0" hai0="35,39,134,11,82,81,128,54,70,27,36,0,57" hai1="122,58,7,87,1,121,127,34,24,126,92,37,132" hai2="76,29,113,103,31,66,117,32,43,64,85,42,72" hai3="50,133,48,98,44,107,86,19,41,71,67,106,115"/><T10/><D70/><U22/><E34/><V51/><F72/><W105/><G19/><T60/><D134/><U100/><E132/><V93/><F113/><W8/><G133/><T94/><D128/><U46/><E7/><V28/><F32/><W125/><G8/><T95/><D0/><U119/><E1/><V77/><F117/><W61/><G125/><N who="1" m="47626" /><E58/><V15/><F15/><W4/><G4/><T99/><D95/><U73/><E73/><V56/><F103/><W9/><G9/><T74/><D11/><U5/><E5/><V17/><F17/><W97/><G115/><T112/><D10/><U2/><E2/><V88/><F56/><W14/><G14/><T90/><D112/><U75/><E75/><V33/><F33/><W25/><G25/><T130/><D130/><U26/><E26/><V20/><F20/><W89/><G50/><T63/><D63/><U49/><E37/><V102/><F102/><W6/><G6/><T108/><D108/><U116/><E87/><V109/><F109/><W129/><G129/><T65/><D65/><N who="2" m="25194" /><F51/><W78/><G78/><AGARI ba="0,0" hai="28,29,31,42,43,76,77,78,85,88,93" m="25194" machi="78" ten="30,2000,0" yaku="8,1,54,1" doraHai="69" who="2" fromWho="3" sc="123,0,187,0,137,20,553,-20" /><INIT seed="5,0,0,4,0,76" ten="123,187,157,533" oya="1" hai0="98,114,45,39,44,37,48,3,2,67,18,20,30" hai1="43,7,58,23,25,135,60,33,28,109,85,74,69" hai2="17,63,103,129,55,42,133,54,121,119,130,50,8" hai3="106,61,19,83,89,9,122,108,126,29,134,13,94"/><U64/><E109/><V31/><F119/><W100/><G108/><T90/><D67/><U36/><E135/><V66/><F121/><W70/><G122/><T127/><D127/><U21/><E74/><V78/><F133/><W112/><G134/><T40/><D114/><U47/><E7/><V128/><F31/><W97/><G112/><T12/><D30/><U27/><E27/><V82/><F103/><W88/><G126/><T113/><D113/><U16/><E16/><V68/><F42/><W73/><G29/><T49/><D39/><U115/><E115/><V104/><F104/><W51/><G51/><T56/><D56/><U15/><E15/><N who="2" m="7399" /><F50/><W57/><G70/><T6/><D6/><U101/><E101/><V117/><F117/><W125/><G125/><T32/><D32/><U41/><E41/><V0/><F0/><W24/><G24/><T77/><D77/><U92/><E69/><V5/><F5/><W80/><G73/><AGARI ba="0,0" hai="54,55,63,66,68,73,78,82,128,129,130" m="7399" machi="73" ten="30,2000,0" yaku="19,1,52,1" doraHai="76" who="2" fromWho="3" sc="123,0,187,0,157,20,533,-20" /><INIT seed="6,0,0,2,1,3" ten="123,187,177,513" oya="2" hai0="118,74,130,84,124,25,86,97,4,6,109,94,45" hai1="49,119,108,122,95,26,8,76,82,70,52,107,75" hai2="92,111,113,100,41,57,24,51,66,87,53,20,110" hai3="35,134,18,16,15,21,125,56,10,27,62,93,115"/><V33/><F33/><W37/><G37/><T133/><D109/><N who="2" m="41482" /><F113/><W14/><G115/><T83/><D130/><U55/><E108/><V112/><F112/><W12/><G134/><T60/><D133/><U9/><E107/><V114/><F114/><W68/><G68/><T105/><D124/><U123/><E70/><V61/><F41/><W77/><G125/><T42/><D118/><U28/><E95/><V73/><F73/><W44/><G44/><T102/><D60/><U64/><E64/><V103/><F87/><W5/><G77/><N who="0" m="44471" /><D84/><U96/><E96/><N who="2" m="59399" /><F103/><W31/><G93/><T7/><D25/><U101/><E101/><V43/><F43/><W116/><G116/><T78/><D78/><U98/><E98/><V46/><F24/><W91/><G91/><N who="0" m="53623" /><D42/><U36/><E119/><V132/><F20/><W135/><G135/><AGARI ba="0,0" hai="46,51,53,57,61,66,132,135" m="59399,41482" machi="135" ten="30,1500,0" yaku="10,1" doraHai="3" who="2" fromWho="3" sc="123,0,187,0,177,15,513,-15" /><INIT seed="6,1,0,3,5,65" ten="123,187,192,498" oya="2" hai0="71,70,99,59,135,130,32,64,102,27,45,28,100" hai1="89,35,5,6,85,84,18,47,124,0,8,80,96" hai2="121,63,115,132,134,7,11,109,38,49,14,9,26" hai3="125,37,117,51,88,1,23,12,123,41,82,20,77"/><V60/><F38/><W46/><G1/><T29/><D135/><N who="2" m="51754" /><F121/><W108/><G108/><T67/><D130/><U31/><E124/><V104/><F104/><W127/><G123/><T92/><D29/><U55/><E35/><V62/><F115/><W83/><G117/><T113/><D113/><U79/><E31/><V48/><F109/><W122/><G122/><T94/><D45/><U58/><E96/><V78/><F78/><W4/><G37/><T44/><D44/><U73/><E47/><V93/><F26/><W103/><G103/><T42/><D42/><U15/><E73/><V22/><F22/><N who="3" m="8235" /><G88/><T131/><D131/><U40/><E40/><V107/><F107/><W61/><G61/><T95/><D59/><U57/><E0/><N who="2" m="231" /><F93/><W30/><G30/><T34/><D34/><U126/><E126/><N who="3" m="48138" /><G77/><T81/><D81/><N who="1" m="49327" /><E58/><V52/><F52/><W87/><G87/><T17/><D17/><AGARI ba="1,0" hai="11,14,17,48,49,60,62,63" m="231,51754" machi="17" ten="30,1500,0" yaku="20,1" doraHai="65" who="2" fromWho="0" sc="123,-18,187,0,192,18,498,0" /><INIT seed="6,2,0,3,0,48" ten="105,187,210,498" oya="2" hai0="119,14,56,99,26,82,28,24,9,88,94,67,102" hai1="55,36,54,128,104,20,66,96,121,21,69,134,103" hai2="2,8,120,98,3,6,51,109,70,75,116,0,115" hai3="49,64,83,85,129,37,77,30,123,52,53,7,59"/><V63/><F116/><W23/><G37/><T16/><D119/><U18/><E36/><V132/><F120/><W27/><G123/><T78/><D102/><U33/><E121/><V72/><F115/><W84/><G129/><T111/><D111/><U86/><E128/><V89/><F109/><W76/><G7/><T62/><REACH who="0" step="1"/><D28/><REACH who="0" ten="95,187,210,498" step="2"/><U114/><E114/><V42/><F0/><W65/><G53/><T101/><D101/><U43/><E103/><V92/><F2/><W13/><G13/><T79/><D79/><U105/><E54/><V10/><F3/><W60/><G60/><T45/><D45/><U68/><E55/><V44/><F63/><W131/><G131/><T126/><D126/><U80/><E66/><V97/><F44/><W47/><G47/><T135/><D135/><U71/><E134/><V19/><F132/><W11/><G11/><T57/><D57/><U113/><E113/><V90/><F10/><W39/><G39/><T1/><D1/><U130/><E130/><V112/><F8/><W29/><G29/><T58/><D58/><U22/><E68/><V124/><F70/><W25/><G25/><T34/><D34/><U93/><E33/><V15/><F15/><W122/><G122/><T40/><D40/><U106/><E43/><V17/><F42/><W46/><G46/><T41/><D41/><U73/><E69/><V74/><F124/><W91/><G77/><T108/><D108/><U87/><E71/><V133/><F112/><W31/><G31/><T110/><D110/><U127/><E127/><V117/><F117/><W35/><G35/><RYUUKYOKU ba="2,1" sc="95,15,187,-15,210,-15,498,15" hai0="9,14,16,24,26,56,62,67,78,82,88,94,99" hai3="23,27,30,49,52,59,64,65,76,83,84,85,91" /><INIT seed="7,3,1,0,5,29" ten="110,172,195,513" oya="3" hai0="135,32,133,126,49,15,50,91,69,3,110,101,35" hai1="62,54,86,124,95,71,64,39,42,89,132,94,10" hai2="57,65,127,21,25,119,11,58,22,26,117,122,125" hai3="63,113,46,120,47,84,56,134,115,28,48,81,53"/><W83/><G120/><T14/><D110/><U1/><E124/><N who="2" m="47691" /><F11/><W20/><G134/><N who="0" m="51211" /><D101/><U130/><E132/><V60/><F58/><W12/><G46/><T24/><D69/><U111/><E111/><V90/><F90/><W51/><G51/><N who="0" m="19467" /><D3/><U97/><E130/><V27/><F122/><W9/><G20/><AGARI ba="3,1" hai="20,21,22,25,26,27,57,60,65,117,119" m="47691" machi="20" ten="30,1000,0" yaku="18,1" doraHai="29" who="2" fromWho="3" sc="110,0,172,0,195,29,513,-19" owari="110,-39.0,172,-23.0,224,2.0,494,60.0" /></mjloggm>