<mjloggm ver="2.3"><GO type="169" lobby="0"/><UN n0="%53%2E%44%61%6E%63%65%72" n1="%E7%BE%A4%E9%9D%92%E6%97%A5%E5%92%8C%EF%BC%A0" n2="%E3%82%A6%E3%83%AB%E3%83%88%E3%83%A9%E7%AB%8B%E7%9B%B4" n3="%6B%E3%81%AE%64%65%73%75" dan="16,16,18,17" rate="2184.84,2112.75,2250.33,2058.51" sx="M,F,M,M"/><TAIKYOKU oya="0"/><INIT seed="0,0,0,3,5,74" ten="250,250,250,250" oya="0" hai0="86,69,107,44,67,42,25,66,77,62,50,31,39" hai1="95,135,59,22,108,131,134,23,11,82,100,132,113" hai2="56,122,9,85,78,13,99,34,71,36,127,46,70" hai3="81,123,4,90,73,76,52,3,51,102,91,126,129"/><T115/><D115/><U1/><E59/><V72/><F34/><W12/><G129/><T120/><D120/><U21/><E113/><V84/><F122/><W93/><G123/><T80/><D107/><U119/><E119/><V110/><F56/><W7/><G126/><T57/><D66/><U96/><E108/><V58/><F58/><W53/><G3/><T111/><D111/><U45/><E45/><V55/><F99/><W130/><G130/><T87/><D86/><U40/><E40/><V37/><F110/><W16/><G102/><T26/><D31/><U116/><E116/><V61/><F127/><W97/><G90/><T30/><D30/><U0/><E131/><V88/><F72/><W28/><G28/><T15/><D15/><U128/><E128/><V27/><F27/><W79/><G79/><T64/><D64/><U14/><REACH who="1" step="1"/><E82/><REACH who="1" ten="250,240,250,250" step="2"/><V24/><F46/><W49/><G53/><AGARI ba="0,1" hai="25,26,39,42,44,50,53,57,62,67,69,77,80,87" machi="53" ten="40,7700,0" yaku="24,2,52,1" doraHai="74" who="0" fromWho="3" sc="250,87,240,0,250,0,250,-77" /><INIT seed="0,1,0,1,1,18" ten="337,240,250,173" oya="0" hai0="57,29,79,120,56,12,93,31,2,90,1,83,119" hai1="19,67,9,49,76,10,8,11,135,7,41,123,73" hai2="5,125,35,110,62,36,103,33,85,21,97,131,59" hai3="39,117,60,46,126,16,91,63,32,89,75,82,128"/><T53/><D119/><U20/><E123/><V133/><F36/><W71/><G32/><T134/><D120/><U22/><E67/><V96/><F110/><W122/><G117/><T6/><D134/><U58/><E135/><V26/><F131/><W118/><G118/><T51/><D2/><U121/><E121/><V48/><F125/><W111/><G122/><T50/><D1/><U30/><E73/><V108/><F108/><W101/><G111/><T113/><D113/><U65/><E76/><V54/><F133/><W64/><G101/><T61/><D51/><U52/><E30/><V100/><F5/><W107/><G107/><T14/><D83/><U43/><E19/><V112/><F85/><W132/><G132/><T38/><D38/><U0/><REACH who="1" step="1"/><E65/><REACH who="1" ten="337,230,250,173" step="2"/><V84/><F112/><W47/><G16/><T17/><D79/><U45/><E45/><V78/><F78/><W24/><G47/><T88/><D6/><U70/><E70/><V37/><F35/><W66/><G75/><T68/><D68/><U72/><E72/><V15/><F33/><W105/><G71/><T28/><D17/><U77/><E77/><V127/><F26/><W40/><G24/><T87/><D90/><U130/><E130/><V86/><F127/><W25/><G126/><T80/><D80/><U116/><E116/><V92/><F103/><W3/><G128/><T99/><D87/><U23/><AGARI ba="1,1" hai="0,7,8,9,10,11,20,22,23,41,43,49,52,58" machi="23" ten="30,12000,2" yaku="1,1,0,1,52,3,54,1,53,0" doraHai="18" doraHaiUra="115" who="1" fromWho="1" sc="337,-61,230,133,250,-31,173,-31" /><INIT seed="1,0,0,2,4,21" ten="276,363,219,142" oya="1" hai0="102,45,43,70,47,55,18,82,66,127,86,63,117" hai1="62,19,58,76,57,30,22,1,88,4,124,123,48" hai2="118,17,81,68,115,134,27,28,106,129,120,46,61" hai3="110,92,56,3,107,97,52,98,132,36,9,94,32"/><U35/><E123/><V71/><F118/><W39/><G32/><T14/><D117/><U85/><E124/><V16/><F120/><W50/><G110/><T31/><D127/><U37/><E37/><V44/><F106/><W105/><G132/><T95/><D31/><U33/><E76/><V126/><F126/><W0/><G9/><T40/><D95/><U93/><E30/><V53/><F134/><W49/><G56/><T60/><D102/><U5/><E1/><V64/><F71/><W113/><REACH who="3" step="1"/><G52/><REACH who="3" ten="276,363,219,132" step="2"/><T6/><D60/><U41/><E33/><V11/><F11/><W13/><G13/><T29/><D55/><N who="1" m="31975" /><E35/><V100/><F53/><W7/><G7/><T54/><D6/><U72/><E5/><V87/><F61/><W108/><G108/><T112/><D54/><U23/><E4/><V114/><F64/><W75/><G75/><T38/><D63/><U135/><E72/><V90/><F68/><W73/><G73/><T99/><D66/><U133/><E133/><V121/><F121/><W2/><G2/><T10/><D70/><U67/><E135/><V69/><F69/><W111/><G111/><T104/><D45/><U128/><E58/><V119/><F46/><W59/><G59/><T20/><D47/><U15/><E62/><V65/><F44/><W8/><G8/><T80/><D10/><U34/><E34/><V131/><F65/><W24/><G24/><T78/><D14/><U74/><E74/><V89/><F27/><W79/><G79/><T116/><D78/><U91/><E67/><V84/><F119/><W101/><G101/><RYUUKYOKU ba="0,1" sc="276,-10,363,-10,219,-10,132,30" hai3="0,3,36,39,49,50,92,94,97,98,105,107,113" /><INIT seed="2,1,1,2,5,0" ten="266,353,209,162" oya="2" hai0="15,21,18,127,45,35,65,75,134,11,88,23,36" hai1="14,111,131,67,25,63,1,76,7,110,56,123,52" hai2="84,38,105,100,50,120,5,39,89,26,104,19,29" hai3="73,70,126,22,107,118,46,90,32,57,16,48,81"/><V108/><F120/><W98/><G70/><T94/><D75/><U128/><E1/><V61/><F108/><N who="1" m="41513" /><E76/><V122/><F122/><W119/><G32/><T113/><D113/><U47/><E123/><V117/><F117/><W80/><G126/><T112/><D112/><U109/><E109/><V121/><F121/><W40/><G57/><T74/><D74/><U66/><E25/><V64/><F19/><W135/><G135/><T41/><D127/><U106/><E106/><V17/><F17/><W49/><G49/><T102/><D102/><U43/><E7/><V42/><F5/><W82/><G73/><T10/><D35/><U69/><E14/><V79/><F79/><W37/><G37/><T13/><D65/><N who="1" m="24587" /><E69/><N who="2" m="42127" /><F105/><W93/><REACH who="3" step="1"/><G107/><REACH who="3" ten="266,353,209,152" step="2"/><T27/><D134/><U58/><E58/><V71/><F71/><W101/><G101/><T12/><REACH who="0" step="1"/><D23/><REACH who="0" ten="256,353,209,152" step="2"/><U83/><E83/><N who="2" m="49311" /><F100/><W85/><G85/><AGARI ba="1,3" hai="10,11,12,13,15,18,21,27,36,41,45,85,88,94" machi="85" ten="40,2600,0" yaku="1,1,54,1,53,0" doraHai="0" doraHaiUra="59" who="0" fromWho="3" sc="256,59,353,0,209,0,152,-29" /><INIT seed="3,0,0,1,0,25" ten="315,353,209,123" oya="3" hai0="69,91,48,116,97,16,28,58,33,99,110,112,22" hai1="23,53,40,102,121,113,36,49,107,65,131,90,24" hai2="79,95,21,84,42,67,127,1,73,123,130,62,111" hai3="92,30,63,103,109,11,7,55,105,8,44,52,133"/><W31/><G105/><T117/><D110/><U75/><E121/><V43/><F1/><W35/><G109/><T54/><D69/><U76/><E113/><V68/><F111/><W37/><G133/><T115/><D33/><U80/><E131/><V85/><F127/><W114/><G114/><N who="0" m="43563" /><D28/><N who="3" m="10793" /><G37/><T108/><D108/><U66/><E40/><V32/><F32/><W46/><G35/><T96/><D91/><U132/><E36/><V134/><F73/><W39/><G39/><T56/><D58/><U9/><E90/><V135/><F130/><W83/><G83/><T93/><D93/><U47/><E9/><N who="3" m="3658" /><G7/><T86/><D86/><U27/><E132/><V88/><F123/><W60/><G55/><T26/><AGARI ba="0,0" hai="16,22,26,48,54,56,96,97,99,116,117" m="43563" machi="26" ten="30,2000,0" yaku="11,1,54,1" doraHai="25" who="0" fromWho="0" sc="315,20,353,-5,209,-5,123,-10" /><INIT seed="4,0,0,0,0,89" ten="335,348,204,113" oya="0" hai0="88,2,1,122,44,66,51,125,13,58,98,22,11" hai1="107,72,126,52,123,69,109,96,85,132,84,62,33" hai2="108,134,74,61,57,20,117,27,68,49,135,112,15" hai3="102,71,83,0,36,81,63,29,7,104,128,16,127"/><T3/><D122/><U78/><E109/><V53/><F74/><W91/><G36/><T12/><D125/><U56/><E123/><V31/><F108/><W130/><G29/><T79/><D79/><U60/><E126/><V86/><F112/><W133/><G127/><T25/><D58/><U101/><E132/><V111/><F111/><W67/><G133/><N who="2" m="50697" /><F86/><W116/><G116/><T24/><D66/><U5/><E5/><V18/><F117/><W87/><G81/><T121/><D121/><U99/><E33/><N who="2" m="20735" /><F49/><W43/><G43/><T95/><D22/><U17/><E72/><V45/><F45/><W39/><G39/><T103/><D103/><U118/><E78/><V105/><F105/><W77/><G77/><T55/><REACH who="0" step="1"/><D13/><REACH who="0" ten="325,348,204,113" step="2"/><U38/><E118/><V26/><F68/><W19/><G102/><T59/><D59/><U65/><E65/><V73/><F73/><W8/><REACH who="3" step="1"/><G104/><REACH who="3" ten="325,348,204,103" step="2"/><T120/><D120/><U124/><E101/><V42/><F42/><W37/><G37/><T40/><D40/><U82/><E38/><V35/><F35/><W23/><G23/><T75/><D75/><U47/><E107/><V114/><F114/><W131/><AGARI ba="0,2" hai="0,7,8,16,19,63,67,71,83,87,91,128,130,131" machi="131" ten="30,7900,0" yaku="1,1,0,1,19,1,54,1,53,0" doraHai="89" doraHaiUra="93" who="3" fromWho="3" sc="325,-39,348,-20,204,-20,103,99" /><INIT seed="5,0,0,3,2,79" ten="286,328,184,202" oya="1" hai0="122,132,50,35,70,73,12,18,39,76,125,7,58" hai1="6,71,81,4,129,61,5,117,60,127,74,45,93" hai2="57,90,97,63,52,53,49,20,94,24,55,16,23" hai3="91,68,34,82,115,54,31,123,29,46,27,96,0"/><U11/><E117/><V48/><REACH who="2" step="1"/><F23/><REACH who="2" ten="286,328,174,202" step="2"/><W33/><G33/><T80/><D35/><U92/><E127/><V47/><F47/><W42/><G34/><T69/><D125/><U25/><E45/><V128/><F128/><W75/><G46/><T13/><D122/><U111/><E129/><V130/><F130/><W56/><G123/><T32/><D32/><U28/><E111/><V84/><F84/><W77/><G75/><T134/><D134/><U112/><E74/><V78/><F78/><W38/><G77/><T107/><D76/><U133/><E133/><V104/><F104/><W9/><G9/><N who="0" m="4159" /><D73/><U113/><E11/><V106/><F106/><W30/><G38/><T1/><D107/><U124/><E124/><V37/><F37/><W135/><G135/><T114/><D39/><U126/><E126/><V105/><F105/><W88/><G96/><T101/><D132/><U120/><E120/><V22/><F22/><W87/><G87/><T21/><D114/><U108/><E108/><V40/><F40/><W85/><G42/><T119/><D119/><U110/><E110/><V59/><F59/><W8/><G115/><T62/><D58/><U17/><E112/><V10/><F10/><W116/><G116/><T44/><D21/><U14/><E113/><V131/><F131/><W95/><G56/><T67/><D44/><U3/><E71/><V100/><F100/><W109/><G68/><T51/><D70/><U65/><E3/><V15/><F15/><W66/><G109/><T43/><D69/><U89/><E14/><V98/><F98/><N who="3" m="57703" /><G0/><T102/><D1/><RYUUKYOKU ba="0,1" sc="286,-10,328,-10,174,30,202,-10" hai2="16,20,24,48,49,52,53,55,57,63,90,94,97" /><INIT seed="6,1,1,3,1,45" ten="276,318,204,192" oya="2" hai0="62,109,32,102,26,120,121,131,106,77,14,11,43" hai1="61,48,68,38,135,67,110,80,35,56,64,37,83" hai2="17,12,8,91,118,13,94,18,87,70,58,95,107" hai3="86,92,59,99,112,93,134,79,4,54,74,85,10"/><V73/><F118/><W115/><G134/><T52/><D109/><U126/><E110/><V111/><F70/><W33/><G33/><T103/><D43/><U20/><E35/><V29/><F111/><W25/><G25/><T0/><D0/><U113/><E20/><V15/><F107/><W57/><G74/><T122/><D77/><U96/><E96/><V55/><F73/><W129/><G129/><T76/><D76/><U30/><E30/><V88/><F29/><W89/><G79/><T84/><D84/><N who="3" m="32361" /><G54/><T53/><D62/><U108/><E83/><V31/><F31/><W97/><G97/><T6/><D131/><U28/><E28/><V46/><F46/><W63/><G63/><T23/><D32/><U128/><E80/><V104/><F104/><W101/><G93/><T116/><D116/><U105/><E105/><V69/><F69/><W127/><G127/><T47/><D47/><U41/><E126/><V16/><F91/><W3/><G89/><T72/><D72/><U9/><E135/><V24/><F24/><W75/><G75/><T81/><D81/><U82/><E82/><N who="2" m="49271" /><F8/><W66/><G66/><T7/><D106/><U133/><E9/><V98/><F98/><W44/><G44/><T19/><D103/><U60/><E133/><V119/><F119/><W40/><G40/><T51/><D102/><U78/><E78/><V71/><F71/><W132/><G132/><T50/><D53/><N who="1" m="31783" /><E108/><V124/><F124/><W27/><G27/><T125/><D125/><U114/><E128/><V90/><F90/><W117/><G117/><T36/><D121/><RYUUKYOKU ba="1,1" sc="276,-15,318,-15,204,15,192,15" hai2="12,13,15,16,17,18,55,58,94,95" hai3="3,4,10,57,59,92,99,101,112,115" /><INIT seed="6,2,1,2,0,53" ten="261,303,219,207" oya="2" hai0="4,119,72,52,79,89,3,93,34,22,37,76,65" hai1="62,112,70,128,129,122,38,47,121,40,133,30,82" hai2="131,44,57,60,26,55,75,127,108,46,96,7,116" hai3="114,113,15,58,68,95,71,105,63,132,16,117,39"/><V59/><F116/><W19/><G117/><T13/><D119/><U69/><E30/><V110/><F75/><W27/><G105/><T9/><D34/><U101/><E112/><N who="3" m="43114" /><G132/><T94/><D37/><U21/><E133/><V83/><F131/><N who="1" m="50249" /><E21/><V111/><F127/><W20/><G95/><T91/><D65/><N who="1" m="41143" /><E70/><V88/><F7/><W125/><G39/><T87/><D72/><U56/><E101/><V61/><F26/><W18/><G125/><T17/><REACH who="0" step="1"/><D52/><REACH who="0" ten="251,303,219,207" step="2"/><U43/><E43/><V0/><F55/><N who="3" m="34271" /><G15/><T66/><D66/><U41/><E41/><V25/><F110/><W73/><G73/><T86/><AGARI ba="2,2" hai="3,4,9,13,17,22,76,79,86,87,89,91,93,94" machi="86" ten="20,5200,0" yaku="1,1,0,1,7,1,9,1,53,0" doraHai="53" doraHaiUra="36" who="0" fromWho="0" sc="251,78,303,-15,219,-28,207,-15" /><INIT seed="7,0,0,0,2,84" ten="329,288,191,192" oya="3" hai0="36,126,69,4,113,42,101,109,20,22,5,9,127" hai1="75,65,120,76,124,33,38,99,37,52,93,17,77" hai2="90,100,25,85,108,79,72,102,27,104,112,83,15" hai3="8,98,67,66,114,115,61,3,110,43,134,45,122"/><W80/><G122/><T125/><D109/><U88/><E120/><V29/><F108/><W39/><G110/><T63/><D113/><N who="3" m="43017" /><G134/><T48/><D36/><U78/><E75/><V40/><F112/><W10/><G3/><N who="0" m="159" /><D5/><U71/><E124/><V51/><F104/><W117/><G117/><T13/><D101/><N who="2" m="39018" /><F72/><W2/><G2/><T54/><D42/><U16/><E33/><V106/><F106/><W74/><G98/><T129/><D129/><U7/><E7/><V121/><F121/><W131/><G131/><T18/><D22/><U1/><E1/><V32/><F32/><W21/><G21/><T60/><D69/><U103/><E103/><V57/><F29/><W58/><G67/><T133/><D133/><U111/><E111/><V81/><F27/><W135/><G135/><T82/><D82/><U59/><E37/><V53/><F25/><W89/><G89/><T19/><D19/><U55/><E38/><V31/><F31/><W105/><G105/><T35/><D35/><U68/><E68/><V70/><F70/><W49/><G39/><T119/><D119/><U87/><E71/><V6/><F15/><W91/><G91/><T130/><D130/><U94/><E16/><V118/><F6/><W107/><G107/><T56/><AGARI ba="0,0" hai="13,18,20,48,54,56,60,63,125,126,127" m="159" machi="56" ten="30,1100,0" yaku="18,1" doraHai="84" who="0" fromWho="0" sc="329,11,288,-3,191,-3,192,-5" owari="340,43.0,285,9.0,188,-21.0,187,-31.0" /></mjloggm>