<mjloggm ver="2.3"><GO type="169" lobby="0"/><UN n0="%E5%B9%BB%E9%9C%8A" n1="%E3%82%B8%E3%83%A3%E3%83%83%E3%82%AB%EF%BD%9E%E3%83%AB" n2="%E3%83%88%E3%83%88%E3%83%AA%E5%85%88%E7%94%9F%31%39%E6%AD%B3" n3="%E7%84%A1%E3%81%84%EF%BC%81%EF%BC%81" dan="17,16,19,16" rate="2131.40,2134.18,2282.90,2036.35" sx="M,F,F,M"/><TAIKYOKU oya="0"/><INIT seed="0,0,0,3,3,93" ten="250,250,250,250" oya="0" hai0="56,77,111,49,115,1,95,122,73,76,12,21,55" hai1="71,82,104,92,112,101,134,81,24,29,5,44,89" hai2="57,127,120,72,129,87,30,94,34,116,119,70,118" hai3="106,26,133,108,54,23,2,74,31,53,0,124,107"/><T35/><D122/><U40/><E134/><V126/><F72/><W121/><G74/><T47/><D115/><U51/><E71/><V68/><F120/><W59/><G121/><T33/><D1/><U15/><E112/><V9/><F129/><W98/><G133/><T128/><D128/><U97/><E15/><V130/><F130/><W117/><G117/><T42/><D111/><U102/><E5/><V63/><F9/><W90/><G108/><T48/><D95/><U16/><E102/><V85/><F30/><W37/><G37/><T86/><D73/><U96/><REACH who="1" step="1"/><E16/><REACH who="1" ten="250,240,250,250" step="2"/><V83/><F70/><W61/><G2/><T25/><D12/><U18/><E18/><V46/><F68/><W88/><G0/><T11/><D11/><U67/><E67/><V135/><F135/><W69/><G69/><T6/><D6/><U125/><E125/><V22/><F126/><W8/><G124/><T80/><D76/><U60/><E60/><V91/><F127/><W110/><G8/><T27/><D27/><U19/><E19/><AGARI ba="0,1" hai="19,21,25,33,35,42,47,48,49,55,56,77,80,86" machi="19" ten="30,1500,0" yaku="7,1" doraHai="93" who="0" fromWho="1" sc="250,25,240,-15,250,0,250,0" /><INIT seed="0,1,0,4,1,110" ten="275,225,250,250" oya="0" hai0="93,16,102,30,82,53,62,12,119,101,70,87,57" hai1="38,131,79,4,32,99,54,89,5,72,90,40,9" hai2="121,86,111,69,127,125,134,118,123,104,133,14,50" hai3="13,45,0,85,33,130,36,132,65,25,95,81,39"/><T126/><D119/><U120/><E120/><N who="2" m="46155" /><F14/><W7/><G0/><T94/><D126/><N who="2" m="48138" /><F118/><W23/><G65/><T128/><D70/><U22/><E32/><V15/><F15/><W124/><G124/><T1/><D1/><U116/><E116/><V97/><F69/><W21/><G130/><T96/><D128/><U83/><E131/><V71/><F71/><W112/><G95/><N who="0" m="58527" /><D30/><U113/><E4/><V129/><F50/><W75/><G75/><T115/><D102/><U91/><E22/><V55/><F55/><W17/><G33/><T11/><D115/><U109/><E54/><V35/><F35/><W78/><G112/><T31/><D31/><U34/><E34/><V24/><F24/><W122/><G122/><T6/><D6/><U77/><E113/><V52/><F52/><W58/><G7/><T92/><D92/><U44/><E109/><V84/><F111/><W108/><G108/><T107/><D107/><U56/><E56/><V64/><F64/><W48/><G58/><T105/><D105/><U74/><E99/><V3/><F3/><W61/><G39/><T10/><D10/><U49/><E38/><V43/><F43/><N who="3" m="24639" /><G36/><T67/><D67/><U41/><E41/><V42/><F42/><W19/><G61/><T59/><D59/><U47/><E47/><V2/><F2/><W100/><G100/><T80/><D80/><N who="1" m="45095" /><E5/><V28/><F129/><W88/><G132/><N who="2" m="50793" /><F28/><W29/><G29/><T117/><D117/><U98/><E9/><V20/><F20/><W27/><G13/><T46/><D46/><U106/><E40/><V66/><F66/><RYUUKYOKU ba="1,0" sc="275,10,225,-30,250,10,250,10" hai0="11,12,16,53,57,62,82,87,93,94" hai2="84,86,97,104" hai3="17,19,21,23,25,27,78,81,85,88" /><INIT seed="0,2,0,0,2,39" ten="285,195,260,260" oya="0" hai0="65,103,116,83,94,80,47,32,96,18,12,42,31" hai1="71,20,37,35,34,130,111,98,93,78,135,133,41" hai2="17,125,79,113,4,28,64,117,10,73,75,74,56" hai3="97,11,95,16,48,33,58,90,5,57,128,104,119"/><T91/><D116/><U3/><E3/><V109/><F113/><W50/><G119/><T63/><D32/><U121/><E121/><V36/><F117/><W66/><G128/><T0/><D31/><U102/><E130/><V127/><F109/><W67/><G104/><T105/><D0/><U108/><E71/><V52/><F64/><N who="3" m="24619" /><G33/><N who="1" m="12298" /><E20/><V110/><F28/><W101/><G5/><T124/><D124/><N who="2" m="47690" /><F17/><W23/><G101/><T68/><D68/><U87/><BYE who="0" /><E87/><V19/><F19/><W62/><G11/><T44/><D44/><N who="1" m="23599" /><E78/><UN n0="%E5%B9%BB%E9%9C%8A" /><V54/><F110/><AGARI ba="2,0" hai="93,98,102,108,110,111,133,135" m="23599,12298" machi="110" ten="30,2000,0" yaku="14,1,52,1" doraHai="39" who="1" fromWho="2" sc="285,0,195,26,260,-26,260,0" /><INIT seed="1,0,0,0,0,62" ten="285,221,234,260" oya="1" hai0="123,51,65,38,91,56,93,128,17,59,80,96,50" hai1="20,66,67,28,11,7,133,10,98,55,115,34,35" hai2="60,69,74,89,42,6,52,47,22,53,85,68,25" hai3="4,29,94,54,58,76,81,37,118,84,83,2,132"/><U57/><E115/><V110/><F74/><W114/><G37/><T27/><D38/><U82/><E133/><V32/><F32/><W19/><G114/><T88/><D128/><U16/><E82/><V44/><F6/><W72/><G132/><T104/><D104/><U23/><E98/><V49/><F110/><W120/><G120/><T111/><D111/><U92/><E92/><V105/><F105/><W100/><G29/><T9/><D123/><U126/><E126/><V43/><F68/><W26/><G2/><T97/><D59/><U33/><E28/><N who="2" m="17463" /><F69/><W70/><G4/><T21/><D9/><U63/><E23/><V15/><F15/><W101/><G70/><T71/><D71/><U39/><E39/><V48/><F60/><W1/><G1/><T64/><D97/><U75/><E75/><V45/><F45/><W41/><G118/><T106/><D106/><U107/><E107/><V117/><F117/><W109/><G72/><T31/><D31/><U12/><REACH who="1" step="1"/><E11/><REACH who="1" ten="285,211,234,260" step="2"/><V5/><F5/><W14/><G109/><T30/><D30/><U79/><E79/><V127/><F127/><W40/><G76/><T3/><D96/><U95/><E95/><AGARI ba="0,1" hai="42,43,44,47,48,49,52,53,85,89,95" m="17463" machi="95" ten="30,2000,0" yaku="8,1,54,1" doraHai="62" who="2" fromWho="1" sc="285,0,211,-20,234,30,260,0" /><INIT seed="2,0,0,1,5,22" ten="285,191,264,260" oya="2" hai0="34,51,124,16,66,38,75,72,94,15,129,123,74" hai1="2,107,113,69,19,6,81,111,127,126,35,131,48" hai2="95,78,112,18,96,55,80,87,104,57,91,105,88" hai3="84,109,12,92,0,98,45,41,58,13,20,29,68"/><V115/><F18/><W44/><G68/><T73/><D123/><U32/><E48/><V30/><F30/><W93/><G109/><T61/><D38/><U50/><E50/><V60/><REACH who="2" step="1"/><F78/><REACH who="2" ten="285,191,254,260" step="2"/><W70/><G29/><T77/><D77/><U8/><E19/><V97/><F97/><W9/><G98/><T90/><D16/><U7/><E111/><V125/><F125/><W59/><G44/><T64/><D124/><U67/><E127/><V24/><F24/><W10/><G45/><T122/><D122/><U63/><E126/><V25/><F25/><W14/><G9/><T108/><D108/><U46/><E8/><V43/><F43/><W31/><G41/><T42/><D42/><U106/><E46/><V36/><F36/><W27/><G10/><T4/><D4/><U28/><E28/><V49/><F49/><W39/><G39/><T133/><D133/><U101/><BYE who="0" /><E7/><V82/><F82/><W54/><G27/><UN n0="%E5%B9%BB%E9%9C%8A" /><T134/><D51/><U76/><E81/><V47/><F47/><W89/><G31/><T118/><D134/><U99/><E76/><V121/><F121/><W117/><G20/><T17/><D17/><U52/><E6/><V26/><F26/><W119/><G119/><T5/><D118/><U79/><E79/><V33/><F33/><W83/><G117/><T21/><D74/><U132/><E35/><V40/><F40/><W85/><G83/><T62/><D73/><U110/><E32/><V23/><F23/><W37/><G37/><T71/><D34/><U130/><E132/><V135/><F135/><W65/><G85/><RYUUKYOKU ba="0,1" sc="285,-10,191,-10,254,30,260,-10" hai2="55,57,60,80,87,88,91,95,96,104,105,112,115" /><INIT seed="2,1,1,2,1,29" ten="275,181,284,250" oya="2" hai0="69,47,100,58,16,35,74,99,54,119,15,11,108" hai1="17,90,43,127,126,13,55,95,19,57,40,107,18" hai2="114,130,89,37,59,52,6,110,77,25,106,39,73" hai3="28,133,80,21,12,94,56,83,53,118,102,67,33"/><V103/><F114/><W112/><G118/><T98/><D119/><U61/><E107/><V41/><F130/><W72/><G112/><T4/><D69/><U129/><E129/><V5/><F110/><W34/><G67/><T105/><D108/><U81/><E81/><V48/><F89/><W1/><G1/><T0/><D74/><U49/><E13/><V65/><F65/><W88/><G102/><T32/><D47/><U51/><E49/><V22/><F77/><W78/><G83/><T8/><D99/><U131/><E131/><V79/><F79/><W2/><G2/><T46/><D46/><U45/><REACH who="1" step="1"/><E43/><REACH who="1" ten="275,171,284,250" step="2"/><V97/><F41/><W104/><G104/><T101/><D101/><U85/><AGARI ba="1,2" hai="17,18,19,40,45,51,55,57,61,85,90,95,126,127" machi="85" ten="30,4000,0" yaku="1,1,2,1,0,1,53,0" doraHai="29" doraHaiUra="24" who="1" fromWho="1" sc="275,-11,171,63,284,-21,250,-11" /><INIT seed="3,0,0,3,2,72" ten="264,234,263,239" oya="3" hai0="25,116,90,7,53,79,35,9,47,128,5,78,17" hai1="44,133,83,86,55,22,123,125,129,81,64,2,131" hai2="132,28,6,61,23,36,50,16,63,20,84,14,76" hai3="105,73,29,69,24,67,0,101,41,56,94,71,108"/><W91/><G0/><T4/><D116/><U40/><E2/><V95/><F36/><W51/><G73/><T77/><D128/><N who="1" m="49227" /><E123/><V12/><F132/><W33/><G108/><T135/><D135/><U59/><E64/><V3/><F3/><W93/><G69/><T92/><D35/><U10/><E10/><N who="2" m="4183" /><F28/><W114/><G114/><T30/><D30/><U21/><E125/><V19/><F50/><W31/><G31/><T37/><D37/><N who="1" m="21519" /><E83/><N who="2" m="47207" /><F95/><W45/><G91/><T112/><D112/><U82/><E82/><V87/><F87/><W38/><G38/><T102/><D102/><U75/><E75/><V39/><F39/><W43/><G43/><T120/><D120/><U99/><E99/><V130/><F130/><W62/><REACH who="3" step="1"/><G56/><REACH who="3" ten="264,234,263,229" step="2"/><T65/><D90/><N who="1" m="51535" /><E133/><V11/><F11/><W1/><G1/><T27/><D9/><U97/><E97/><AGARI ba="0,1" hai="24,29,33,41,45,51,62,67,71,93,94,97,101,105" machi="97" ten="40,7700,0" yaku="1,1,25,2,53,0" doraHai="72" doraHaiUra="126" who="3" fromWho="1" sc="264,0,234,-77,263,0,229,87" /><INIT seed="3,1,0,0,1,32" ten="264,157,263,316" oya="3" hai0="83,21,105,27,58,14,118,35,6,111,134,70,85" hai1="122,3,18,108,19,74,4,0,51,7,76,31,57" hai2="56,45,65,30,8,20,71,84,78,50,102,40,73" hai3="131,26,103,106,99,60,86,77,16,125,1,55,24"/><W11/><G131/><T97/><D118/><U94/><E74/><V5/><F73/><W67/><G55/><T54/><D70/><U68/><E76/><V129/><F129/><W91/><G77/><T90/><D35/><U43/><E68/><V72/><F72/><W23/><G125/><T124/><D124/><U107/><E107/><V25/><F71/><W120/><G120/><T69/><D69/><U34/><E94/><V123/><F102/><W126/><G126/><T61/><D111/><U80/><E80/><V2/><F123/><W53/><G67/><T82/><D134/><U112/><E122/><V92/><F92/><W48/><G60/><T13/><D6/><N who="1" m="2091" /><E57/><V110/><F110/><W98/><G98/><T10/><D10/><U79/><E79/><V93/><F93/><W28/><G1/><N who="1" m="586" /><E51/><V52/><F65/><W116/><G106/><T46/><D83/><U127/><E43/><V12/><F2/><W75/><G75/><T132/><D132/><U41/><E41/><V36/><F78/><W44/><G48/><N who="0" m="28951" /><D105/><U9/><E127/><V119/><F84/><W109/><G86/><T29/><D97/><U113/><E108/><V63/><REACH who="2" step="1"/><F119/><REACH who="2" ten="264,157,253,316" step="2"/><W114/><G109/><T47/><D85/><U121/><E121/><V88/><F88/><W96/><G91/><T15/><D90/><U22/><E113/><V89/><F89/><W59/><G116/><T62/><D82/><U49/><E112/><V117/><F117/><W81/><G114/><T42/><D58/><U128/><E128/><V66/><F66/><W104/><G59/><T95/><D95/><RYUUKYOKU ba="1,1" sc="264,15,157,-15,253,15,316,-15" hai0="13,14,15,21,27,29,42,47,61,62" hai2="5,8,12,20,25,30,36,40,45,50,52,56,63" /><INIT seed="4,2,1,2,2,66" ten="279,142,268,301" oya="0" hai0="26,39,56,0,102,36,80,29,84,62,104,130,121" hai1="78,65,69,7,83,99,122,125,88,51,72,92,113" hai2="110,47,81,54,12,6,128,114,27,126,94,68,57" hai3="43,17,41,127,131,21,44,18,63,106,3,76,42"/><T10/><D121/><U108/><E122/><V13/><F110/><W58/><G106/><T55/><D130/><U135/><E108/><V74/><F128/><W132/><G131/><T1/><D104/><U112/><E125/><V67/><F126/><W87/><G127/><T75/><D75/><U37/><E37/><V5/><F114/><N who="1" m="44137" /><E135/><V28/><F47/><W91/><G76/><T22/><D102/><U95/><E7/><V34/><F94/><W115/><G115/><T23/><D23/><U133/><E51/><V61/><F6/><W103/><G103/><T82/><D82/><U64/><E133/><V60/><REACH who="2" step="1"/><F5/><REACH who="2" ten="279,142,258,301" step="2"/><W71/><G44/><T119/><D0/><U100/><E69/><V79/><AGARI ba="2,2" hai="12,13,27,28,34,54,57,60,61,67,68,74,79,81" machi="79" ten="30,8000,1" yaku="1,1,2,1,0,1,52,1,53,1" doraHai="66" doraHaiUra="25" who="2" fromWho="2" sc="279,-42,142,-22,258,106,301,-22" /><INIT seed="5,0,0,4,3,68" ten="237,120,364,279" oya="1" hai0="4,107,65,81,12,42,49,59,48,28,53,6,119" hai1="100,19,97,32,80,105,82,122,0,41,133,123,11" hai2="75,116,37,23,135,2,62,127,46,103,8,93,89" hai3="13,130,60,10,98,34,72,1,92,67,27,50,30"/><U108/><E108/><V66/><F116/><W120/><G120/><T102/><D119/><U77/><E82/><V9/><F75/><W25/><G72/><T70/><D28/><U39/><E133/><V31/><F135/><W33/><G130/><T111/><D111/><U87/><E32/><V63/><F103/><W86/><G1/><T38/><D48/><U29/><E29/><V101/><F101/><W115/><G115/><T5/><D81/><U113/><E113/><V3/><F127/><W96/><G27/><T117/><D117/><U126/><E126/><V109/><F109/><W71/><G34/><T21/><D102/><U118/><E118/><V56/><F2/><W51/><G86/><T69/><D107/><U88/><E77/><V22/><F3/><W45/><G92/><T20/><D12/><U85/><E85/><N who="2" m="52399" /><F37/><W106/><G106/><T112/><D70/><U104/><E104/><V18/><F46/><W94/><G94/><T35/><D35/><U99/><E99/><V24/><F63/><W91/><G91/><T16/><D112/><U74/><E74/><V76/><F76/><W26/><G26/><AGARI ba="0,0" hai="8,9,18,22,23,24,26,31,56,62,66" m="52399" machi="26" ten="30,1000,0" yaku="8,1" doraHai="68" who="2" fromWho="3" sc="237,0,120,0,364,10,279,-10" /><INIT seed="6,0,0,0,5,17" ten="237,120,374,269" oya="2" hai0="5,112,133,90,28,52,14,58,19,44,96,72,7" hai1="53,128,74,27,61,86,37,89,104,66,134,21,46" hai2="129,13,132,98,131,16,42,1,119,43,54,88,8" hai3="108,80,3,135,24,69,121,118,99,85,20,41,11"/><V64/><F119/><W31/><G108/><T12/><D112/><U29/><E134/><V111/><F132/><W30/><G69/><T2/><D72/><U45/><E128/><N who="2" m="49227" /><F111/><W107/><G121/><T32/><D133/><U23/><E104/><V127/><F127/><W62/><G118/><T113/><D113/><U122/><E122/><V51/><F64/><W71/><G41/><T63/><D44/><U95/><E74/><V18/><F18/><W87/><G135/><T25/><D2/><U92/><E37/><V73/><F1/><W36/><G36/><T59/><D59/><U114/><E114/><V102/><F73/><W75/><G75/><T6/><D19/><U55/><E95/><N who="2" m="56679" /><F102/><W124/><G124/><T49/><D63/><U106/><E106/><V65/><F65/><W22/><G62/><T39/><D39/><U116/><E116/><V70/><F70/><W9/><G71/><T125/><D125/><U110/><E110/><V103/><F103/><W84/><G107/><T109/><D109/><U56/><REACH who="1" step="1"/><E23/><REACH who="1" ten="237,110,374,269" step="2"/><V47/><AGARI ba="0,1" hai="8,13,16,42,43,47,51,54" m="56679,49227" machi="47" ten="30,6000,0" yaku="19,1,54,2" doraHai="17" who="2" fromWho="2" sc="237,-20,110,-20,374,70,269,-20" /><INIT seed="6,1,0,0,1,42" ten="217,90,444,249" oya="2" hai0="103,64,61,13,1,78,19,7,25,129,38,121,100" hai1="60,43,119,97,55,57,14,40,51,46,89,131,45" hai2="59,33,95,11,107,9,34,108,54,80,123,82,47" hai3="8,94,126,5,44,118,67,23,30,6,71,31,56"/><V18/><F123/><W134/><G71/><T105/><D121/><U75/><E75/><V90/><F107/><W50/><G118/><T99/><D129/><U70/><E131/><V110/><F59/><W96/><G134/><T22/><D38/><N who="1" m="21655" /><E14/><N who="2" m="7503" /><F11/><W66/><G126/><T48/><D103/><U125/><E89/><V28/><F95/><W16/><G56/><T58/><D78/><U120/><E97/><V102/><F102/><N who="3" m="60695" /><G66/><T114/><D114/><U69/><E120/><V17/><F17/><W88/><G88/><T29/><D48/><N who="1" m="26719" /><E125/><V52/><F54/><N who="3" m="30023" /><G67/><T133/><D133/><U93/><E93/><V111/><F28/><N who="3" m="10795" /><G8/><T26/><D29/><U53/><E119/><V62/><F62/><W83/><G83/><N who="2" m="31785" /><F90/><W37/><G37/><T85/><D1/><U72/><E72/><V49/><AGARI ba="1,0" hai="33,34,47,49,52,108,110,111" m="31785,7503" machi="49" ten="40,7800,0" yaku="10,1,52,1,54,1" doraHai="42" who="2" fromWho="2" sc="217,-27,90,-27,444,81,249,-27" /><INIT seed="6,2,0,0,2,65" ten="190,63,525,222" oya="2" hai0="41,73,53,106,19,96,127,9,37,64,3,83,91" hai1="8,70,14,48,72,97,26,28,111,132,54,134,36" hai2="38,107,76,133,98,50,129,24,122,35,0,25,102" hai3="115,58,10,86,117,69,40,92,17,22,85,123,128"/><V61/><F122/><W94/><G117/><T84/><D127/><U47/><E72/><V51/><F38/><W105/><G105/><T90/><D64/><U56/><E111/><V6/><F76/><W29/><G123/><T125/><D125/><U104/><E36/><V119/><F119/><W113/><G69/><T82/><D53/><U89/><E70/><V71/><F25/><W5/><G29/><T108/><D108/><U74/><E74/><V23/><F23/><W130/><G40/><T101/><D19/><U27/><E56/><V114/><F50/><W124/><G58/><T60/><D60/><U68/><E68/><V13/><F13/><W32/><G32/><T45/><D83/><U11/><E27/><V59/><F51/><W30/><G30/><T67/><D67/><U88/><E104/><V93/><F93/><N who="3" m="35947" /><G124/><T100/><D100/><U87/><E97/><V57/><F57/><W131/><G86/><T75/><D91/><U63/><E63/><V15/><F59/><W120/><G85/><T7/><AGARI ba="2,0" hai="3,7,9,37,41,45,73,75,82,84,90,96,101,106" machi="7" ten="30,1100,0" yaku="0,1" doraHai="65" who="0" fromWho="0" sc="190,17,63,-5,525,-7,222,-5" /><INIT seed="7,0,0,4,4,2" ten="207,58,518,217" oya="3" hai0="130,19,125,122,34,53,23,41,131,107,73,7,112" hai1="36,60,103,84,71,92,66,63,1,134,69,91,116" hai2="135,59,45,37,70,30,10,100,20,121,21,5,88" hai3="39,110,74,115,78,62,56,119,114,87,42,25,26"/><W85/><G119/><T57/><D122/><U104/><E116/><V126/><F70/><W79/><G110/><T123/><D123/><U65/><E134/><V46/><F121/><W128/><G128/><N who="0" m="49195" /><D34/><U75/><E36/><V61/><F135/><W54/><G42/><T124/><D112/><N who="3" m="43049" /><G39/><T106/><D73/><U111/><E111/><V81/><F126/><N who="0" m="48746" /><D41/><U31/><E75/><V113/><F113/><W77/><G74/><T27/><D7/><U76/><E76/><V67/><F37/><W12/><G12/><T101/><D101/><U133/><E133/><V32/><F100/><W72/><G72/><T80/><D80/><U117/><E117/><V82/><F82/><W18/><G18/><T83/><D83/><U38/><E38/><V15/><F81/><W29/><G26/><T55/><D55/><U51/><E1/><V35/><F15/><W52/><G54/><T96/><D96/><U98/><E31/><V97/><F46/><W4/><G4/><T129/><D129/><U99/><E99/><V9/><F45/><W14/><G14/><T90/><D90/><U109/><E109/><V127/><F127/><W40/><G40/><T118/><D118/><U43/><E43/><V58/><F5/><W48/><G48/><AGARI ba="0,0" hai="19,23,27,48,53,57,106,107" m="48746,49195" machi="48" ten="30,2000,0" yaku="19,1,18,1" doraHai="2" who="0" fromWho="3" sc="207,20,58,0,518,0,217,-20" owari="227,3.0,58,-44.0,518,61.0,197,-20.0" /></mjloggm>