<mjloggm ver="2.3"><GO type="169" lobby="0"/><UN n0="%E3%81%86%E3%81%95%E3%81%8E%E3%83%95%E3%82%A1%E3%83%B3%E3%82%B7%E3%83%BC" n1="%C2%A7%E3%81%A8%E3%82%8D%E3%81%A3%E3%81%A8%C2%A7" n2="%E3%83%88%E3%83%88%E3%83%AA%E5%85%88%E7%94%9F%31%39%E6%AD%B3" n3="%72%61%72%75%74%6F%37" dan="16,16,19,17" rate="2084.31,2089.51,2314.27,2158.05" sx="F,M,F,M"/><TAIKYOKU oya="0"/><INIT seed="0,0,0,4,1,115" ten="250,250,250,250" oya="0" hai0="8,0,82,66,31,87,40,23,41,42,49,125,71" hai1="35,91,58,104,47,33,116,84,128,121,43,12,102" hai2="36,127,59,86,72,133,46,65,34,56,60,108,113" hai3="24,45,89,10,124,67,74,9,90,64,7,96,129"/><T79/><D125/><U19/><E121/><V22/><F113/><W15/><G74/><T48/><D71/><U92/><E128/><V120/><F34/><W131/><G124/><T44/><D66/><N who="3" m="25129" /><G24/><N who="0" m="16799" /><D0/><U99/><E116/><V117/><F120/><W16/><G45/><N who="0" m="25639" /><D8/><U52/><E47/><V63/><F108/><W26/><G96/><T78/><D78/><U20/><REACH who="1" step="1"/><E43/><AGARI ba="0,0" hai="41,42,43,44,49,79,82,87" m="25639,16799" machi="43" ten="30,1500,0" yaku="8,1" doraHai="115" who="0" fromWho="1" sc="250,15,250,-15,250,0,250,0" /><INIT seed="0,1,0,2,2,73" ten="265,235,250,250" oya="0" hai0="126,48,10,100,32,0,95,17,103,77,110,114,11" hai1="59,22,16,3,96,69,67,132,24,75,25,98,52" hai2="79,108,123,122,135,50,118,92,62,99,60,86,29" hai3="49,37,39,134,109,124,78,30,120,72,15,53,6"/><T85/><D114/><U117/><E117/><V55/><F118/><W89/><G120/><T88/><D32/><U2/><E132/><V61/><F135/><W93/><G30/><T87/><D126/><U56/><E75/><V54/><F108/><W90/><G109/><T57/><D110/><U18/><E69/><V116/><F116/><W91/><G93/><T42/><D0/><U36/><E36/><V64/><F64/><W40/><G124/><T1/><D1/><U8/><E67/><V71/><F71/><W106/><G106/><T19/><D11/><U13/><E59/><V101/><F29/><W26/><G26/><T66/><D42/><U20/><E3/><V63/><N who="2" m="15360" /><DORA hai="47" /><V131/><F131/><W27/><G27/><T125/><D125/><U7/><E2/><V81/><REACH who="2" step="1"/><F54/><REACH who="2" ten="265,235,240,250" step="2"/><W121/><G134/><T107/><D66/><U43/><REACH who="1" step="1"/><E43/><REACH who="1" ten="265,225,240,250" step="2"/><V5/><F5/><W83/><G40/><T127/><D127/><U119/><E119/><V12/><F12/><W41/><G41/><T65/><D65/><U80/><E80/><V38/><F38/><W4/><G4/><T44/><D19/><U105/><E105/><V34/><F34/><W74/><G6/><T76/><D107/><U104/><E104/><V84/><F84/><W102/><G15/><N who="0" m="7415" /><D85/><U70/><E70/><V46/><AGARI ba="1,2" hai="46,50,55,79,81,86,92,99,101,122,123" m="15360" machi="46" ten="40,8000,1" yaku="1,1,0,1,52,2,53,1" doraHai="73,47" doraHaiUra="23,97" who="2" fromWho="2" sc="265,-41,225,-21,240,103,250,-21" /><INIT seed="1,0,0,4,5,8" ten="224,204,343,229" oya="1" hai0="110,39,71,34,119,25,101,31,130,85,124,19,111" hai1="86,16,12,54,32,58,48,13,115,83,117,4,55" hai2="65,18,51,29,40,42,102,129,126,61,21,63,112" hai3="122,52,38,36,103,6,113,70,107,64,10,76,109"/><U100/><E115/><V33/><F112/><W69/><G113/><T46/><D119/><U28/><E117/><V1/><F1/><W26/><G109/><T121/><D71/><U78/><E100/><V3/><F3/><W15/><G76/><T14/><D130/><U74/><E74/><V82/><F129/><W88/><G103/><T80/><D124/><U105/><E105/><V5/><F5/><W53/><G107/><T35/><D101/><U92/><E92/><V131/><F131/><W91/><G26/><T11/><D121/><U41/><E41/><V60/><F126/><W27/><G27/><T87/><D35/><U57/><E4/><V7/><F7/><W114/><G114/><T97/><D97/><U127/><E127/><V44/><F33/><W23/><G23/><T99/><D99/><U77/><E77/><V81/><F29/><W72/><G72/><T125/><D125/><U24/><REACH who="1" step="1"/><E16/><REACH who="1" ten="224,194,343,229" step="2"/><V118/><F118/><W106/><G106/><T17/><D17/><U90/><E90/><V132/><F40/><W43/><G43/><N who="0" m="22911" /><D80/><N who="2" m="30826" /><F102/><W56/><G91/><T68/><D19/><U9/><E9/><V104/><F104/><W47/><G88/><T96/><D11/><U95/><E95/><V37/><F37/><W108/><G36/><T73/><D73/><U123/><E123/><V62/><F18/><W49/><G122/><T67/><D111/><U59/><E59/><N who="2" m="37023" /><F132/><W45/><G108/><T84/><D110/><U98/><E98/><V89/><F89/><W30/><G38/><T116/><D96/><U66/><E66/><V75/><F75/><RYUUKYOKU ba="0,1" sc="224,-15,194,15,343,15,229,-15" hai1="12,13,24,28,32,48,54,55,57,58,78,83,86" hai2="21,42,44,51,61,62,63" /><INIT seed="1,1,1,5,2,116" ten="209,209,358,214" oya="1" hai0="1,86,61,101,96,10,59,12,25,73,130,41,110" hai1="46,125,22,35,11,68,134,45,48,16,107,70,58" hai2="7,51,57,81,69,39,98,90,91,99,28,67,75" hai3="76,122,82,13,80,84,52,30,9,63,93,33,72"/><U133/><E107/><V34/><F39/><W109/><G109/><T89/><D73/><U79/><E35/><V56/><F69/><W118/><G118/><T94/><D110/><U53/><E79/><V119/><F119/><W19/><G93/><T129/><D1/><U23/><E125/><V115/><F115/><W131/><G131/><T47/><D25/><U85/><E70/><V60/><F7/><W104/><G104/><T97/><D47/><U49/><E68/><V108/><F108/><W17/><G30/><T105/><D41/><U62/><E85/><N who="2" m="50479" /><F28/><W15/><G33/><T14/><D97/><U95/><E95/><V18/><F34/><W5/><G122/><T37/><D37/><U87/><E87/><V132/><F132/><N who="1" m="50793" /><E11/><V20/><F91/><W123/><G123/><T78/><D78/><U8/><E8/><V92/><F92/><W0/><G80/><T55/><D10/><U66/><E16/><N who="3" m="6218" /><G72/><T54/><D129/><U113/><E113/><V44/><F75/><W127/><G0/><T32/><D32/><U120/><E120/><V71/><F71/><W111/><G111/><T128/><D128/><U3/><E3/><V77/><F77/><W43/><G127/><T100/><D130/><U88/><E88/><V6/><F6/><W102/><G43/><AGARI ba="1,1" hai="22,23,43,45,46,48,49,53,58,62,66" m="50793" machi="43" ten="30,1500,0" yaku="20,1" doraHai="116" who="1" fromWho="3" sc="209,0,209,28,358,0,214,-18" /><INIT seed="1,2,0,2,4,119" ten="209,237,358,196" oya="1" hai0="74,72,52,81,6,82,96,133,54,47,23,97,50" hai1="12,18,13,79,107,36,9,134,39,28,101,83,76" hai2="91,112,7,55,109,92,58,41,89,75,26,127,67" hai3="120,90,100,98,5,25,37,0,118,14,11,38,17"/><U27/><E134/><V105/><F105/><W34/><G118/><T102/><D133/><U135/><E135/><V49/><F75/><W84/><G120/><T103/><D6/><U95/><E107/><V86/><F109/><W22/><G98/><T130/><D23/><U80/><E80/><V53/><F127/><W3/><G100/><T24/><D24/><U70/><E70/><V33/><F112/><W114/><G114/><T124/><D130/><U10/><E101/><V85/><F33/><W42/><G42/><T115/><D115/><U132/><E132/><V116/><F7/><W131/><G131/><T59/><D124/><U62/><E62/><N who="2" m="38359" /><F26/><W77/><G77/><T1/><D1/><U99/><E99/><V108/><F108/><W2/><REACH who="3" step="1"/><G34/><REACH who="3" ten="209,237,358,186" step="2"/><T64/><D97/><U106/><E79/><V31/><F116/><W45/><G45/><T128/><D96/><U113/><E76/><V129/><F129/><W126/><G126/><T110/><D102/><U104/><E104/><V69/><F41/><W46/><G46/><T71/><D103/><U78/><E106/><V68/><F89/><W4/><G4/><T48/><D110/><U63/><E113/><V16/><F91/><W87/><G87/><T117/><D117/><U88/><E78/><V65/><F86/><W43/><G43/><T56/><D128/><U29/><E88/><V125/><F85/><W73/><G73/><N who="0" m="28267" /><D47/><U61/><E39/><V32/><F32/><W15/><G15/><T111/><D111/><U35/><E36/><V66/><F125/><W44/><G44/><T94/><D94/><AGARI ba="2,1" hai="0,2,3,5,11,14,17,22,25,37,38,84,90,94" machi="94" ten="40,2600,0" yaku="1,1,6,1,53,0" doraHai="119" doraHaiUra="60" who="3" fromWho="0" sc="209,-32,237,0,358,0,186,42" /><INIT seed="2,0,0,1,0,127" ten="177,237,358,228" oya="2" hai0="35,55,45,20,113,100,3,2,40,38,53,9,30" hai1="76,24,134,69,86,93,56,1,96,63,125,6,48" hai2="16,133,66,88,51,41,27,0,4,107,117,123,49" hai3="68,28,109,92,121,43,131,5,89,65,33,70,61"/><V47/><F117/><W7/><G121/><T60/><D113/><U111/><E125/><V119/><F119/><W44/><G70/><T37/><D35/><U72/><E72/><V74/><F123/><W105/><G109/><T106/><D38/><U132/><E111/><V118/><F118/><W115/><G115/><T67/><D100/><U46/><E69/><V79/><F107/><W101/><G89/><T21/><D106/><U26/><E6/><V42/><F133/><N who="1" m="51305" /><E1/><V116/><F116/><W81/><G92/><T10/><D3/><U19/><E19/><V59/><F79/><W64/><G64/><T98/><D98/><U120/><E120/><V58/><F74/><W15/><G81/><T8/><D2/><U128/><E128/><V62/><F4/><W130/><G15/><T110/><D110/><U50/><E76/><V14/><F0/><W122/><G122/><T75/><D75/><U108/><E108/><V18/><F27/><N who="1" m="10281" /><E86/><V17/><F88/><W124/><G124/><T23/><REACH who="0" step="1"/><D30/><REACH who="0" ten="167,237,358,228" step="2"/><U11/><E96/><V80/><F80/><W25/><G101/><T57/><AGARI ba="0,1" hai="8,9,10,20,21,23,37,40,45,53,55,57,60,67" machi="57" ten="30,4000,0" yaku="1,1,2,1,0,1,53,0" doraHai="127" doraHaiUra="87" who="0" fromWho="0" sc="167,50,237,-10,358,-20,228,-10" /><INIT seed="3,0,0,5,2,66" ten="217,227,338,218" oya="3" hai0="16,4,107,44,43,13,75,37,57,103,11,0,56" hai1="126,42,81,3,131,109,72,114,31,32,50,117,28" hai2="63,47,10,21,77,38,122,74,24,58,22,97,76" hai3="1,111,115,101,80,100,55,82,46,128,99,133,54"/><W92/><G1/><T29/><D75/><U67/><E114/><V20/><F122/><W129/><G115/><T68/><D68/><U70/><E3/><V14/><F38/><W121/><G121/><T51/><D29/><U116/><E109/><V79/><F74/><W91/><G133/><T9/><REACH who="0" step="1"/><D37/><REACH who="0" ten="207,227,338,218" step="2"/><U135/><E116/><V53/><F24/><W96/><G111/><T8/><D8/><U30/><E70/><V104/><F10/><W2/><G2/><T17/><D17/><U60/><E28/><V110/><F110/><W65/><G46/><T64/><D64/><U26/><E67/><V48/><F14/><W123/><G65/><T23/><D23/><U69/><E69/><V25/><F25/><W130/><G123/><T85/><D85/><U119/><E31/><V27/><F27/><W94/><REACH who="3" step="1"/><G91/><REACH who="3" ten="207,227,338,208" step="2"/><T105/><D105/><U61/><E117/><V5/><F104/><W41/><G41/><T132/><D132/><U34/><E42/><V19/><F47/><W40/><G40/><T108/><D108/><U102/><E135/><V35/><F53/><AGARI ba="0,2" hai="53,54,55,80,82,92,94,96,99,100,101,128,129,130" machi="53" ten="40,18000,2" yaku="1,1,9,1,19,1,53,3" doraHai="66" doraHaiUra="49" who="3" fromWho="2" sc="207,0,227,0,338,-180,208,200" /><INIT seed="3,1,0,5,0,37" ten="207,227,158,408" oya="3" hai0="27,54,53,52,16,98,21,72,11,38,79,5,48" hai1="17,119,22,41,89,92,110,50,33,31,111,49,46" hai2="109,83,59,43,55,9,2,74,114,39,82,65,108" hai3="4,20,0,128,133,132,15,106,90,61,60,12,28"/><W103/><G103/><T84/><D38/><U126/><E126/><V80/><F114/><W100/><G100/><T93/><D72/><U14/><E119/><V23/><F65/><W135/><G106/><T25/><D25/><U86/><E33/><V77/><F23/><W130/><G90/><T97/><D48/><U40/><E31/><V120/><F120/><W29/><G60/><T113/><D113/><U34/><E34/><V68/><F68/><W3/><G61/><T57/><D57/><U134/><E134/><V51/><F83/><W42/><G42/><T45/><D45/><AGARI ba="1,0" hai="14,17,22,40,41,45,46,49,50,86,89,92,110,111" machi="45" ten="40,5200,0" yaku="9,1,52,2" doraHai="37" who="1" fromWho="0" sc="207,-55,227,55,158,0,408,0" /><INIT seed="4,0,0,5,2,23" ten="152,282,158,408" oya="0" hai0="117,14,38,60,73,2,95,69,24,18,36,81,3" hai1="84,120,42,128,4,90,75,118,113,47,19,16,53" hai2="104,43,56,71,50,41,52,44,31,67,94,116,72" hai3="40,77,70,45,0,17,92,39,27,111,130,107,133"/><T13/><D117/><U102/><E118/><V99/><F116/><W101/><G107/><T49/><D49/><U135/><E120/><V34/><F72/><W91/><G101/><T32/><D95/><U112/><E75/><V85/><F104/><W132/><G70/><T48/><D48/><U20/><E102/><V59/><F71/><W22/><G0/><N who="0" m="43" /><D14/><U57/><E4/><V76/><F34/><W98/><G77/><N who="0" m="44207" /><D18/><U5/><E5/><V100/><F31/><W119/><G119/><T61/><D61/><U134/><E128/><V106/><F106/><W30/><G130/><T74/><D13/><U131/><E131/><V97/><F97/><W82/><G82/><T21/><D21/><U126/><E126/><V68/><F68/><W108/><G30/><N who="0" m="19527" /><D74/><U123/><E47/><V54/><F67/><AGARI ba="0,0" hai="36,38,60,67,69" m="19527,44207,43" machi="67" ten="30,5800,0" yaku="33,2,52,1" doraHai="23" who="0" fromWho="2" sc="152,58,282,0,158,-58,408,0" /><INIT seed="4,1,0,3,4,95" ten="210,282,100,408" oya="0" hai0="82,45,23,19,14,106,13,121,40,10,101,111,33" hai1="5,84,38,131,125,41,93,127,112,43,128,75,25" hai2="53,109,76,52,98,28,126,79,116,54,50,89,65" hai3="68,129,31,132,63,35,29,30,21,61,110,94,85"/><T4/><D121/><U72/><E5/><V118/><F109/><W117/><G110/><T105/><D111/><U60/><E25/><V77/><F126/><N who="1" m="48137" /><E60/><V114/><F114/><W107/><G107/><T120/><D120/><U102/><E38/><V44/><F28/><W15/><G35/><T133/><D133/><U122/><E122/><V34/><F34/><W20/><G117/><N who="2" m="45161" /><F65/><W62/><G68/><T74/><D33/><U51/><E112/><V96/><F89/><N who="3" m="53551" /><G129/><N who="1" m="49738" /><E51/><N who="2" m="28775" /><F54/><W18/><G132/><T2/><D40/><N who="1" m="15435" /><E84/><V88/><F88/><W6/><G6/><T32/><D4/><U0/><E0/><V90/><F90/><W9/><AGARI ba="1,0" hai="9,15,18,20,21,29,30,31,61,62,63" m="53551" machi="9" ten="30,1100,0" yaku="8,1" doraHai="95" who="3" fromWho="3" sc="210,-6,282,-4,100,-4,408,14" /><INIT seed="5,0,0,4,5,126" ten="204,278,96,422" oya="1" hai0="79,120,38,48,98,58,84,128,99,86,125,74,52" hai1="100,102,26,70,55,77,62,103,28,3,113,35,0" hai2="90,129,12,101,39,78,81,114,61,4,10,127,110" hai3="29,71,27,130,16,50,68,107,135,11,69,80,36"/><U2/><E77/><V13/><F110/><W105/><G36/><T24/><D38/><U57/><REACH who="1" step="1"/><E70/><REACH who="1" ten="204,268,96,422" step="2"/><V1/><F127/><W46/><G69/><T23/><D79/><U97/><E97/><V111/><F111/><W132/><G68/><T106/><D98/><U33/><E33/><V8/><F114/><AGARI ba="0,1" hai="0,2,3,26,28,35,55,57,62,100,102,103,113,114" machi="114" ten="50,2400,0" yaku="1,1,53,0" doraHai="126" doraHaiUra="47" who="1" fromWho="2" sc="204,0,268,34,96,-24,422,0" /><INIT seed="5,1,0,1,4,39" ten="204,302,72,422" oya="1" hai0="108,61,106,127,25,70,71,30,26,62,102,77,56" hai1="65,27,134,38,31,98,100,13,103,24,124,6,48" hai2="135,17,23,73,133,128,53,28,90,43,112,78,121" hai3="113,42,60,115,8,15,129,46,4,54,22,101,2"/><U68/><E38/><V122/><F90/><W87/><G129/><T45/><D108/><U93/><E124/><V0/><F78/><W14/><G101/><T11/><D127/><U75/><E75/><V10/><F73/><W123/><G123/><N who="2" m="47113" /><F53/><W3/><G87/><T49/><D77/><U118/><E118/><V105/><F105/><W83/><G83/><T7/><D102/><U99/><E68/><V94/><F94/><W19/><G54/><T50/><D26/><U96/><E65/><V35/><F43/><W74/><G74/><T130/><D130/><U95/><E48/><V9/><F128/><W72/><G72/><T21/><D50/><U131/><E131/><V58/><F58/><W29/><G60/><T44/><D106/><U1/><E99/><V81/><F81/><W126/><G126/><T12/><D45/><U84/><E84/><V109/><F109/><W82/><G82/><T85/><D85/><U111/><E111/><V97/><F97/><W5/><G42/><T92/><D92/><U69/><E69/><V63/><F63/><W91/><G46/><T16/><D62/><U34/><E95/><V104/><F104/><W64/><G64/><N who="0" m="38951" /><D70/><U119/><E96/><V33/><F112/><W67/><G67/><T89/><D89/><U36/><E103/><V20/><F28/><W37/><G91/><T51/><D71/><U116/><E100/><V88/><F88/><W57/><G37/><T32/><D44/><U40/><E31/><V66/><F66/><W59/><G29/><T47/><D47/><U132/><E36/><V86/><F86/><RYUUKYOKU ba="1,0" sc="204,30,302,-10,72,-10,422,-10" hai0="7,11,12,16,21,25,30,32,49,51" /><INIT seed="6,2,0,4,5,113" ten="234,292,62,412" oya="2" hai0="4,90,79,45,131,16,61,27,52,91,44,92,93" hai1="78,53,51,121,88,7,66,112,35,94,48,116,63" hai2="62,110,76,75,102,11,74,122,28,111,21,107,38" hai3="58,70,96,57,134,77,47,37,0,89,1,3,124"/><V99/><F38/><W54/><G70/><T36/><D131/><U34/><E7/><V101/><F11/><W82/><G124/><T125/><D125/><U23/><E112/><V130/><F62/><W43/><G134/><T64/><D79/><U71/><E121/><V19/><F28/><W56/><G54/><T67/><D4/><U87/><E116/><V15/><F122/><W12/><G12/><T84/><D36/><U60/><E78/><V100/><F130/><W8/><G96/><T49/><D45/><U22/><E60/><V2/><F2/><W65/><G89/><T135/><D135/><U6/><E6/><V129/><F129/><W119/><G119/><T31/><D16/><U50/><REACH who="1" step="1"/><E53/><REACH who="1" ten="234,282,62,412" step="2"/><V26/><F15/><W106/><G65/><T132/><D61/><U32/><AGARI ba="2,1" hai="22,23,32,34,35,48,50,51,63,66,71,87,88,94" machi="32" ten="40,12000,2" yaku="1,1,2,1,0,1,54,1,53,3" doraHai="113" doraHaiUra="29" who="1" fromWho="1" sc="234,-32,282,136,62,-62,412,-32" /><INIT seed="7,0,0,3,1,13" ten="202,418,0,380" oya="3" hai0="21,72,115,114,63,83,108,105,127,135,45,134,62" hai1="48,125,86,128,98,25,15,97,8,10,131,4,129" hai2="101,118,85,33,71,73,100,92,31,12,57,5,89" hai3="60,130,47,123,94,35,95,28,26,46,9,24,84"/><W36/><G123/><T120/><D105/><U38/><E38/><V90/><F118/><W81/><G130/><T30/><D120/><U59/><E125/><V18/><F71/><W51/><G36/><T80/><D108/><U87/><E25/><N who="3" m="9834" /><G35/><T69/><D30/><U11/><E59/><V103/><F73/><W14/><G28/><T132/><D21/><U102/><E48/><V17/><F33/><W93/><G60/><N who="0" m="23083" /><D72/><U64/><E64/><V50/><F31/><W104/><G104/><T99/><D99/><N who="1" m="37899" /><E102/><V82/><F5/><W77/><G51/><T22/><D22/><U107/><E107/><V20/><F89/><W0/><G0/><T117/><D45/><U53/><E53/><V88/><F90/><W111/><G111/><T65/><D127/><U109/><E109/><V42/><F82/><N who="0" m="31274" /><D117/><U133/><E133/><V91/><F91/><W74/><G74/><T119/><D119/><U39/><E39/><V121/><F42/><W66/><G66/><T106/><D106/><U52/><E52/><N who="2" m="31895" /><F121/><W44/><G44/><T58/><D58/><U75/><E75/><V54/><F54/><W79/><G79/><T43/><D43/><U67/><E67/><V37/><F37/><W49/><G49/><T78/><D78/><U3/><E3/><V7/><F7/><W112/><G112/><N who="0" m="43051" /><D65/><U32/><E32/><V70/><F70/><AGARI ba="0,0" hai="69,70,132,134,135" m="43051,31274,23083" machi="70" ten="40,8000,1" yaku="28,2,20,1,15,1,11,1" doraHai="13" who="0" fromWho="2" sc="202,80,418,0,0,-80,380,0" owari="282,-12.0,418,52.0,-80,-58.0,380,18.0" /></mjloggm>