<mjloggm ver="2.3"><GO type="169" lobby="0"/><UN n0="%4A%6F%75%72%6E%65%79" n1="%E6%96%87%E5%9B%9B%E9%83%8E" n2="%E3%82%A6%E3%83%AB%E3%83%88%E3%83%A9%E7%AB%8B%E7%9B%B4" n3="%E5%A4%A7%E5%92%8C%E7%94%B0%E5%B0%82%E5%8B%99" dan="17,16,18,18" rate="2197.67,2108.14,2248.98,2248.95" sx="M,M,M,M"/><TAIKYOKU oya="0"/><INIT seed="0,0,0,2,3,36" ten="250,250,250,250" oya="0" hai0="9,129,122,111,13,5,39,6,109,135,2,120,63" hai1="7,35,112,51,23,130,118,18,61,38,44,126,90" hai2="33,10,98,59,128,0,123,93,114,31,4,124,8" hai3="73,83,43,92,55,77,96,60,91,56,67,52,108"/><T79/><D39/><U85/><E118/><V117/><F123/><N who="0" m="47146" /><D79/><U14/><E38/><V87/><F128/><W24/><G108/><N who="0" m="41547" /><D63/><U34/><E130/><V64/><F124/><W25/><G43/><T12/><D129/><U53/><E126/><V78/><F64/><W65/><G65/><T104/><D104/><U37/><E112/><V97/><F78/><W70/><REACH who="3" step="1"/><G55/><REACH who="3" ten="250,250,250,240" step="2"/><T72/><D72/><U94/><E37/><V81/><F114/><W84/><G84/><T42/><D42/><U48/><E53/><V101/><F87/><W16/><G16/><T113/><D113/><U26/><E18/><V105/><F117/><W29/><G29/><T102/><D102/><U95/><E85/><V76/><F31/><W22/><G22/><T125/><D125/><U27/><E23/><V69/><F101/><W107/><G107/><T50/><D50/><AGARI ba="0,1" hai="24,25,50,52,56,60,67,70,73,77,83,91,92,96" machi="50" ten="30,3900,0" yaku="1,1,7,1,54,1,53,0" doraHai="36" doraHaiUra="116" who="3" fromWho="0" sc="250,-39,250,0,250,0,240,49" /><INIT seed="1,0,0,1,1,71" ten="211,250,250,289" oya="1" hai0="25,30,87,61,6,100,83,128,107,21,5,28,17" hai1="75,45,12,34,95,19,24,81,132,16,77,94,53" hai2="101,11,111,68,8,3,121,40,7,82,27,74,93" hai3="130,46,1,41,133,58,31,2,13,67,131,10,134"/><U91/><E132/><N who="3" m="50794" /><G31/><T125/><D125/><U79/><E77/><V50/><F121/><W33/><G33/><T103/><D128/><N who="3" m="49193" /><G58/><T108/><D108/><U69/><E95/><V9/><F93/><W99/><G67/><T52/><D107/><U23/><E69/><V124/><F9/><W38/><G99/><T119/><D119/><U135/><E135/><V49/><F8/><W51/><G51/><T96/><D96/><U29/><E19/><AGARI ba="0,0" hai="1,2,10,13,19,38,41,46" m="49193,50794" machi="19" ten="30,3900,0" yaku="20,1,19,1,52,1" doraHai="71" who="3" fromWho="1" sc="211,0,250,-39,250,0,289,39" /><INIT seed="2,0,0,1,5,98" ten="211,211,250,328" oya="2" hai0="8,76,88,42,51,28,50,56,79,32,33,97,93" hai1="82,57,19,13,23,87,16,47,25,15,109,49,105" hai2="101,115,3,63,71,130,10,91,116,48,94,118,75" hai3="80,74,86,36,73,107,2,72,103,131,127,60,65"/><V37/><F37/><W59/><G36/><T0/><D33/><U117/><E117/><V62/><F115/><W6/><G127/><T7/><D32/><U14/><E109/><V125/><F3/><W122/><G122/><T43/><D28/><U52/><E105/><V35/><F35/><W24/><G131/><T40/><REACH who="0" step="1"/><D56/><REACH who="0" ten="201,211,250,328" step="2"/><U132/><E132/><V106/><F118/><W108/><G59/><T64/><D64/><U85/><E57/><V44/><F116/><W128/><G65/><T120/><D120/><U1/><E19/><V5/><F130/><W18/><G18/><T135/><D135/><U22/><E23/><V89/><F125/><W45/><G128/><T110/><D110/><U34/><E34/><V100/><F71/><W133/><G108/><T41/><N who="0" m="10240" /><DORA hai="126" /><T11/><D11/><U20/><E22/><V96/><F10/><W90/><G133/><T77/><AGARI ba="0,1" hai="0,7,8,50,51,76,77,79,88,93,97" m="10240" machi="77" ten="50,6400,0" yaku="1,1,0,1,54,1,53,0" doraHai="98,126" doraHaiUra="55,114" who="0" fromWho="0" sc="201,74,211,-16,250,-32,328,-16" /><INIT seed="3,0,0,2,1,41" ten="275,195,218,312" oya="3" hai0="69,47,93,117,56,51,87,122,55,124,77,49,65" hai1="129,115,103,31,81,20,90,70,104,86,75,111,9" hai2="26,53,8,27,71,21,128,2,28,1,96,131,38" hai3="120,12,73,40,126,119,29,14,59,61,135,118,82"/><W57/><G120/><T79/><D117/><U13/><E115/><V34/><F71/><W130/><G126/><T132/><D122/><U74/><E70/><V94/><F38/><W42/><G29/><T5/><D124/><U39/><E39/><V88/><F53/><W50/><G50/><T84/><D84/><U121/><E121/><V45/><F45/><W16/><G82/><T109/><D109/><U92/><E111/><V80/><F80/><W52/><G73/><T105/><D105/><U0/><E0/><V114/><F114/><W7/><G130/><N who="2" m="49705" /><F8/><W64/><G135/><T44/><D132/><U107/><E129/><V6/><F6/><W63/><G118/><T89/><D5/><U23/><E81/><V10/><F10/><N who="3" m="4191" /><G119/><T123/><D123/><U30/><E9/><AGARI ba="0,0" hai="9,14,16,40,42,52,57,59,61,63,64" m="4191" machi="9" ten="30,5800,0" yaku="8,1,54,2" doraHai="41" who="3" fromWho="1" sc="275,0,195,-58,218,0,312,58" /><INIT seed="3,1,0,2,5,77" ten="275,137,218,370" oya="3" hai0="1,31,63,18,80,87,66,112,123,39,76,122,103" hai1="35,120,70,101,118,79,71,40,68,114,110,106,19" hai2="48,55,115,111,132,134,90,0,84,36,37,127,94" hai3="5,85,67,46,69,33,125,131,100,15,133,82,105"/><W14/><G125/><T121/><D39/><U109/><E120/><V107/><F0/><W78/><G131/><T119/><D119/><U59/><E35/><V34/><F115/><W22/><G33/><T6/><D112/><U58/><E40/><V52/><F34/><W11/><G133/><N who="2" m="51305" /><F111/><W42/><G69/><T41/><D41/><U2/><E114/><V21/><F107/><W47/><G67/><T57/><D31/><U54/><E2/><V72/><F127/><W25/><G15/><T113/><D113/><U126/><E126/><V86/><F72/><W8/><G8/><T38/><D38/><N who="2" m="14954" /><F21/><W49/><G47/><T93/><D1/><U88/><E118/><V89/><F48/><W60/><G60/><T99/><D6/><U98/><E79/><V9/><F9/><W83/><G83/><AGARI ba="1,0" hai="52,55,83,84,86,89,90,94" m="14954,51305" machi="83" ten="30,3900,0" yaku="20,1,52,1,54,1" doraHai="77" who="2" fromWho="3" sc="275,0,137,0,218,42,370,-42" /><INIT seed="4,0,0,1,5,71" ten="275,137,260,328" oya="0" hai0="10,115,95,28,46,31,27,36,84,135,6,91,1" hai1="122,112,132,93,15,72,30,121,86,96,134,106,56" hai2="29,8,85,50,129,83,67,127,14,52,87,19,41" hai3="107,23,3,118,77,60,35,70,4,12,55,94,101"/><T125/><D115/><U26/><E72/><V76/><F129/><W105/><G35/><T22/><D135/><N who="1" m="51755" /><E106/><V73/><F127/><W75/><G118/><T64/><D125/><U78/><E15/><V42/><F67/><W20/><G3/><T90/><D64/><U63/><E112/><V13/><F29/><W21/><G77/><T32/><D32/><N who="1" m="20567" /><E86/><V57/><F73/><W97/><G75/><T58/><D58/><U2/><E2/><V74/><F74/><W11/><G70/><T116/><D116/><U51/><E51/><V44/><F87/><W114/><G114/><T98/><D31/><U18/><E18/><V34/><F34/><W80/><G80/><T66/><D66/><N who="1" m="39271" /><E78/><V0/><F0/><W92/><G107/><T108/><D108/><U45/><E45/><V62/><REACH who="2" step="1"/><F14/><REACH who="2" ten="275,137,250,328" step="2"/><W133/><G133/><T69/><D69/><U117/><E117/><V37/><F37/><W113/><G113/><T7/><D1/><U82/><E82/><V65/><AGARI ba="0,1" hai="8,13,19,41,42,44,50,52,57,62,65,76,83,85" machi="65" ten="20,8000,1" yaku="1,1,0,1,7,1,8,1,54,1,53,0" doraHai="71" doraHaiUra="88" who="2" fromWho="2" sc="275,-40,137,-20,250,90,328,-20" /><INIT seed="5,0,0,3,4,1" ten="235,117,340,308" oya="1" hai0="41,97,134,102,119,23,88,66,0,47,83,70,86" hai1="31,74,32,28,113,19,52,111,117,59,104,76,114" hai2="56,110,33,35,123,73,54,84,8,126,82,121,118" hai3="94,107,130,50,91,67,27,18,17,55,36,30,93"/><U105/><E117/><V133/><F73/><W135/><G107/><N who="1" m="41034" /><E32/><V61/><F110/><W108/><G108/><T62/><D119/><U26/><E111/><V122/><F118/><W68/><G36/><T49/><D0/><U63/><E76/><V12/><F126/><W101/><G67/><T128/><D128/><U10/><E74/><V14/><F14/><W106/><G130/><T78/><D78/><U90/><E90/><V38/><F38/><W112/><G68/><T95/><D23/><N who="1" m="13695" /><E10/><V124/><F124/><W80/><G91/><T96/><D96/><U22/><E22/><V79/><REACH who="2" step="1"/><F133/><REACH who="2" ten="235,117,330,308" step="2"/><W69/><G135/><T99/><D134/><U75/><E75/><V115/><F115/><AGARI ba="0,1" hai="28,31,52,59,63,113,114,115" m="13695,41034" machi="115" ten="30,2900,0" yaku="15,1,54,1" doraHai="1" who="1" fromWho="2" sc="235,0,117,39,330,-29,308,0" /><INIT seed="5,1,0,3,4,30" ten="235,156,301,308" oya="1" hai0="111,125,22,9,45,46,14,113,1,115,70,38,130" hai1="107,88,114,47,28,131,87,0,2,55,43,101,102" hai2="50,81,65,86,135,67,132,63,121,29,40,27,90" hai3="133,80,91,66,42,78,119,120,79,8,84,134,106"/><U93/><E114/><N who="0" m="43529" /><D111/><U52/><E131/><V49/><F121/><W109/><G106/><T116/><D116/><U95/><E107/><V76/><F90/><W5/><G120/><T112/><D130/><U60/><E28/><V31/><F31/><W99/><G109/><T23/><D70/><U17/><E17/><V127/><F127/><W105/><G66/><T12/><D125/><U74/><E74/><V85/><F85/><W44/><G105/><T20/><D112/><U98/><E102/><V110/><F110/><W15/><G119/><T97/><D97/><U123/><E123/><V61/><F67/><W118/><G118/><T73/><D73/><U24/><E24/><V35/><F63/><W32/><G32/><T58/><D58/><U36/><REACH who="1" step="1"/><E60/><REACH who="1" ten="235,146,301,308" step="2"/><V103/><F103/><W53/><G133/><T124/><D124/><U25/><E25/><V69/><F40/><W59/><G134/><AGARI ba="1,1" hai="27,29,35,49,50,61,65,69,76,81,86,132,134,135" machi="134" ten="40,2600,0" yaku="20,1,52,1" doraHai="30" who="2" fromWho="3" sc="235,0,146,0,301,39,308,-29" /><INIT seed="6,0,0,5,2,110" ten="235,146,340,279" oya="2" hai0="23,91,113,104,42,100,54,135,102,130,69,84,61" hai1="118,129,47,46,19,33,95,120,132,22,43,24,94" hai2="39,126,127,40,76,78,28,80,71,82,64,86,106" hai3="125,55,2,79,14,57,70,107,1,52,85,73,117"/><V124/><F106/><W10/><G117/><T72/><D72/><U20/><E118/><V18/><F28/><W67/><G73/><T3/><D3/><U103/><E33/><V30/><F30/><W88/><G107/><T115/><D42/><U92/><E103/><V21/><F64/><W45/><G70/><T121/><D121/><U105/><E105/><V111/><F71/><W98/><G79/><T41/><D41/><U99/><E99/><V29/><F29/><W59/><G98/><T101/><D104/><U8/><E120/><V48/><F48/><N who="3" m="28687" /><G67/><T68/><D135/><U93/><E8/><V26/><F111/><W9/><G9/><T119/><D119/><U16/><E132/><V34/><F34/><W17/><G125/><T56/><D130/><U108/><E108/><V90/><F40/><W131/><G59/><T114/><D23/><U128/><N who="1" m="23552" /><DORA hai="63" /><U134/><E134/><V53/><F39/><W13/><G13/><T38/><D38/><U89/><E89/><V58/><F78/><W12/><G12/><T60/><D60/><U96/><E96/><V11/><F11/><W44/><G44/><T7/><D7/><U6/><E6/><V36/><F36/><W32/><G131/><N who="1" m="50250" /><E43/><V27/><F76/><W87/><G32/><T81/><AGARI ba="0,0" hai="54,56,61,68,69,81,84,91,100,101,102,113,114,115" machi="81" ten="40,8000,1" yaku="0,1,15,1,52,3" doraHai="110,63" who="0" fromWho="0" sc="235,80,146,-20,340,-40,279,-20" /><INIT seed="7,0,0,3,2,89" ten="315,126,300,259" oya="3" hai0="58,79,25,29,14,121,64,71,16,129,83,42,128" hai1="21,82,48,106,113,49,28,94,51,123,90,86,38" hai2="59,8,2,130,114,7,36,18,13,68,78,45,62" hai3="9,0,41,60,67,5,77,98,125,119,37,40,135"/><W85/><G119/><T44/><D71/><U33/><E123/><V97/><F68/><W39/><G125/><T54/><D64/><U84/><E106/><V134/><F78/><W11/><G135/><T57/><D121/><U96/><E33/><V35/><F35/><W15/><G98/><T105/><D105/><U104/><E38/><V43/><F114/><W99/><G40/><T50/><D25/><U102/><E113/><V103/><F130/><N who="0" m="50282" /><D29/><U69/><E69/><V132/><F2/><W63/><G41/><T118/><D54/><U124/><E124/><V91/><F91/><W65/><G60/><T131/><D118/><U100/><E102/><V52/><REACH who="2" step="1"/><F7/><REACH who="2" ten="315,126,290,259" step="2"/><W61/><G67/><T73/><D131/><U120/><E120/><V70/><F70/><W27/><G65/><T109/><D109/><U116/><E116/><V32/><F32/><W111/><G111/><T117/><D117/><U107/><E107/><AGARI ba="0,1" hai="8,13,18,36,43,45,52,59,62,97,103,107,132,134" machi="107" ten="40,2600,0" yaku="1,1,54,1,53,0" doraHai="89" doraHaiUra="74" who="2" fromWho="1" sc="315,0,126,-26,290,36,259,0" owari="315,12.0,100,-40.0,326,42.0,259,-14.0" /></mjloggm>