<mjloggm ver="2.3"><GO type="169" lobby="0"/><UN n0="%E3%82%A6%E3%83%AB%E3%83%88%E3%83%A9%E7%AB%8B%E7%9B%B4" n1="%E3%81%8F%E3%81%86%E3%81%9F%E3%82%8D" n2="%E3%83%97%E3%83%A9%E3%83%81%E3%83%8A%E3%83%A0" n3="%74%70%6B" dan="19,18,16,16" rate="2279.85,2221.33,2168.85,2120.75" sx="M,M,M,M"/><TAIKYOKU oya="0"/><INIT seed="0,0,0,2,4,131" ten="250,250,250,250" oya="0" hai0="56,17,69,73,58,112,68,42,37,23,96,22,98" hai1="108,38,78,36,5,16,75,50,10,129,25,89,66" hai2="72,4,83,14,30,121,88,76,79,53,48,6,28" hai3="15,57,40,51,82,46,3,132,134,120,24,35,31"/><T7/><D7/><U117/><E117/><V12/><F121/><W115/><G115/><T114/><D42/><U44/><E129/><V118/><F118/><W60/><G3/><T119/><D119/><U0/><E108/><V97/><F79/><W27/><G120/><T59/><D17/><U109/><E109/><V65/><F65/><W26/><G15/><T124/><D124/><U41/><E66/><V122/><F122/><W125/><G125/><T64/><D64/><U100/><E100/><V62/><F62/><W135/><G82/><T61/><D61/><U2/><E2/><V54/><F54/><AGARI ba="0,0" hai="24,26,27,31,35,40,46,51,54,57,60,132,134,135" machi="54" ten="40,8000,1" yaku="20,1,52,3" doraHai="131" who="3" fromWho="2" sc="250,0,250,0,250,-80,250,80" /><INIT seed="1,0,0,0,4,50" ten="250,250,170,330" oya="1" hai0="34,44,89,60,80,51,59,87,116,38,53,11,70" hai1="109,98,111,56,41,118,19,135,77,17,9,106,82" hai2="61,47,31,23,33,0,74,18,3,8,26,58,115" hai3="39,40,79,84,29,49,46,119,69,76,54,10,90"/><U113/><E113/><V15/><F74/><W122/><G122/><T64/><D34/><U114/><E118/><V120/><F115/><W32/><G119/><T63/><D116/><U4/><E114/><V101/><F120/><W68/><G32/><T126/><D126/><U35/><E35/><V112/><F112/><W75/><G29/><T25/><D25/><U2/><E41/><V65/><F47/><W108/><G108/><N who="1" m="41546" /><E135/><V107/><F107/><W42/><G42/><T91/><D11/><U133/><E133/><V12/><REACH who="2" step="1"/><F101/><REACH who="2" ten="250,250,160,330" step="2"/><W110/><G110/><T78/><REACH who="0" step="1"/><D38/><REACH who="0" ten="240,250,160,330" step="2"/><U24/><E106/><V86/><F86/><W93/><G84/><T95/><D95/><U129/><E98/><V7/><AGARI ba="0,2" hai="0,3,7,8,12,15,18,23,26,31,33,58,61,65" machi="7" ten="20,5200,0" yaku="1,1,0,1,7,1,53,1" doraHai="50" doraHaiUra="1" who="2" fromWho="2" sc="240,-13,250,-26,160,72,330,-13" /><INIT seed="2,0,0,2,2,50" ten="227,224,232,317" oya="2" hai0="54,83,51,128,41,133,32,23,21,76,92,35,98" hai1="33,5,8,9,79,25,117,104,102,125,126,81,57" hai2="106,2,7,56,36,86,29,34,19,62,67,129,65" hai3="20,17,127,18,66,64,107,28,75,109,14,111,22"/><V91/><F106/><W122/><G107/><T10/><D128/><U60/><E117/><V3/><F36/><W115/><G75/><T47/><D133/><U132/><E132/><V74/><F74/><W77/><G77/><T70/><D70/><U135/><E135/><V4/><F129/><W13/><G122/><T46/><D10/><U95/><E104/><V68/><F7/><W130/><G130/><T26/><D83/><U1/><E9/><V0/><F4/><W118/><G28/><T11/><D11/><U103/><E25/><V82/><F19/><W53/><G115/><T58/><D76/><U45/><E45/><V72/><F72/><W27/><G27/><T113/><D113/><U131/><E33/><V100/><F100/><W43/><G43/><T80/><D80/><U87/><E131/><V24/><REACH who="2" step="1"/><F68/><REACH who="2" ten="227,224,222,317" step="2"/><W59/><G118/><T121/><D121/><U63/><E103/><V39/><F39/><W89/><G127/><T119/><D119/><U71/><E71/><V73/><F73/><W84/><G111/><T16/><D23/><U40/><E125/><V124/><F124/><W134/><G109/><T31/><D35/><U44/><E126/><V37/><F37/><W15/><G134/><T114/><D114/><U52/><E102/><V116/><F116/><W85/><G22/><T55/><D32/><U99/><E5/><V112/><F112/><W97/><G20/><T105/><D105/><U78/><E8/><V6/><F6/><W42/><G18/><T93/><D16/><U101/><E101/><V90/><F90/><W61/><G17/><RYUUKYOKU ba="0,1" sc="227,-10,224,-10,222,30,317,-10" hai2="0,2,3,24,29,34,56,62,65,67,82,86,91" /><INIT seed="2,1,1,4,5,49" ten="217,214,252,307" oya="2" hai0="53,73,45,107,109,48,75,108,20,41,3,64,116" hai1="128,102,13,77,9,76,14,35,78,17,47,122,57" hai2="22,79,124,81,32,33,95,0,29,37,91,56,23" hai3="19,54,86,100,104,1,72,60,133,67,28,68,63"/><V21/><F0/><W6/><G72/><T90/><D3/><U39/><E35/><V126/><F37/><W92/><G133/><T125/><D107/><U123/><E102/><V112/><F112/><W97/><G19/><T96/><D64/><U129/><E14/><V69/><F69/><W119/><G119/><T117/><D20/><U94/><E94/><V61/><F29/><W15/><G1/><T88/><D125/><N who="2" m="48234" /><F91/><N who="0" m="34858" /><D96/><U74/><E74/><N who="0" m="28169" /><D41/><N who="1" m="22975" /><E57/><V87/><F95/><W130/><G86/><T43/><D43/><U115/><E115/><V46/><F46/><W2/><G92/><T98/><D98/><U59/><E59/><V10/><F10/><W11/><G28/><T52/><D53/><AGARI ba="1,1" hai="21,22,23,32,33,53,56,61,79,81,87" m="48234" machi="53" ten="30,2900,0" yaku="18,1,52,1" doraHai="49" who="2" fromWho="0" sc="217,-32,214,0,252,42,307,0" /><INIT seed="2,2,0,4,4,34" ten="185,214,294,307" oya="2" hai0="103,66,55,108,67,81,86,78,14,61,124,98,105" hai1="5,85,76,127,92,37,36,101,128,40,110,96,72" hai2="2,4,60,8,3,75,95,22,132,58,28,126,125" hai3="35,102,23,29,39,90,87,131,50,107,7,43,33"/><V45/><F75/><W18/><G39/><T109/><D124/><N who="2" m="47722" /><F132/><W52/><G43/><T59/><REACH who="0" step="1"/><D14/><REACH who="0" ten="175,214,294,307" step="2"/><U100/><E127/><V83/><F3/><W118/><G131/><T15/><D15/><U106/><E128/><V42/><F2/><W12/><G118/><T63/><D63/><U44/><E110/><AGARI ba="2,1" hai="55,59,61,66,67,78,81,86,98,103,105,108,109,110" machi="110" ten="40,2600,0" yaku="1,1,14,1,53,0" doraHai="34" doraHaiUra="25" who="0" fromWho="1" sc="175,42,214,-32,294,0,307,0" /><INIT seed="3,0,0,1,5,45" ten="217,182,294,307" oya="3" hai0="83,106,2,116,36,79,100,59,101,8,21,37,71" hai1="15,93,58,14,62,97,61,98,24,82,65,16,134" hai2="1,127,10,131,135,125,67,55,5,52,91,80,123" hai3="105,114,75,63,108,33,126,70,118,68,49,41,0"/><W57/><RYUUKYOKU type="yao9" ba="0,0" sc="217,0,182,0,294,0,307,0" hai3="0,33,41,49,57,63,68,70,75,105,108,114,118,126" /><INIT seed="3,1,0,2,0,119" ten="217,182,294,307" oya="3" hai0="54,35,37,66,39,83,82,69,64,77,123,32,36" hai1="46,58,108,88,9,115,81,57,34,106,28,130,38" hai2="93,2,15,21,101,132,95,56,47,116,14,48,17" hai3="4,86,85,76,53,45,78,110,49,62,11,13,55"/><W109/><G109/><T122/><D54/><U65/><E115/><V24/><F2/><W1/><G1/><T89/><D89/><U43/><E106/><V29/><F132/><W131/><G131/><T59/><D59/><U107/><E107/><V44/><F116/><W105/><G105/><T96/><D96/><U135/><E108/><V114/><F114/><W42/><G110/><T20/><D20/><U73/><E135/><V94/><F101/><W103/><G103/><T87/><D69/><U25/><E130/><V22/><F15/><W125/><G125/><T117/><D117/><U90/><E9/><V79/><F79/><N who="3" m="30251" /><G62/><T111/><D111/><U121/><E73/><V41/><F47/><W91/><G85/><T6/><D6/><U112/><E112/><V31/><REACH who="2" step="1"/><F56/><REACH who="2" ten="217,182,284,307" step="2"/><W75/><G75/><T7/><D77/><U68/><E58/><V102/><F102/><W127/><G127/><T133/><D133/><U27/><E57/><V118/><F118/><W16/><G4/><T74/><D7/><U52/><E68/><V12/><F12/><W128/><G128/><T80/><D74/><U61/><E46/><V63/><F63/><W30/><G30/><AGARI ba="1,1" hai="14,17,21,22,24,29,30,31,41,44,48,93,94,95" machi="30" ten="40,2600,0" yaku="1,1,8,1,53,0" doraHai="119" doraHaiUra="129" who="2" fromWho="3" sc="217,0,182,0,284,39,307,-29" /><INIT seed="4,0,0,5,2,24" ten="217,182,323,278" oya="0" hai0="53,96,104,2,115,16,51,61,120,111,84,52,13" hai1="75,86,35,50,99,62,21,129,54,78,69,10,103" hai2="122,109,56,90,118,44,67,33,125,132,20,82,130" hai3="37,36,57,106,25,43,101,23,113,47,135,9,58"/><T66/><D2/><U72/><E35/><V17/><F33/><W97/><G113/><T70/><D120/><U92/><E129/><V38/><F109/><W107/><G135/><T42/><D115/><U55/><E10/><V87/><F122/><W131/><G131/><T77/><D111/><U74/><E21/><V108/><F108/><W91/><G36/><T117/><D117/><U19/><E19/><V40/><F130/><W123/><G123/><T28/><D28/><U76/><E86/><V85/><F132/><W45/><G47/><T30/><D30/><U73/><N who="1" m="18432" /><DORA hai="93" /><U48/><E48/><V60/><F125/><W112/><G112/><T11/><D42/><U98/><E98/><V0/><F0/><W116/><G116/><T64/><D64/><U83/><E83/><V114/><F118/><W18/><G107/><T34/><D34/><U5/><E5/><V32/><F32/><W119/><G119/><T68/><D68/><U15/><E15/><V124/><F124/><W29/><REACH who="3" step="1"/><G91/><REACH who="3" ten="217,182,323,268" step="2"/><T102/><REACH who="0" step="1"/><D51/><REACH who="0" ten="207,182,323,268" step="2"/><U110/><E110/><V105/><F114/><W88/><G88/><T79/><D79/><U46/><REACH who="1" step="1"/><E69/><REACH who="1" ten="207,172,323,268" step="2"/><V133/><F133/><W22/><G22/><T8/><D8/><U100/><E100/><V65/><F20/><W7/><G7/><T12/><D12/><AGARI ba="0,3" hai="9,12,18,23,25,29,37,43,45,57,58,97,101,106" machi="12" ten="40,5200,0" yaku="1,1,52,2,53,0" doraHai="24,93" doraHaiUra="81,63" who="3" fromWho="0" sc="207,-52,172,0,323,0,268,82" /><INIT seed="5,0,0,2,3,51" ten="155,172,323,350" oya="1" hai0="88,134,123,67,26,12,13,127,22,46,94,49,24" hai1="121,124,129,5,130,61,15,58,108,101,27,57,81" hai2="102,32,56,30,99,25,100,110,115,125,55,106,10" hai3="93,87,133,80,73,105,66,16,71,20,122,7,96"/><U2/><E121/><V62/><F110/><W120/><G133/><T79/><D127/><U82/><E2/><V90/><F125/><W6/><G105/><T72/><D134/><U70/><E124/><V132/><F132/><W77/><G73/><T111/><D111/><U34/><E70/><V54/><F115/><W109/><G109/><T119/><D119/><U31/><E101/><V4/><F90/><W41/><G41/><T107/><D107/><U60/><E108/><V65/><REACH who="2" step="1"/><F102/><REACH who="2" ten="155,172,313,350" step="2"/><W39/><G120/><T53/><D123/><U83/><E5/><V35/><F35/><W40/><G122/><T37/><D79/><U63/><REACH who="1" step="1"/><E15/><AGARI ba="0,1" hai="4,10,15,25,30,32,54,55,56,62,65,99,100,106" machi="15" ten="30,7700,0" yaku="1,1,7,1,52,2,53,0" doraHai="51" doraHaiUra="84" who="2" fromWho="1" sc="155,0,172,-77,313,87,350,0" /><INIT seed="6,0,0,0,4,27" ten="155,95,400,350" oya="2" hai0="60,114,2,22,32,76,125,16,49,29,80,45,106" hai1="57,66,90,83,5,100,119,25,95,39,87,134,61" hai2="135,35,7,110,23,1,101,84,109,20,26,19,59" hai3="24,72,28,102,37,47,118,133,127,38,81,51,0"/><V21/><F101/><W41/><G118/><T88/><D106/><U36/><E134/><V70/><F70/><W94/><G127/><T50/><D2/><U128/><E128/><V44/><F44/><W86/><G0/><T68/><D114/><U82/><E119/><V30/><F59/><W99/><G72/><T115/><D115/><U53/><E5/><V116/><F84/><W77/><REACH who="3" step="1"/><G133/><REACH who="3" ten="155,95,400,340" step="2"/><T15/><D125/><U124/><E124/><V13/><F135/><W78/><G78/><T31/><D76/><U111/><E111/><N who="2" m="42507" /><F116/><W64/><G64/><T8/><D32/><AGARI ba="0,1" hai="24,28,32,37,38,41,47,51,77,81,86,94,99,102" machi="32" ten="30,3900,0" yaku="1,1,7,1,52,1,53,0" doraHai="27" doraHaiUra="63" who="3" fromWho="0" sc="155,-39,95,0,400,0,340,49" /><INIT seed="7,0,0,2,5,6" ten="116,95,400,389" oya="3" hai0="88,76,3,73,7,80,115,31,37,33,44,98,36" hai1="89,134,46,123,79,74,105,11,0,50,118,60,64" hai2="113,53,122,84,92,94,114,29,63,2,124,83,48" hai3="108,43,81,67,112,57,35,13,10,66,86,58,30"/><W26/><G112/><N who="2" m="43113" /><F124/><W22/><G108/><T97/><D115/><U120/><E105/><V4/><F122/><W39/><G39/><T59/><D59/><N who="3" m="22537" /><G43/><N who="0" m="22631" /><D37/><U9/><E0/><V61/><F29/><W12/><G35/><T18/><D18/><U128/><E89/><N who="2" m="51359" /><F4/><N who="3" m="3143" /><G13/><T71/><D71/><U82/><E128/><V54/><F2/><W126/><G126/><T117/><D117/><U51/><E118/><V129/><F129/><W62/><G62/><N who="2" m="23561" /><F48/><W56/><N who="3" m="22545" /><W70/><DORA hai="14" /><G70/><T41/><D3/><U130/><E130/><V19/><F19/><W69/><G69/><T77/><D7/><U23/><E60/><V101/><F101/><W91/><AGARI ba="0,0" hai="22,26,30,66,67,81,86,91" m="3143,22545" machi="91" ten="30,3000,0" yaku="8,1,52,1" doraHai="6,14" who="3" fromWho="3" sc="116,-10,95,-10,400,-10,389,30" owari="106,-29.0,85,-41.0,390,19.0,419,51.0" /></mjloggm>