<mjloggm ver="2.3"><GO type="169" lobby="0"/><UN n0="%E9%BB%84%E9%BE%8D%E5%85%84%E8%B2%B4" n1="%E3%83%AC%E3%83%87%E3%82%B9%E3%83%9E" n2="%E3%83%88%E3%83%88%E3%83%AA%E5%85%88%E7%94%9F%31%39%E6%AD%B3" n3="%63%6F%62%65%68%6F%70%65" dan="16,18,19,17" rate="2161.07,2182.71,2319.94,2167.20" sx="M,M,F,M"/><TAIKYOKU oya="0"/><INIT seed="0,0,0,4,3,20" ten="250,250,250,250" oya="0" hai0="30,69,95,77,9,41,115,100,112,114,90,113,39" hai1="62,65,40,86,83,5,59,127,91,17,124,73,57" hai2="75,134,67,19,104,27,99,105,109,78,16,70,89" hai3="129,18,42,50,117,52,0,11,118,24,25,54,37"/><T49/><D39/><U84/><E73/><V1/><F1/><W12/><G0/><T96/><D69/><U61/><E5/><V123/><F123/><W122/><G122/><T68/><D68/><U120/><E120/><V130/><F109/><W48/><G129/><T79/><D9/><U32/><E32/><V80/><F130/><W102/><G37/><T58/><N who="0" m="28672" /><DORA hai="81" /><T2/><D2/><U29/><E29/><V66/><F134/><W44/><G42/><T128/><D128/><U10/><E40/><V121/><F121/><W8/><G102/><T116/><D116/><U56/><E86/><V60/><F67/><W101/><G101/><T28/><D100/><U33/><E33/><V98/><F89/><W97/><G97/><T88/><D90/><U135/><E135/><V108/><F108/><W94/><G94/><T126/><D126/><N who="1" m="48171" /><E65/><V51/><F99/><W133/><G133/><T3/><D3/><U103/><E103/><V85/><F75/><W119/><REACH who="3" step="1"/><G11/><REACH who="3" ten="250,250,250,240" step="2"/><T64/><D41/><U14/><AGARI ba="0,1" hai="10,14,17,56,57,59,61,62,83,84,91" m="48171" machi="14" ten="40,2700,0" yaku="18,1,52,1" doraHai="20,81" who="1" fromWho="1" sc="250,-13,250,37,250,-7,240,-7" /><INIT seed="1,0,0,0,2,40" ten="237,287,243,233" oya="1" hai0="49,36,91,34,55,87,66,64,9,106,11,77,19" hai1="25,59,128,76,73,17,88,115,75,39,117,7,5" hai2="56,42,129,82,133,119,95,22,98,43,4,16,0" hai3="3,62,110,28,89,15,10,53,92,84,122,79,107"/><U130/><E115/><V114/><F119/><W74/><G122/><T33/><D36/><U24/><E117/><V38/><F114/><W125/><G107/><T8/><D106/><U86/><E39/><V108/><F108/><W52/><G110/><T45/><D77/><U31/><E59/><V72/><F129/><N who="1" m="49769" /><E76/><V99/><F133/><W94/><G3/><T26/><D34/><N who="1" m="20847" /><E17/><V101/><F82/><N who="3" m="47199" /><G74/><N who="1" m="28170" /><E24/><V35/><F72/><W41/><G125/><T67/><D33/><U118/><E118/><V93/><F35/><W105/><G105/><T27/><REACH who="0" step="1"/><D19/><REACH who="0" ten="227,287,243,233" step="2"/><U134/><E134/><V2/><F38/><W78/><G78/><T96/><D96/><U120/><E120/><V126/><F98/><W1/><G28/><T124/><D124/><U131/><E131/><V132/><F126/><W44/><G1/><T12/><D12/><U85/><E85/><V116/><F2/><W51/><G62/><T111/><D111/><U121/><E121/><V14/><F132/><W100/><G100/><T63/><D63/><U103/><E103/><V50/><F116/><W47/><G89/><T32/><D32/><U18/><E18/><V29/><F29/><W21/><G15/><T83/><AGARI ba="0,1" hai="8,9,11,26,27,45,49,55,64,66,67,83,87,91" machi="83" ten="30,7900,0" yaku="1,1,0,1,8,1,52,1,53,0" doraHai="40" doraHaiUra="123" who="0" fromWho="0" sc="227,89,287,-39,243,-20,233,-20" /><INIT seed="2,0,0,1,2,2" ten="316,248,223,213" oya="2" hai0="102,10,95,18,84,6,24,61,45,38,39,32,96" hai1="126,63,34,92,103,17,55,50,94,77,104,111,20" hai2="12,35,109,74,87,91,132,100,49,9,16,58,81" hai3="46,90,105,89,0,23,85,124,116,41,125,112,11"/><V114/><F114/><W98/><G116/><T97/><D84/><U70/><E111/><V48/><F35/><W7/><G112/><T133/><D133/><U121/><E34/><V107/><F132/><W83/><G23/><T62/><D39/><U130/><E126/><N who="3" m="48746" /><G105/><T19/><D19/><U60/><E130/><V86/><F74/><W66/><G66/><T82/><D82/><U31/><E31/><V127/><F127/><W28/><G28/><T123/><D123/><U122/><E77/><V4/><F109/><W47/><G41/><T106/><D38/><U54/><E104/><V56/><F100/><W65/><G65/><T3/><D45/><N who="3" m="16905" /><G98/><T118/><D118/><U33/><E33/><V36/><F107/><W22/><G22/><T115/><D115/><U40/><E40/><V53/><F36/><W68/><G68/><T73/><D32/><U67/><E20/><V13/><F86/><W1/><G1/><T51/><D73/><U69/><E67/><V119/><F119/><W42/><G42/><T29/><D29/><U129/><E70/><V135/><F135/><W101/><G101/><T72/><D72/><U110/><E103/><V78/><F58/><W5/><G5/><T131/><D102/><U79/><E69/><V8/><F78/><AGARI ba="0,0" hai="0,7,11,78,83,85,89,90" m="16905,48746" machi="78" ten="30,2000,0" yaku="18,1,52,1" doraHai="2" who="3" fromWho="2" sc="316,0,248,0,223,-20,213,20" /><INIT seed="3,0,0,2,0,99" ten="316,248,203,233" oya="3" hai0="68,19,16,85,11,95,69,120,71,78,76,4,113" hai1="54,26,14,118,25,134,114,3,1,96,8,89,130" hai2="12,6,40,84,55,87,57,5,17,66,2,102,98" hai3="53,80,107,100,52,133,61,39,18,36,47,105,28"/><W73/><G133/><T92/><D120/><U38/><E134/><V50/><F2/><W121/><G121/><T42/><D42/><U115/><E38/><V59/><F40/><W122/><G122/><T24/><D113/><U110/><E110/><V97/><F97/><W111/><G28/><T101/><D24/><U46/><E130/><V132/><F132/><W119/><G119/><T128/><D128/><U32/><E118/><V131/><F131/><W70/><G107/><T67/><D67/><U64/><E64/><V124/><F124/><W58/><G70/><T117/><D117/><U49/><E114/><V135/><F135/><W51/><G111/><T35/><D35/><U0/><E32/><V93/><F66/><W21/><G105/><T108/><D108/><U23/><E23/><V60/><F59/><W56/><G56/><T31/><D71/><U37/><E37/><V9/><F60/><W65/><G65/><T75/><D31/><U104/><E115/><V43/><F43/><W48/><G61/><T34/><D34/><U112/><E112/><V127/><F127/><W74/><G100/><T13/><D101/><U81/><E104/><V45/><F57/><W30/><G30/><T123/><D123/><U72/><E72/><N who="3" m="27754" /><G80/><T79/><D75/><U62/><E62/><V15/><REACH who="2" step="1"/><F6/><REACH who="2" ten="316,248,193,233" step="2"/><W10/><G39/><T116/><D116/><U77/><E96/><V86/><F86/><W20/><G36/><T27/><D85/><U82/><E3/><V83/><F83/><W109/><G109/><T22/><D4/><N who="1" m="3335" /><E1/><V91/><F91/><W29/><G29/><RYUUKYOKU ba="0,1" sc="316,10,248,-30,193,10,233,10" hai0="11,13,16,19,22,27,68,69,76,78,79,92,95" hai2="5,9,12,15,17,45,50,55,84,87,93,98,102" hai3="10,18,20,21,47,48,51,52,53,58" /><INIT seed="3,1,1,1,3,117" ten="326,218,203,243" oya="3" hai0="124,65,96,34,45,97,17,23,82,42,10,31,50" hai1="95,11,5,55,39,123,88,13,71,59,125,105,72" hai2="18,81,68,22,1,104,58,73,48,70,129,9,28" hai3="7,98,44,118,106,15,83,134,77,43,37,3,38"/><W52/><G118/><T85/><D124/><U69/><E125/><V8/><F104/><W36/><G134/><T30/><D65/><U120/><E105/><V12/><F129/><W131/><G131/><T4/><D34/><U56/><E39/><V0/><F28/><W35/><G35/><T40/><D40/><U67/><E72/><V60/><F48/><W103/><G15/><T80/><D80/><U86/><E59/><V6/><F73/><N who="3" m="43439" /><G52/><T20/><D20/><U110/><E110/><V53/><REACH who="2" step="1"/><F81/><REACH who="2" ten="326,218,193,243" step="2"/><W114/><G114/><T61/><D31/><U93/><E93/><V74/><F74/><W76/><G76/><T121/><D30/><U66/><E71/><V130/><F130/><W107/><G107/><T75/><D75/><U47/><E47/><V63/><F63/><W14/><G14/><N who="0" m="5447" /><D61/><U57/><E57/><V87/><F87/><W101/><G101/><T19/><D85/><U46/><E46/><V54/><F54/><W62/><G62/><T122/><D82/><U127/><E127/><V102/><F102/><W89/><G89/><T24/><D96/><U128/><E128/><V108/><F108/><W49/><G49/><T41/><D97/><U132/><E132/><V2/><F2/><W84/><G84/><T115/><D115/><U112/><E112/><V90/><F90/><W133/><G133/><T111/><D111/><U29/><E29/><V25/><F25/><W51/><G51/><T92/><D92/><U78/><E78/><V99/><F99/><W91/><G91/><T109/><D109/><U94/><E94/><V21/><F21/><RYUUKYOKU ba="1,2" sc="326,-15,218,-15,193,15,243,15" hai2="0,1,6,8,9,12,18,22,53,58,60,68,70" hai3="3,7,36,37,38,43,44,98,103,106" /><INIT seed="3,2,2,2,2,55" ten="311,203,208,258" oya="3" hai0="3,119,102,41,39,63,115,50,105,13,79,133,23" hai1="113,134,132,67,77,94,135,120,82,10,29,124,49" hai2="76,116,40,100,74,112,121,96,57,64,1,54,126" hai3="5,89,123,6,8,44,46,84,9,60,108,32,12"/><W87/><G123/><T72/><D3/><U98/><E120/><V16/><F112/><W90/><G32/><T14/><D39/><U122/><E122/><V103/><F121/><W28/><G28/><T53/><D119/><U130/><E113/><V4/><F116/><W11/><G108/><T114/><D133/><U58/><E29/><V34/><F34/><W86/><G60/><T56/><D105/><U93/><E124/><V75/><F126/><W131/><G131/><T61/><D102/><U25/><E130/><V52/><F40/><W59/><G59/><T48/><D72/><U65/><E25/><V70/><F70/><W111/><G111/><T27/><D79/><U68/><E10/><V101/><F96/><W80/><G80/><T20/><D27/><U26/><E26/><V104/><F104/><W21/><G21/><T83/><D83/><U107/><E107/><V35/><F35/><W66/><G66/><N who="1" m="25098" /><E68/><V47/><F76/><W106/><G106/><T17/><D114/><U99/><E99/><V24/><F4/><N who="3" m="1643" /><G12/><T33/><D33/><U19/><E19/><V15/><F1/><W43/><G43/><T38/><D115/><U109/><E109/><V127/><F127/><W51/><G51/><T117/><D117/><U73/><E98/><V22/><F24/><W110/><G110/><T81/><D38/><U71/><E71/><V91/><F74/><W31/><G31/><T92/><D14/><U18/><E18/><V30/><F75/><W95/><G95/><T0/><D0/><U69/><E69/><V36/><F30/><W85/><G85/><RYUUKYOKU ba="2,2" sc="311,-15,203,15,208,-15,258,15" hai1="49,58,73,77,82,93,94,132,134,135" hai3="8,9,11,44,46,84,86,87,89,90" /><INIT seed="3,3,2,5,0,102" ten="296,218,193,273" oya="3" hai0="85,103,75,130,11,62,48,53,110,88,67,2,1" hai1="109,5,70,79,9,134,43,32,71,65,73,47,26" hai2="38,90,46,58,121,107,106,4,30,82,7,115,94" hai3="17,52,116,35,123,34,25,127,128,3,50,122,19"/><W91/><G116/><T6/><D110/><U83/><E109/><V42/><F115/><W97/><G3/><T39/><D130/><U69/><E134/><V55/><F121/><W16/><G128/><T93/><D39/><N who="1" m="22015" /><E26/><V64/><F64/><W44/><G127/><T105/><D75/><U51/><E51/><V13/><F30/><W135/><G135/><T112/><D112/><U100/><E100/><V84/><F7/><W87/><G97/><T89/><D1/><N who="1" m="175" /><E32/><V54/><F54/><W28/><REACH who="3" step="1"/><G35/><REACH who="3" ten="296,218,193,263" step="2"/><T66/><D2/><U15/><E15/><V86/><F13/><W8/><G8/><T92/><D11/><U29/><E29/><V113/><F113/><W33/><G33/><T126/><D126/><U57/><E57/><V114/><F114/><W111/><G111/><T81/><D6/><U129/><E129/><V104/><F4/><W21/><G21/><T118/><D118/><U60/><AGARI ba="3,3" hai="60,65,69,70,71,73,79,83" m="175,22015" machi="60" ten="30,4000,0" yaku="25,1,33,2" doraHai="102" who="1" fromWho="1" sc="296,-13,218,79,193,-13,263,-23" /><INIT seed="4,0,0,5,1,128" ten="283,297,180,240" oya="0" hai0="107,100,54,133,5,88,74,85,117,120,78,19,135" hai1="11,23,80,37,9,108,30,17,29,111,90,110,27" hai2="57,55,132,39,46,28,14,53,72,101,0,81,43" hai3="16,68,7,84,127,15,45,98,134,82,87,6,65"/><T31/><D117/><U2/><E37/><V49/><F0/><W97/><G68/><T59/><D120/><U35/><E80/><V89/><F132/><N who="0" m="50762" /><D5/><N who="1" m="1207" /><E90/><V124/><F124/><W64/><G127/><T48/><D74/><U20/><E11/><V77/><F101/><W41/><G7/><T1/><D1/><U126/><E126/><V33/><F33/><W3/><G6/><T24/><D78/><U62/><E62/><V36/><F36/><W8/><G3/><T119/><D119/><U32/><E23/><V93/><F28/><AGARI ba="0,0" hai="17,20,27,28,29,30,32,35,108,110,111" m="1207" machi="28" ten="30,2000,0" yaku="34,2" doraHai="128" who="1" fromWho="2" sc="283,0,297,20,180,-20,240,0" /><INIT seed="5,0,0,4,5,134" ten="283,317,160,240" oya="1" hai0="89,43,85,135,18,66,129,13,21,24,106,128,17" hai1="121,81,53,132,110,15,58,108,27,102,67,73,55" hai2="103,84,45,39,99,16,80,104,133,116,54,14,32" hai3="90,77,117,65,52,127,40,49,35,41,71,92,101"/><U42/><E121/><V51/><F133/><W63/><G35/><T69/><D135/><U1/><E132/><V3/><F116/><W95/><G117/><T91/><D106/><U34/><E1/><V23/><F32/><W19/><G77/><T78/><D43/><U125/><E102/><V112/><F112/><W9/><G101/><T11/><D69/><U28/><E42/><V105/><F3/><W124/><G41/><T70/><D70/><U79/><E15/><V31/><F31/><W33/><G33/><T50/><D66/><U0/><E0/><V68/><F68/><W107/><G107/><T59/><D78/><U114/><E114/><V113/><F113/><W37/><G37/><T26/><D26/><U44/><E44/><V12/><F105/><W46/><G40/><T56/><D89/><U82/><E82/><V30/><F30/><W60/><G60/><T8/><D8/><U62/><REACH who="1" step="1"/><E125/><REACH who="1" ten="283,307,160,240" step="2"/><N who="3" m="48202" /><G90/><T120/><D91/><U72/><E72/><V97/><F39/><W115/><G115/><T88/><D88/><U22/><E22/><N who="2" m="11527" /><F103/><W123/><G123/><T10/><D120/><U4/><E4/><V109/><F104/><W74/><G74/><T100/><D100/><U61/><E61/><V38/><F38/><W96/><G96/><N who="2" m="36937" /><F84/><W6/><G19/><T57/><D85/><U64/><E64/><V126/><F126/><W2/><AGARI ba="0,1" hai="2,6,9,46,49,52,63,65,71,92,95" m="48202" machi="2" ten="30,8000,1" yaku="18,1,52,3,54,1" doraHai="134" who="3" fromWho="3" sc="283,-20,307,-40,160,-20,240,90" /><INIT seed="6,0,0,1,0,74" ten="263,267,140,330" oya="2" hai0="115,57,42,102,50,53,94,79,32,70,24,31,9" hai1="124,111,63,133,27,65,91,135,5,75,92,64,13" hai2="20,98,125,54,86,134,76,46,132,34,95,81,38" hai3="108,1,120,110,77,52,107,103,40,112,61,48,16"/><V51/><F34/><W117/><G117/><T41/><D70/><U36/><E111/><V88/><F125/><W78/><G120/><T129/><D129/><U93/><E124/><V127/><F127/><W126/><G1/><T113/><D9/><U104/><E104/><V4/><F38/><W101/><G126/><T119/><D119/><U62/><E36/><V84/><F4/><W73/><G73/><T44/><D79/><N who="3" m="30217" /><G107/><T105/><D105/><U128/><E27/><V121/><F121/><W35/><G35/><T15/><D15/><U106/><E75/><V114/><F114/><N who="0" m="43530" /><D44/><U97/><E106/><V116/><F116/><W89/><G112/><T45/><D45/><U87/><E128/><V26/><REACH who="2" step="1"/><F84/><REACH who="2" ten="263,267,130,330" step="2"/><W7/><G110/><T0/><D0/><U69/><E5/><V21/><F21/><W12/><G7/><T25/><D32/><U43/><E87/><V37/><F37/><W83/><G108/><T59/><D31/><AGARI ba="0,1" hai="20,26,31,46,51,54,76,81,86,88,95,98,132,134" machi="31" ten="40,7700,0" yaku="1,1,52,1,54,1,53,0" doraHai="74" doraHaiUra="30" who="2" fromWho="0" sc="263,-77,267,0,130,87,330,0" /><INIT seed="6,1,0,5,2,57" ten="186,267,217,330" oya="2" hai0="128,107,18,108,61,22,45,41,100,44,101,73,25" hai1="3,135,80,17,53,40,38,109,47,65,43,59,116" hai2="74,69,56,121,0,105,6,12,102,20,68,51,37" hai3="106,119,127,31,8,85,72,58,104,16,110,91,122"/><V11/><F121/><W35/><G119/><T23/><D73/><U125/><E3/><V55/><F37/><W29/><G110/><T27/><D108/><U77/><E109/><V50/><F74/><W14/><G72/><T75/><D75/><U52/><E116/><V99/><F0/><W34/><G122/><T33/><D33/><U62/><E125/><V93/><F20/><W13/><G127/><T21/><D128/><U78/><E135/><V111/><F111/><W88/><G58/><T114/><D114/><U82/><E40/><V113/><F113/><W95/><G95/><T39/><D45/><U32/><E32/><V97/><REACH who="2" step="1"/><F51/><REACH who="2" ten="186,267,207,330" step="2"/><W71/><G34/><T92/><D23/><U15/><E38/><V26/><F26/><W5/><G35/><T126/><D126/><U70/><E15/><V123/><F123/><W84/><G14/><T54/><D107/><U83/><E77/><V79/><F79/><W124/><G104/><T46/><D22/><U10/><E78/><V90/><AGARI ba="1,1" hai="6,11,12,50,55,56,68,69,90,93,97,99,102,105" machi="90" ten="20,7800,0" yaku="1,1,0,1,7,1,53,1" doraHai="57" doraHaiUra="49" who="2" fromWho="2" sc="186,-27,267,-27,207,91,330,-27" /><INIT seed="6,2,0,0,5,24" ten="159,240,298,303" oya="2" hai0="133,107,84,30,66,46,96,91,101,48,71,15,98" hai1="11,134,128,60,81,70,29,130,102,110,40,7,109" hai2="20,77,27,35,111,89,65,49,10,99,118,87,129" hai3="95,119,131,2,17,88,73,21,1,112,86,121,34"/><V54/><F118/><W14/><G121/><T125/><D125/><U23/><E102/><V45/><F35/><W78/><G119/><T103/><D133/><U117/><E40/><V68/><F129/><N who="1" m="49769" /><E60/><V94/><F111/><N who="1" m="42505" /><E81/><V123/><F123/><W75/><G34/><T74/><D74/><U62/><E62/><V41/><F68/><W58/><G112/><T12/><D66/><U79/><E79/><V69/><F69/><W57/><G131/><T126/><D71/><U85/><E85/><V50/><F10/><W63/><G58/><T64/><D64/><U132/><E70/><V135/><F135/><W124/><G124/><T28/><D126/><U19/><E117/><V52/><F65/><W127/><G127/><T32/><D32/><U25/><E19/><N who="2" m="12703" /><F50/><W76/><G75/><T22/><D84/><U53/><E53/><V56/><F56/><W114/><G114/><T122/><D122/><U51/><E51/><V82/><AGARI ba="2,0" hai="41,45,49,52,54,77,82,87,89,94,99" m="12703" machi="82" ten="30,3000,0" yaku="8,1,54,1" doraHai="24" who="2" fromWho="2" sc="159,-12,240,-12,298,36,303,-12" /><INIT seed="6,3,0,2,4,104" ten="147,228,334,291" oya="2" hai0="54,38,43,5,108,62,44,18,87,39,25,83,119" hai1="125,98,74,37,28,65,127,2,133,42,66,9,59" hai2="78,52,19,90,4,116,57,121,50,12,88,68,112" hai3="14,76,10,113,134,132,58,73,48,53,86,91,35"/><V8/><F116/><W130/><G35/><T22/><D119/><U84/><E133/><N who="3" m="51306" /><G130/><T3/><D108/><U56/><E28/><V34/><F121/><W75/><G76/><T64/><D3/><U55/><E84/><V30/><F68/><W47/><G58/><T71/><D5/><U24/><E24/><V97/><F112/><W69/><G69/><T128/><D128/><U131/><E98/><V102/><F78/><W46/><G46/><T6/><D6/><U96/><E96/><V13/><F30/><W106/><G106/><T51/><REACH who="0" step="1"/><D43/><REACH who="0" ten="137,228,334,291" step="2"/><U67/><E42/><V16/><F4/><N who="3" m="3399" /><G113/><T103/><D103/><U94/><E131/><V1/><F1/><W95/><AGARI ba="3,1" hai="47,48,53,73,75,86,91,95" m="3399,51306" machi="95" ten="30,4000,0" yaku="20,1,52,2" doraHai="104" who="3" fromWho="3" sc="137,-13,228,-13,334,-23,291,59" /><INIT seed="7,0,0,1,0,121" ten="124,215,311,350" oya="3" hai0="125,44,60,95,72,7,75,74,62,91,0,67,45" hai1="8,70,21,15,43,114,3,133,135,25,98,47,19" hai2="36,84,115,1,29,108,23,16,9,37,96,30,68" hai3="109,22,97,134,63,26,129,64,53,13,123,41,52"/><W28/><G123/><T20/><D125/><U87/><E70/><V79/><F68/><W69/><G129/><T86/><D0/><U18/><E114/><V92/><F115/><W35/><G134/><N who="1" m="51210" /><E3/><V80/><F108/><W128/><G109/><T39/><D7/><U59/><E59/><V93/><F93/><W77/><G128/><T2/><D2/><U130/><E130/><V90/><F36/><W127/><G127/><T116/><D116/><U61/><E61/><V103/><F37/><W38/><G77/><T33/><D33/><U56/><E56/><V88/><F9/><W54/><G38/><T65/><D39/><N who="1" m="22015" /><E87/><N who="2" m="48543" /><F1/><W118/><G41/><T32/><D32/><U124/><E124/><V106/><F106/><W42/><G42/><T66/><REACH who="0" step="1"/><D20/><REACH who="0" ten="114,215,311,350" step="2"/><U101/><E21/><V89/><F84/><W110/><G118/><T50/><D50/><U14/><E98/><V113/><F113/><W34/><G22/><T117/><D117/><U120/><E120/><V99/><F99/><W132/><G97/><T24/><D24/><AGARI ba="0,1" hai="16,23,24,29,30,88,89,90,92,96,103" m="48543" machi="24" ten="30,3900,0" yaku="8,1,54,2" doraHai="121" who="2" fromWho="0" sc="114,-39,215,0,311,49,350,0" owari="75,-42.0,215,-18.0,360,45.0,350,15.0" /></mjloggm>