<mjloggm ver="2.3"><GO type="169" lobby="0"/><UN n0="%79%61%63%68%69%33%35%38" n1="%E3%82%A6%E3%83%AB%E3%83%88%E3%83%A9%E7%AB%8B%E7%9B%B4" n2="%E3%81%AD%E3%81%B7%E3%81%AD%E3%81%B7" n3="%E3%81%98%E3%81%87%E3%82%8B" dan="18,18,16,17" rate="2253.23,2244.75,2055.48,2169.94" sx="M,M,F,M"/><TAIKYOKU oya="0"/><INIT seed="0,0,0,3,4,6" ten="250,250,250,250" oya="0" hai0="75,23,111,47,38,84,109,101,8,104,129,90,86" hai1="46,34,65,22,60,130,12,83,54,53,76,119,10" hai2="24,43,16,78,88,105,102,45,99,2,49,80,21" hai3="15,133,11,41,116,114,118,13,91,5,103,94,89"/><T64/><D75/><U1/><E34/><V63/><F2/><W97/><G114/><T132/><D64/><U56/><E119/><V51/><F63/><W100/><G133/><T20/><D132/><U72/><E130/><V93/><F51/><W122/><G122/><T77/><D129/><U48/><E1/><V44/><F44/><W112/><G112/><T87/><D77/><U107/><E107/><V59/><F59/><W31/><G31/><T58/><D58/><U18/><REACH who="1" step="1"/><E22/><REACH who="1" ten="250,240,250,250" step="2"/><V125/><F125/><W52/><G118/><T131/><D23/><U92/><E92/><V61/><F61/><W57/><G116/><T117/><D20/><U39/><E39/><V134/><F134/><W85/><G41/><AGARI ba="0,1" hai="10,12,18,41,46,48,53,54,56,60,65,72,76,83" machi="41" ten="30,7700,0" yaku="1,1,7,1,52,1,53,1" doraHai="6" doraHaiUra="74" who="1" fromWho="3" sc="250,0,240,87,250,0,250,-77" /><INIT seed="1,0,0,4,4,132" ten="250,327,250,173" oya="1" hai0="69,107,44,70,18,10,80,91,45,124,55,48,99" hai1="52,12,41,108,103,93,28,78,77,60,61,51,29" hai2="6,68,98,33,32,42,36,53,19,126,71,104,3" hai3="72,74,121,54,47,50,46,75,95,11,56,1,40"/><U120/><E120/><V114/><F53/><W83/><G121/><T21/><D45/><U49/><E108/><V94/><F19/><W59/><G95/><T30/><D107/><U92/><E12/><V5/><F94/><N who="1" m="36457" /><E103/><N who="2" m="62583" /><F114/><W119/><G119/><T122/><D99/><U117/><E117/><V73/><F5/><W89/><G89/><T135/><D135/><U131/><E131/><V110/><F110/><W17/><G83/><T129/><D129/><U134/><E134/><V128/><F73/><W39/><REACH who="3" step="1"/><G17/><REACH who="3" ten="250,327,250,163" step="2"/><T0/><D122/><U24/><E78/><V66/><F128/><W102/><G102/><T37/><D18/><U23/><E77/><V112/><F112/><W118/><G118/><T31/><D91/><U133/><E133/><V26/><F32/><W67/><G67/><T65/><D80/><U43/><E29/><V85/><F66/><W111/><G111/><T13/><D65/><U35/><E35/><V25/><F33/><W123/><G123/><T86/><D31/><U88/><E88/><V14/><F6/><AGARI ba="0,1" hai="1,6,11,39,40,46,47,50,54,56,59,72,74,75" machi="6" ten="40,8000,1" yaku="1,1,53,3" doraHai="132" doraHaiUra="106" who="3" fromWho="2" sc="250,0,327,0,250,-80,163,90" /><INIT seed="2,0,0,4,5,48" ten="250,327,170,253" oya="2" hai0="110,72,91,84,101,124,7,67,108,8,134,78,125" hai1="9,22,99,2,37,127,77,118,61,76,17,53,128" hai2="87,122,135,126,52,86,111,65,63,85,47,45,42" hai3="33,89,5,71,29,114,6,104,82,12,27,16,54"/><V41/><F135/><W30/><G104/><T81/><D67/><U74/><E37/><V51/><F122/><W20/><G71/><T121/><D7/><U75/><E118/><V43/><F126/><N who="0" m="48746" /><D134/><U116/><E127/><V90/><F111/><N who="0" m="42538" /><D101/><U62/><E2/><V97/><F97/><W3/><G29/><T69/><D8/><U0/><E9/><V102/><F102/><W36/><G36/><T95/><D69/><U113/><E0/><V46/><REACH who="2" step="1"/><F90/><REACH who="2" ten="250,327,160,253" step="2"/><W58/><G114/><T24/><D24/><U68/><E99/><V49/><F49/><W115/><G115/><T64/><D64/><U92/><E113/><V130/><F130/><W19/><G89/><T132/><D132/><U79/><E128/><V109/><F109/><W11/><G3/><T100/><D100/><U26/><E26/><V21/><F21/><W39/><G20/><T15/><D15/><U133/><E22/><V55/><F55/><W70/><G54/><T73/><D121/><U13/><E13/><V119/><F119/><W38/><G12/><T14/><D14/><U59/><E116/><V83/><F83/><W123/><G82/><T60/><D60/><U18/><E133/><V28/><F28/><W88/><G88/><T57/><D81/><U66/><E92/><V32/><F32/><W4/><G33/><T96/><D96/><U93/><E93/><V31/><F31/><W44/><G30/><T25/><D25/><U35/><E35/><V40/><N who="2" m="10240" /><DORA hai="23" /><V112/><F112/><W94/><G27/><T106/><D95/><U50/><E62/><V120/><F120/><RYUUKYOKU ba="0,1" sc="250,-15,327,15,160,15,253,-15" hai1="17,18,50,53,59,61,66,68,74,75,76,77,79" hai2="45,46,47,51,52,63,65,85,86,87" /><INIT seed="2,1,1,4,1,59" ten="235,342,175,238" oya="2" hai0="82,90,55,129,111,91,100,89,26,62,96,50,135" hai1="20,130,76,17,61,48,51,34,122,49,9,94,103" hai2="113,83,74,73,80,14,47,53,99,85,104,95,133" hai3="67,37,33,11,57,93,78,110,114,101,66,43,58"/><V32/><F32/><W92/><G33/><T126/><D111/><U38/><E38/><V77/><F14/><W22/><G114/><T2/><D126/><U1/><E34/><V45/><F45/><W63/><G110/><T131/><D2/><U27/><E122/><V10/><F10/><W6/><G78/><T68/><D26/><U71/><E130/><N who="0" m="49673" /><D135/><U81/><E1/><V86/><F47/><W28/><G43/><T25/><D25/><U134/><E134/><V119/><F53/><W98/><G37/><T0/><D0/><U109/><E9/><V12/><F12/><N who="3" m="5239" /><G93/><N who="0" m="58383" /><D68/><U3/><E3/><V107/><F113/><W123/><G123/><T75/><D62/><U117/><E61/><V36/><F36/><W23/><G28/><T42/><D42/><U35/><E71/><V60/><F60/><AGARI ba="1,1" hai="22,23,57,58,60,63,66,67,92,98,101" m="5239" machi="60" ten="30,3900,0" yaku="8,1,52,2" doraHai="59" who="3" fromWho="2" sc="235,0,342,0,175,-42,238,52" /><INIT seed="3,0,0,2,1,95" ten="235,342,133,290" oya="3" hai0="11,89,63,8,129,100,32,117,83,130,98,57,14" hai1="72,45,68,71,84,94,82,55,66,81,119,69,103" hai2="62,30,97,64,0,106,9,90,47,44,3,24,48" hai3="87,39,6,118,2,85,42,29,41,70,10,115,93"/><W35/><G115/><T59/><D32/><U16/><E119/><V60/><F9/><N who="0" m="3658" /><D14/><U7/><E7/><V78/><F78/><W31/><G118/><T52/><D117/><U40/><E55/><V99/><F90/><W116/><G70/><T65/><D83/><U23/><E66/><V108/><F108/><W21/><G116/><T111/><D111/><U36/><E72/><V53/><F44/><W102/><G35/><T132/><D132/><U28/><E28/><V4/><F60/><W114/><G114/><T128/><D89/><U67/><E67/><V101/><F4/><W122/><G122/><T113/><D113/><U25/><E82/><V123/><F99/><W19/><G31/><T46/><D46/><U13/><E81/><V134/><F134/><W76/><G29/><T22/><D22/><U74/><E74/><V27/><F27/><W20/><G76/><T109/><D109/><U92/><E84/><V110/><F110/><W37/><G21/><T80/><D80/><U91/><E91/><V1/><F123/><W58/><G87/><T133/><D133/><U79/><E79/><V105/><F0/><W75/><G85/><T51/><D100/><U38/><E38/><N who="3" m="14346" /><G75/><T77/><D77/><U124/><E25/><V88/><F88/><W86/><G86/><T127/><D127/><U15/><E124/><V18/><F106/><W131/><G102/><T107/><D107/><U112/><E112/><V12/><F1/><W17/><G2/><T43/><D43/><U73/><E73/><V121/><F3/><N who="3" m="351" /><G42/><T104/><D104/><U5/><E103/><RYUUKYOKU ba="0,0" sc="235,15,342,15,133,-15,290,-15" hai0="51,52,57,59,63,65,98,128,129,130" hai1="5,13,15,16,23,36,40,45,68,69,71,92,94" /><INIT seed="4,1,0,2,4,24" ten="250,357,118,275" oya="0" hai0="73,89,85,37,23,111,86,61,114,79,72,33,70" hai1="83,105,99,56,109,28,87,101,135,38,88,65,39" hai2="50,119,47,49,5,106,17,41,91,1,120,97,36" hai3="134,30,46,27,103,108,66,64,18,60,71,130,32"/><T78/><D33/><U6/><E109/><V112/><F120/><W115/><G115/><T42/><D114/><U68/><E135/><V74/><F112/><W95/><G134/><T131/><D37/><U132/><E132/><V51/><F119/><W3/><G108/><T0/><D0/><U123/><E123/><V129/><F129/><W54/><G3/><T53/><D42/><U126/><E126/><V52/><F74/><W94/><G64/><T21/><D111/><U110/><E110/><V96/><F96/><W81/><G130/><T40/><D40/><U26/><E56/><V82/><F1/><W43/><G54/><T118/><D53/><U34/><REACH who="1" step="1"/><E6/><REACH who="1" ten="250,347,118,275" step="2"/><V11/><F5/><W90/><G71/><T77/><D70/><U100/><E100/><V22/><F11/><W55/><G103/><T7/><D7/><U125/><E125/><V57/><F106/><W75/><G95/><T12/><D131/><U20/><E20/><V14/><REACH who="2" step="1"/><F82/><REACH who="2" ten="250,347,108,275" step="2"/><W102/><G81/><N who="0" m="49327" /><D118/><U122/><E122/><V92/><AGARI ba="1,2" hai="14,17,22,36,41,47,49,50,51,52,57,91,92,97" machi="92" ten="30,12000,2" yaku="1,1,0,1,54,1,53,3" doraHai="24" doraHaiUra="44" who="2" fromWho="2" sc="250,-61,347,-31,108,143,275,-31" /><INIT seed="5,0,0,5,2,122" ten="189,316,251,244" oya="1" hai0="17,22,7,3,66,45,131,65,106,40,96,83,78" hai1="13,50,133,71,25,37,119,110,24,85,4,35,67" hai2="93,30,69,36,34,132,109,32,5,49,38,124,114" hai3="79,80,120,64,108,127,63,52,74,44,14,121,125"/><U129/><E37/><V10/><F69/><W95/><G95/><T104/><D131/><U6/><E119/><V60/><F109/><W19/><G108/><T31/><D31/><U58/><E71/><V29/><F132/><W130/><G130/><T77/><D77/><U8/><E129/><V75/><F75/><W1/><G1/><T23/><D96/><U73/><E73/><V90/><F49/><N who="3" m="28711" /><G14/><T86/><D23/><U39/><E39/><V72/><F72/><W26/><G26/><T43/><D43/><U134/><E110/><V107/><F107/><W47/><G19/><T16/><D17/><U2/><E85/><V105/><F30/><W112/><G47/><T61/><D7/><U20/><E50/><V128/><F32/><W70/><G112/><T48/><D3/><U87/><E87/><V118/><F34/><W113/><G113/><T103/><D103/><U82/><E82/><V18/><F118/><W21/><G21/><T42/><D42/><U15/><E35/><V41/><F114/><W81/><G80/><T92/><D92/><U59/><E2/><V102/><F93/><W100/><G100/><T126/><D126/><AGARI ba="0,0" hai="63,64,70,74,79,81,120,121,125,126,127" m="28711" machi="126" ten="30,2000,0" yaku="18,1,54,1" doraHai="122" who="3" fromWho="0" sc="189,-20,316,0,251,0,244,20" /><INIT seed="6,0,0,5,0,4" ten="169,316,251,264" oya="2" hai0="80,28,103,43,108,86,36,69,109,40,81,10,39" hai1="56,93,134,88,77,74,27,106,31,48,51,66,21" hai2="117,114,124,25,119,49,98,50,123,133,19,112,78" hai3="14,29,90,1,34,130,72,61,64,110,120,41,26"/><V62/><F123/><W47/><G120/><T127/><D69/><U95/><E106/><V126/><F78/><W12/><G1/><T70/><D70/><U115/><E74/><V57/><F98/><W76/><G110/><N who="0" m="42603" /><D103/><U58/><E77/><V8/><F133/><W42/><G130/><T102/><D102/><U91/><E115/><N who="2" m="44075" /><F25/><W7/><G90/><T104/><D28/><U83/><E83/><N who="0" m="31817" /><D86/><N who="1" m="52375" /><E134/><V30/><F30/><W125/><G29/><T24/><D104/><U59/><E66/><N who="2" m="39247" /><F19/><W73/><G73/><T121/><D121/><U135/><E135/><V96/><F96/><AGARI ba="0,0" hai="21,27,31,48,51,56,58,59,91,95,96" m="52375" machi="96" ten="30,2000,0" yaku="8,1,54,1" doraHai="4" who="1" fromWho="2" sc="169,0,316,20,251,-20,264,0" /><INIT seed="7,0,0,1,4,39" ten="169,336,231,264" oya="3" hai0="2,64,29,37,100,75,121,99,120,9,50,17,124" hai1="72,32,25,53,63,130,109,92,81,6,7,101,61" hai2="4,30,28,14,84,19,88,123,18,126,27,74,93" hai3="52,5,24,59,21,70,57,95,16,45,23,73,69"/><W46/><G73/><T41/><D124/><U55/><E81/><V36/><F126/><W131/><G131/><T122/><D50/><U89/><E89/><V44/><F123/><W42/><G5/><T60/><D29/><U35/><E25/><V13/><F74/><W115/><G115/><T129/><D129/><U127/><E92/><V85/><F4/><W0/><G0/><T103/><D75/><U10/><E10/><N who="2" m="6455" /><F36/><W51/><G95/><T133/><D2/><U106/><E55/><V40/><F27/><N who="3" m="14759" /><G70/><T80/><D80/><U26/><E63/><V96/><F96/><W111/><G69/><T108/><D108/><U8/><E101/><V47/><F84/><W82/><G82/><T79/><D79/><U112/><E112/><V114/><F114/><W1/><G1/><T65/><D60/><U83/><E61/><V15/><F15/><W91/><G91/><T113/><D113/><U107/><E127/><V67/><F67/><W34/><G34/><T118/><D118/><U128/><E35/><V132/><F132/><W56/><G46/><N who="2" m="17449" /><F40/><W102/><G102/><T48/><D37/><U117/><E32/><V105/><F105/><N who="1" m="39945" /><E83/><V135/><F135/><W11/><G111/><T38/><D38/><U3/><E109/><V68/><F68/><W22/><G11/><AGARI ba="0,0" hai="11,14,19,28,30,85,88,93" m="17449,6455" machi="11" ten="30,2000,0" yaku="8,1,54,1" doraHai="39" who="2" fromWho="3" sc="169,0,336,0,231,20,264,-20" owari="169,-33.0,336,44.0,251,5.0,244,-16.0" /></mjloggm>