<mjloggm ver="2.3"><GO type="169" lobby="0"/><UN n0="%63%6F%62%65%68%6F%70%65" n1="%67%61%79%75%6E%79" n2="%E3%83%88%E3%83%88%E3%83%AA%E5%85%88%E7%94%9F%31%39%E6%AD%B3" n3="%E4%B8%AD%E6%B4%B2%E3%82%BF%E3%82%A4%E3%82%AC%E3%83%BC" dan="17,16,19,16" rate="2237.57,2123.97,2289.57,2080.78" sx="M,M,F,M"/><TAIKYOKU oya="0"/><INIT seed="0,0,0,0,5,122" ten="250,250,250,250" oya="0" hai0="58,18,129,61,124,62,50,5,3,23,37,66,22" hai1="54,102,44,125,57,49,127,35,29,100,38,31,117" hai2="88,45,42,17,33,87,101,1,98,126,134,21,40" hai3="7,109,67,65,27,9,128,94,4,111,20,56,70"/><T115/><D115/><U123/><E117/><V112/><F112/><W81/><G128/><T12/><D37/><U19/><E123/><V39/><F134/><W64/><G70/><T69/><D129/><U8/><E35/><V34/><F1/><W25/><G94/><T15/><D124/><N who="1" m="47691" /><E38/><V13/><F40/><W103/><G103/><N who="1" m="39466" /><E44/><V78/><F78/><W119/><G119/><T105/><D105/><U130/><E130/><V76/><F76/><W30/><G56/><T46/><D3/><U108/><E108/><N who="3" m="41546" /><G9/><N who="0" m="4143" /><D69/><U104/><E104/><V52/><F126/><W86/><G27/><T133/><D133/><U68/><E68/><V83/><REACH who="2" step="1"/><F52/><REACH who="2" ten="250,250,240,250" step="2"/><W110/><N who="3" m="41554" /><W84/><DORA hai="63" /><G84/><T106/><D106/><AGARI ba="0,1" hai="13,17,21,33,34,39,42,45,83,87,88,98,101,106" machi="106" ten="30,3900,0" yaku="1,1,7,1,54,1,53,0" doraHai="122,63" doraHaiUra="2,114" who="2" fromWho="0" sc="250,-39,250,0,240,49,250,0" /><INIT seed="1,0,0,2,3,92" ten="211,250,289,250" oya="1" hai0="0,4,14,15,44,71,1,62,25,41,40,23,63" hai1="46,67,16,97,101,74,78,90,36,86,115,87,57" hai2="6,119,76,39,26,131,49,100,42,10,120,113,35" hai3="31,125,18,32,33,85,128,102,59,65,122,66,94"/><U38/><E115/><V130/><F119/><W96/><G122/><T88/><D71/><U61/><E46/><N who="2" m="23903" /><F120/><W27/><G128/><T133/><D133/><U21/><E74/><V17/><F49/><W103/><G125/><T70/><D40/><U28/><E28/><N who="2" m="19863" /><F17/><W82/><G33/><T110/><D110/><U47/><E47/><V37/><F37/><W132/><G132/><T93/><D1/><U20/><E78/><V8/><F8/><W83/><G103/><T12/><D70/><U9/><E9/><V58/><F58/><W52/><G18/><T123/><D123/><U60/><E60/><V89/><F89/><W7/><G7/><T43/><D0/><U106/><E21/><V99/><F76/><W95/><G95/><T19/><D4/><U105/><E105/><N who="2" m="63647" /><F113/><W77/><G83/><T104/><D104/><U79/><E79/><V72/><F72/><W48/><AGARI ba="0,0" hai="27,31,32,48,52,59,65,66,77,82,85,94,96,102" machi="48" ten="20,5200,0" yaku="0,1,7,1,52,1,54,1" doraHai="92" who="3" fromWho="3" sc="211,-13,250,-26,289,-13,250,52" /><INIT seed="2,0,0,3,0,93" ten="198,224,276,302" oya="2" hai0="2,0,25,82,132,65,111,115,4,124,81,67,51" hai1="113,43,29,35,45,57,16,3,13,133,99,70,97" hai2="84,69,63,55,135,21,47,14,83,59,112,28,131" hai3="130,44,94,40,49,9,109,118,129,89,66,98,42"/><V60/><F112/><W61/><G118/><T72/><D115/><U6/><E70/><V15/><F131/><N who="3" m="50187" /><G9/><T91/><D72/><U87/><E133/><V30/><F135/><W26/><G26/><T127/><D132/><U68/><E68/><V48/><F69/><N who="3" m="42191" /><G109/><T122/><D111/><U123/><E123/><V121/><F63/><W71/><G71/><T120/><D51/><U19/><E113/><V116/><F116/><W103/><G103/><T34/><D25/><U5/><E57/><V32/><F32/><W22/><G22/><T125/><D4/><U11/><E6/><V119/><F121/><N who="0" m="46698" /><D34/><U64/><E64/><N who="0" m="24649" /><D91/><U134/><E134/><V76/><F119/><W80/><G80/><AGARI ba="0,0" hai="0,2,80,81,82,124,125,127" m="24649,46698" machi="80" ten="40,5200,0" yaku="28,2,18,1" doraHai="93" who="0" fromWho="3" sc="198,52,224,0,276,0,302,-52" /><INIT seed="3,0,0,5,2,130" ten="250,224,276,250" oya="3" hai0="31,117,134,99,43,36,59,17,91,69,47,32,15" hai1="82,56,84,93,109,83,105,115,80,28,79,35,46" hai2="55,50,128,107,5,135,71,22,37,123,27,125,45" hai3="127,121,114,86,103,92,11,75,100,44,90,61,118"/><W94/><G118/><T7/><D69/><U26/><E105/><V88/><F107/><W14/><G121/><T54/><D117/><U95/><E109/><V29/><F128/><W67/><G114/><T122/><D122/><U25/><E115/><V102/><F102/><W110/><G75/><T62/><D7/><U106/><E106/><V132/><F123/><W24/><G110/><T96/><D32/><U120/><E120/><V41/><F71/><W30/><G127/><T16/><D31/><U19/><E46/><V0/><F125/><W42/><G94/><T2/><D2/><U66/><E82/><V113/><F113/><W38/><G61/><T111/><D17/><U78/><E25/><V70/><F70/><W97/><G67/><T73/><D73/><U12/><E56/><V81/><F5/><W13/><G97/><T112/><D112/><U98/><E66/><V63/><F63/><W87/><G87/><T52/><D111/><U108/><E108/><V85/><REACH who="2" step="1"/><F0/><REACH who="2" ten="250,224,266,250" step="2"/><W77/><G103/><T21/><D134/><U40/><E98/><V39/><F39/><W49/><G38/><T101/><D101/><U58/><E84/><V51/><F51/><W76/><G100/><T18/><D99/><U104/><E104/><V1/><F1/><W116/><G116/><T126/><D126/><U20/><E79/><V9/><F9/><W8/><G8/><N who="0" m="6247" /><D96/><U89/><E78/><N who="3" m="30314" /><G11/><T53/><D91/><U131/><E89/><V65/><F65/><W23/><AGARI ba="0,1" hai="13,14,23,24,30,42,44,49,86,90,92" m="30314" machi="23" ten="30,1500,0" yaku="8,1" doraHai="130" who="3" fromWho="3" sc="250,-5,224,-5,266,-5,250,25" /><INIT seed="3,1,0,0,1,43" ten="245,219,261,275" oya="3" hai0="113,62,70,123,37,12,114,8,9,67,107,56,82" hai1="119,63,132,38,17,42,93,86,5,102,36,44,134" hai2="108,106,52,64,69,40,45,55,27,29,124,65,110" hai3="35,81,16,135,15,58,84,88,128,72,100,80,103"/><W49/><G35/><T4/><D107/><U51/><E119/><V24/><F106/><W92/><G135/><N who="1" m="51754" /><E5/><V118/><F118/><W126/><G126/><T121/><D37/><U90/><E102/><N who="3" m="38954" /><G72/><T14/><D82/><N who="3" m="31849" /><G128/><T50/><D70/><U101/><E101/><V57/><F124/><W1/><G1/><T3/><D3/><U120/><E120/><V25/><F29/><W21/><G58/><T95/><D95/><U105/><E105/><V11/><F11/><W61/><G49/><T122/><REACH who="0" step="1"/><D50/><REACH who="0" ten="235,219,261,275" step="2"/><U79/><E38/><N who="2" m="21655" /><F69/><W96/><G61/><T109/><D109/><N who="2" m="42090" /><F57/><W20/><G20/><T129/><D129/><U73/><E51/><V13/><F13/><W22/><G22/><T115/><D115/><U0/><E36/><V116/><F116/><W125/><G125/><T59/><D59/><U77/><E0/><V6/><F6/><AGARI ba="1,1" hai="4,6,8,9,12,14,56,62,67,113,114,121,122,123" machi="6" ten="40,2600,0" yaku="1,1,9,1,53,0" doraHai="43" doraHaiUra="31" who="0" fromWho="2" sc="235,39,219,0,261,-29,275,0" /><INIT seed="4,0,0,1,1,28" ten="274,219,232,275" oya="0" hai0="49,52,7,90,20,14,78,125,118,95,131,81,53" hai1="67,51,42,111,17,89,50,104,126,63,129,5,130" hai2="38,127,134,3,39,105,54,16,43,10,84,132,99" hai3="82,61,102,72,31,68,87,29,76,12,66,33,128"/><T103/><D118/><U21/><E111/><V80/><F127/><W119/><G119/><T83/><D125/><U113/><E126/><V106/><F54/><W25/><G87/><T56/><D131/><U124/><E124/><V93/><F105/><W60/><G128/><N who="1" m="49258" /><E104/><V40/><F106/><W91/><G91/><T47/><D103/><U101/><E101/><N who="2" m="60655" /><F39/><W48/><G102/><T62/><D78/><U59/><E5/><V36/><F36/><W108/><G108/><T122/><D122/><U123/><E123/><V35/><F38/><W9/><G31/><T27/><D14/><N who="1" m="9399" /><E113/><V77/><F35/><W116/><G116/><T0/><D7/><U97/><E42/><V94/><F94/><AGARI ba="0,0" hai="50,51,59,63,67,89,94,97" m="9399,49258" machi="94" ten="30,1000,0" yaku="19,1" doraHai="28" who="1" fromWho="2" sc="274,0,219,10,232,-10,275,0" /><INIT seed="5,0,0,2,4,84" ten="274,229,222,275" oya="1" hai0="23,7,47,53,46,93,48,106,86,90,55,29,61" hai1="22,54,119,98,15,72,13,60,64,91,128,78,9" hai2="10,82,20,101,62,6,11,25,45,65,74,126,103" hai3="58,17,105,33,43,3,32,14,113,122,42,57,24"/><U59/><E119/><V36/><F126/><W81/><G122/><T99/><D106/><U52/><E128/><V77/><F11/><W92/><G105/><T27/><D7/><U96/><E72/><V87/><F74/><W108/><G108/><T110/><D110/><U69/><E78/><V41/><F20/><W85/><G3/><T51/><D61/><U121/><E121/><V75/><F25/><W56/><G113/><T0/><D0/><U89/><E69/><V30/><F30/><W71/><G71/><T120/><D120/><U94/><E22/><V127/><F127/><W16/><G92/><T76/><D76/><U70/><E70/><V100/><F87/><AGARI ba="0,0" hai="23,27,29,46,47,48,51,53,55,86,87,90,93,99" machi="87" ten="40,5200,0" yaku="9,1,8,1,52,1" doraHai="84" who="0" fromWho="2" sc="274,52,229,0,222,-52,275,0" /><INIT seed="6,0,0,2,1,114" ten="326,229,170,275" oya="2" hai0="36,81,115,124,95,61,28,100,15,132,74,110,125" hai1="130,75,7,102,76,94,1,63,96,103,19,25,83" hai2="37,50,135,26,133,11,42,5,88,9,111,45,23" hai3="40,123,18,93,116,87,128,99,12,117,86,79,58"/><V43/><F111/><W2/><G2/><T60/><D36/><U51/><E130/><V69/><F69/><W46/><G123/><T33/><D110/><U92/><E1/><V52/><F11/><W131/><G58/><T71/><D115/><U27/><E7/><V34/><F34/><W72/><G72/><T101/><D132/><N who="2" m="50762" /><F37/><W16/><G79/><N who="0" m="44279" /><D15/><U30/><E19/><N who="3" m="7210" /><G12/><T68/><D28/><U64/><E51/><V57/><F57/><W3/><G3/><T90/><D33/><U108/><E108/><V91/><F9/><W29/><G29/><T119/><D119/><N who="3" m="45641" /><G46/><T35/><D35/><U97/><REACH who="1" step="1"/><E30/><REACH who="1" ten="326,219,170,275" step="2"/><N who="2" m="17759" /><F5/><W13/><G13/><T113/><D113/><U59/><AGARI ba="0,1" hai="25,27,59,63,64,75,76,83,92,94,96,97,102,103" machi="59" ten="20,8000,1" yaku="1,1,0,1,7,1,9,1,53,1" doraHai="114" doraHaiUra="104" who="1" fromWho="1" sc="326,-20,219,90,170,-40,275,-20" /><INIT seed="7,0,0,5,4,103" ten="306,309,130,255" oya="3" hai0="126,118,58,11,84,33,113,16,124,68,12,88,45" hai1="71,48,14,81,57,35,102,32,119,77,27,41,55" hai2="85,3,5,106,132,82,49,110,39,127,114,21,17" hai3="125,25,122,52,9,56,19,117,24,98,108,8,4"/><W92/><G122/><T96/><D68/><U43/><E119/><V76/><F110/><W123/><G123/><T100/><D118/><U99/><E71/><V94/><F39/><W40/><G40/><T79/><D33/><U74/><E14/><V107/><F114/><W111/><G117/><T2/><D113/><U128/><E128/><V97/><F132/><W135/><G135/><T18/><D79/><U86/><E74/><V15/><F127/><N who="0" m="48682" /><D2/><U0/><E0/><V134/><F134/><W95/><G125/><T54/><D45/><U129/><E129/><V37/><F37/><W115/><G115/><T53/><D18/><U120/><E120/><V65/><F65/><W51/><G95/><N who="0" m="58399" /><D58/><U50/><E27/><N who="3" m="10314" /><G19/><T121/><D121/><U109/><E109/><N who="3" m="42058" /><G4/><T38/><D38/><U90/><E32/><V105/><F49/><W69/><G69/><T87/><D87/><U60/><E35/><V93/><REACH who="2" step="1"/><F97/><REACH who="2" ten="306,309,120,255" step="2"/><W28/><G28/><T13/><D12/><U133/><E133/><V73/><F73/><W44/><G44/><T104/><D104/><U46/><E50/><V23/><F23/><W66/><G66/><T72/><D72/><U83/><E48/><V101/><F101/><AGARI ba="0,1" hai="8,9,51,52,56,92,98,101" m="42058,10314" machi="101" ten="30,2900,0" yaku="10,1,54,1" doraHai="103" who="3" fromWho="2" sc="306,0,309,0,120,-29,255,39" /><INIT seed="7,1,0,5,0,87" ten="306,309,91,294" oya="3" hai0="108,1,123,34,106,130,43,52,72,16,37,61,41" hai1="57,103,129,28,93,118,112,23,35,67,66,17,47" hai2="42,45,101,92,86,89,14,6,78,104,75,44,135" hai3="127,0,27,5,56,77,128,13,54,117,83,134,79"/><W22/><G117/><T4/><D108/><U69/><E118/><V94/><F135/><W32/><G134/><T119/><D119/><U114/><E129/><V31/><F104/><W85/><G128/><T26/><D26/><N who="1" m="18839" /><E69/><V125/><F125/><W60/><G127/><T131/><D123/><U107/><E107/><V95/><F101/><W2/><G32/><T19/><D34/><U70/><E70/><V102/><F102/><W90/><G2/><T120/><D106/><U99/><E47/><V48/><F31/><N who="3" m="17911" /><G0/><T105/><D105/><U121/><E57/><V81/><F6/><W10/><AGARI ba="1,0" hai="5,10,13,54,56,60,77,79,83,85,90" m="17911" machi="10" ten="30,3000,0" yaku="8,1,52,1" doraHai="87" who="3" fromWho="3" sc="306,-11,309,-11,91,-11,294,33" owari="295,-10.0,298,10.0,80,-42.0,327,42.0" /></mjloggm>