<mjloggm ver="2.3"><GO type="169" lobby="0"/><UN n0="%E3%81%B4%E3%83%BC%E3%81%8A%E3%81%8B" n1="%E3%83%94%E3%83%A9%E3%82%AA" n2="%E3%83%88%E3%83%88%E3%83%AA%E5%85%88%E7%94%9F%31%39%E6%AD%B3" n3="%E2%80%A0%E9%96%93%E5%AE%AE%E3%81%82%E3%81%8B%E3%82%8A%E2%80%A0" dan="17,16,19,17" rate="2183.42,2114.02,2291.33,2192.51" sx="M,M,F,F"/><TAIKYOKU oya="0"/><INIT seed="0,0,0,2,1,107" ten="250,250,250,250" oya="0" hai0="134,132,30,1,78,40,108,13,36,61,79,71,117" hai1="64,60,52,6,119,91,114,116,118,123,39,55,131" hai2="106,20,26,101,47,115,37,87,100,121,102,35,7" hai3="67,133,54,77,12,51,129,31,96,127,70,50,15"/><T93/><D1/><U110/><E6/><V29/><F115/><W19/><G129/><T44/><D117/><U76/><E76/><V104/><F121/><W120/><G120/><T81/><D108/><U46/><E123/><V128/><F128/><W82/><G133/><N who="0" m="51307" /><D30/><U105/><E105/><V16/><F37/><W21/><G127/><T3/><D3/><U125/><E131/><V83/><F47/><W97/><G31/><T58/><D71/><U85/><E110/><V84/><F84/><W53/><G67/><N who="0" m="39351" /><D93/><U63/><E125/><V130/><F7/><W23/><G70/><T74/><D79/><U18/><E18/><V124/><F130/><W41/><G19/><T72/><D13/><U17/><E114/><V24/><REACH who="2" step="1"/><F124/><REACH who="2" ten="250,250,240,250" step="2"/><W68/><G77/><AGARI ba="0,1" hai="16,20,24,26,29,35,77,83,87,100,101,102,104,106" machi="77" ten="40,5200,0" yaku="1,1,2,1,54,1,53,0" doraHai="107" doraHaiUra="92" who="2" fromWho="3" sc="250,0,250,0,240,62,250,-52" /><INIT seed="1,0,0,2,1,18" ten="250,250,302,198" oya="1" hai0="105,3,131,31,121,13,23,0,108,115,127,15,107" hai1="110,80,116,85,53,130,87,25,84,57,129,67,39" hai2="82,93,38,118,58,63,26,56,47,98,14,95,36" hai3="62,96,24,99,88,5,11,73,102,2,132,65,37"/><U120/><E39/><V83/><F118/><W123/><G123/><T64/><D115/><U134/><E116/><V61/><F14/><W90/><G37/><T46/><D108/><U106/><E120/><V91/><F47/><W135/><G73/><T29/><D121/><U7/><E7/><V100/><F38/><W6/><G6/><T103/><D46/><U74/><E67/><N who="2" m="39335" /><F36/><W54/><G54/><T17/><D103/><U109/><E106/><V124/><F124/><W55/><G55/><T76/><D76/><N who="1" m="44055" /><E25/><V72/><F72/><W71/><G24/><T21/><D64/><U51/><E134/><N who="3" m="51242" /><G96/><T4/><D4/><U34/><E34/><V128/><F26/><W1/><G2/><T125/><REACH who="0" step="1"/><D17/><REACH who="0" ten="240,250,302,198" step="2"/><U126/><E126/><V77/><F77/><W97/><G97/><T9/><D9/><U111/><AGARI ba="0,1" hai="51,53,57,84,85,87,109,110,111,129,130" m="44055" machi="111" ten="40,3900,0" yaku="14,1,10,1" doraHai="18" who="1" fromWho="1" sc="240,-13,250,49,302,-13,198,-13" /><INIT seed="1,1,0,2,0,101" ten="227,299,289,185" oya="1" hai0="106,63,132,28,29,59,10,88,17,2,62,120,133" hai1="84,11,18,54,5,123,118,90,4,32,20,122,16" hai2="69,53,68,135,72,31,48,43,14,61,134,108,7" hai3="98,22,119,127,36,130,99,78,75,70,105,25,35"/><U41/><E41/><V42/><F72/><W93/><G36/><T114/><D114/><U76/><E76/><V92/><F31/><W87/><G70/><N who="2" m="27241" /><F92/><W44/><G35/><T124/><D124/><U38/><E38/><V51/><F14/><W45/><G127/><T13/><D120/><U12/><E54/><V40/><F7/><N who="1" m="2633" /><E90/><V110/><F61/><W94/><G130/><T49/><D2/><U30/><E84/><V107/><F107/><W58/><G119/><T15/><D106/><U27/><E118/><V52/><F53/><W21/><G75/><T65/><D49/><N who="2" m="19018" /><F52/><W57/><G105/><T100/><D88/><U85/><E85/><V121/><F121/><N who="1" m="46089" /><E18/><V83/><F83/><W102/><G87/><T46/><D17/><U115/><E115/><V131/><F131/><W1/><G1/><T103/><D63/><U111/><E32/><V39/><F39/><W91/><G78/><T113/><D62/><U104/><E104/><V128/><F128/><W112/><G112/><T66/><D103/><U34/><E34/><V95/><F95/><W86/><G86/><T96/><D113/><U82/><E82/><V0/><F0/><W24/><REACH who="3" step="1"/><G102/><REACH who="3" ten="227,299,289,175" step="2"/><T64/><D100/><U47/><E47/><V19/><F19/><W8/><G8/><T26/><D10/><U81/><E81/><V60/><F60/><W117/><G117/><T3/><D46/><U97/><E97/><V80/><F80/><W9/><G9/><T23/><D96/><U6/><E6/><V125/><F125/><W116/><G116/><T33/><D33/><N who="1" m="20703" /><E11/><V74/><F74/><RYUUKYOKU ba="1,1" sc="227,-30,299,10,289,10,175,10" hai1="12,16,20,111" hai2="40,42,43,108,110,134,135" hai3="21,22,24,25,44,45,57,58,91,93,94,98,99" /><INIT seed="1,2,1,3,4,43" ten="197,309,299,185" oya="1" hai0="97,28,99,95,89,20,86,107,119,78,16,5,102" hai1="65,70,85,27,50,41,106,37,93,115,84,75,128" hai2="83,73,47,76,60,0,8,127,134,122,63,135,68" hai3="94,51,105,104,18,124,45,103,91,17,108,2,19"/><U92/><E106/><V55/><F122/><W14/><G2/><T30/><D119/><U114/><E75/><V9/><F127/><W23/><G124/><T42/><D5/><U118/><E37/><V26/><F26/><W49/><G108/><T4/><D4/><U110/><E70/><V67/><F0/><W69/><G69/><T15/><REACH who="0" step="1"/><D42/><REACH who="0" ten="187,309,299,185" step="2"/><U131/><E41/><V22/><F135/><W11/><G105/><T44/><D44/><U61/><E118/><V59/><F134/><W71/><G104/><T113/><D113/><U35/><E110/><V21/><REACH who="2" step="1"/><F47/><REACH who="2" ten="187,309,289,185" step="2"/><W24/><G45/><T80/><AGARI ba="2,3" hai="15,16,20,28,30,78,80,86,89,95,97,99,102,107" machi="80" ten="30,4000,0" yaku="1,1,0,1,54,1,53,0" doraHai="43" doraHaiUra="111" who="0" fromWho="0" sc="187,76,309,-22,289,-12,185,-12" /><INIT seed="2,0,0,3,4,108" ten="263,287,277,173" oya="2" hai0="31,121,95,32,43,46,66,52,8,24,38,72,84" hai1="81,51,75,45,60,48,13,119,65,76,23,36,50" hai2="41,135,77,104,67,133,124,117,110,58,55,105,107" hai3="68,70,106,54,47,112,6,129,82,74,114,9,123"/><V30/><F117/><W42/><G123/><T115/><D121/><U64/><E119/><V91/><F124/><W15/><G106/><T127/><D72/><U16/><E36/><V5/><F110/><W78/><G129/><T1/><D127/><U14/><E45/><V131/><F131/><W27/><G54/><T19/><D66/><U61/><E65/><V12/><F67/><W28/><G27/><T37/><D37/><U73/><E60/><V99/><F41/><W128/><G128/><T3/><D115/><N who="3" m="44073" /><G28/><T90/><D19/><U71/><E75/><V44/><F30/><W118/><G118/><T89/><D8/><U100/><E100/><V17/><F44/><W132/><G132/><N who="2" m="50761" /><F5/><W111/><G111/><T63/><D63/><U7/><E7/><V85/><F77/><W10/><G10/><T21/><D32/><U86/><E73/><V125/><F125/><W53/><G53/><T120/><D120/><U93/><E14/><V62/><F12/><W79/><G78/><T87/><D52/><U113/><E113/><V80/><F17/><W11/><G11/><T18/><D18/><U116/><E116/><V94/><F107/><W29/><G29/><T22/><D22/><U34/><E34/><V96/><F105/><W101/><G101/><T134/><D134/><U109/><E109/><V25/><F104/><W0/><G15/><T20/><D21/><U92/><AGARI ba="0,0" hai="13,16,23,48,50,51,61,64,71,76,81,86,92,93" machi="92" ten="30,2000,0" yaku="0,1,54,1" doraHai="108" who="1" fromWho="1" sc="263,-5,287,20,277,-10,173,-5" /><INIT seed="3,0,0,2,5,9" ten="258,307,267,168" oya="3" hai0="99,131,60,69,87,126,38,67,48,124,127,90,83" hai1="50,26,7,134,44,64,70,63,112,21,29,47,17" hai2="74,72,92,129,121,71,24,32,4,12,0,37,85" hai3="34,11,115,49,59,65,100,23,128,110,119,27,33"/><W42/><G119/><T75/><D38/><U6/><E112/><V10/><F71/><W96/><G115/><T31/><D131/><U73/><E73/><V66/><F37/><W130/><G110/><T89/><D75/><U53/><E134/><V133/><F66/><W81/><G81/><T57/><D31/><U135/><E135/><V2/><F133/><W106/><G11/><T28/><D28/><U105/><E105/><V113/><F113/><W15/><G42/><T14/><D48/><U94/><E47/><V118/><F118/><W30/><G49/><T58/><D14/><U103/><E103/><V62/><F62/><N who="3" m="38111" /><G15/><T77/><D77/><U123/><E123/><V16/><F129/><AGARI ba="0,0" hai="23,27,30,33,34,96,100,106,128,129,130" m="38111" machi="129" ten="30,1500,0" yaku="19,1" doraHai="9" who="3" fromWho="2" sc="258,0,307,0,267,-15,168,15" /><INIT seed="3,1,0,1,4,15" ten="258,307,252,183" oya="3" hai0="99,94,35,124,56,131,113,37,132,39,32,27,3" hai1="44,84,129,85,54,29,86,36,26,101,111,82,42" hai2="107,115,118,4,77,76,63,88,112,14,67,2,31" hai3="61,121,97,103,48,66,125,96,68,74,79,87,119"/><W45/><G119/><T104/><D3/><U91/><E111/><V17/><F118/><W23/><G121/><T30/><D104/><U105/><E129/><V33/><F107/><W62/><G125/><T53/><D131/><U40/><E105/><V25/><F2/><W8/><G74/><T9/><D124/><U50/><E101/><V58/><F4/><W126/><G126/><T127/><D127/><U135/><E135/><V92/><F112/><W12/><G23/><T13/><D35/><U70/><E70/><V49/><F49/><W100/><G61/><T110/><D110/><U65/><E65/><V93/><F93/><W34/><G34/><T18/><D132/><U80/><E36/><V90/><F90/><W117/><G117/><T89/><REACH who="0" step="1"/><D113/><REACH who="0" ten="248,307,252,183" step="2"/><U75/><E75/><V1/><F1/><W52/><G103/><T0/><D0/><U122/><E122/><V73/><F115/><W108/><G108/><T71/><D71/><U47/><E82/><V116/><F116/><W59/><G100/><T98/><D98/><U123/><E123/><V20/><F73/><W81/><REACH who="3" step="1"/><G68/><REACH who="3" ten="248,307,252,173" step="2"/><T19/><D19/><AGARI ba="1,2" hai="8,12,19,45,48,52,59,62,66,79,81,87,96,97" machi="19" ten="30,18000,2" yaku="1,1,2,1,7,1,8,1,52,1,54,1,53,0" doraHai="15" doraHaiUra="24" who="3" fromWho="0" sc="248,-183,307,0,252,0,173,203" /><INIT seed="3,2,0,4,0,45" ten="65,307,252,376" oya="3" hai0="122,79,6,134,90,64,102,81,130,77,42,15,18" hai1="8,83,76,34,29,78,114,25,38,129,61,89,74" hai2="126,4,14,7,96,86,68,21,98,67,82,1,28" hai3="26,46,10,50,58,80,73,121,91,135,72,132,108"/><W47/><G121/><T52/><D122/><U24/><E114/><V13/><F1/><W62/><G108/><T37/><D6/><U94/><E129/><V127/><F68/><W16/><G46/><T9/><D130/><U5/><E78/><V19/><F67/><W3/><G3/><T101/><D134/><N who="3" m="51241" /><G91/><T0/><D0/><U54/><E25/><N who="2" m="16431" /><F127/><W43/><G80/><T36/><D64/><U2/><E61/><V51/><F126/><W60/><G60/><T113/><D113/><U95/><E89/><N who="2" m="51415" /><F51/><W66/><G26/><T85/><D37/><U35/><E35/><V17/><F96/><W116/><G116/><T105/><D36/><U104/><E104/><V88/><F98/><W11/><G11/><T118/><D118/><U125/><E125/><V59/><F88/><W111/><G111/><T131/><D131/><U12/><E38/><V124/><F59/><W110/><G110/><T44/><D42/><U115/><E115/><V75/><F75/><W33/><G33/><T53/><D105/><U97/><E97/><V48/><F48/><W30/><G30/><T70/><D70/><U40/><E40/><V69/><F69/><W106/><G106/><T123/><D123/><U23/><E54/><N who="0" m="21097" /><D44/><U93/><E93/><V117/><F117/><W71/><G71/><T57/><D57/><U99/><E99/><V119/><F119/><W27/><G10/><T120/><D120/><U133/><E133/><V55/><F124/><W39/><G39/><T107/><D107/><U22/><E2/><V128/><F128/><W92/><G92/><T41/><D41/><RYUUKYOKU ba="2,0" sc="65,10,307,10,252,-30,376,10" hai0="9,15,18,77,79,81,85,90,101,102" hai1="5,8,12,22,23,24,29,34,74,76,83,94,95" hai3="16,27,43,47,50,58,62,66,72,73" /><INIT seed="3,3,0,0,2,79" ten="75,317,222,386" oya="3" hai0="73,7,46,58,100,11,38,19,56,84,83,97,64" hai1="125,93,103,13,76,45,32,87,72,40,68,89,51" hai2="77,133,29,0,135,127,74,111,44,16,36,85,115" hai3="49,59,47,35,99,124,8,14,114,3,110,55,20"/><W52/><G114/><T71/><D19/><U94/><E32/><V102/><F115/><W78/><G35/><T17/><D17/><U98/><E68/><V113/><F113/><W90/><G124/><T120/><D120/><U116/><E116/><V80/><F127/><W9/><G110/><T108/><D108/><U67/><E125/><V53/><F111/><W39/><G3/><T117/><D117/><U107/><E67/><V30/><F0/><W26/><G78/><T132/><D132/><N who="2" m="50762" /><F102/><W62/><G39/><T1/><D64/><U92/><REACH who="1" step="1"/><E13/><REACH who="1" ten="75,307,222,386" step="2"/><V41/><F74/><W43/><G14/><T69/><D73/><U50/><E50/><V82/><F53/><W5/><G55/><T33/><D71/><U122/><E122/><V75/><F36/><W118/><G118/><T10/><D69/><U4/><E4/><V61/><F61/><W88/><G5/><T112/><D112/><U91/><E91/><N who="3" m="34858" /><G99/><T22/><D97/><U28/><E28/><AGARI ba="3,1" hai="8,9,20,26,28,43,47,49,52,59,62" m="34858" machi="28" ten="30,5800,0" yaku="8,1,54,2" doraHai="79" who="3" fromWho="1" sc="75,0,307,-67,222,0,386,77" /><INIT seed="3,4,0,5,1,122" ten="75,240,222,463" oya="3" hai0="98,128,81,43,28,40,134,85,70,83,56,13,44" hai1="77,36,75,93,107,120,22,34,54,135,45,26,114" hai2="92,117,76,46,99,23,5,116,118,123,100,25,33" hai3="49,111,16,133,131,7,104,53,126,63,29,2,6"/><W50/><G104/><T105/><D70/><U132/><E107/><V125/><F123/><W66/><G131/><T11/><D128/><U82/><E120/><V89/><F125/><W47/><G126/><T112/><D134/><U113/><E34/><V79/><F33/><W97/><G133/><N who="1" m="51274" /><E93/><V14/><F5/><W17/><G29/><T91/><D28/><N who="1" m="17495" /><E54/><V102/><F14/><W80/><G97/><T60/><D112/><U94/><E94/><V86/><F23/><W30/><G30/><T38/><D43/><AGARI ba="4,0" hai="36,43,45,75,77,82,113,114" m="17495,51274" machi="43" ten="30,1000,0" yaku="20,1" doraHai="122" who="1" fromWho="0" sc="75,-22,240,22,222,0,463,0" /><INIT seed="4,0,0,0,4,32" ten="53,262,222,463" oya="0" hai0="46,18,120,99,42,79,66,26,43,60,101,78,16" hai1="1,98,111,44,100,109,75,118,73,128,94,133,14" hai2="31,6,5,21,97,51,87,56,132,68,126,121,8" hai3="77,65,39,93,108,69,71,123,130,70,76,34,37"/><T88/><D120/><U15/><E118/><V35/><F68/><W11/><G108/><T45/><D42/><U19/><E128/><V110/><F110/><W30/><G65/><T61/><D61/><U0/><E133/><V83/><F121/><W23/><G34/><T127/><D127/><U102/><E98/><V92/><F35/><W113/><G123/><T33/><D33/><U96/><E96/><V53/><F132/><W25/><G113/><T86/><D78/><U115/><E94/><V10/><F126/><W91/><G130/><T47/><D79/><U49/><E49/><V95/><F95/><W72/><G11/><N who="2" m="4137" /><F21/><W20/><G20/><T122/><D122/><U52/><E19/><V119/><F31/><W41/><G72/><T29/><D29/><U36/><E44/><V27/><F27/><W105/><G105/><T24/><D24/><U62/><E62/><V48/><F48/><W55/><G55/><T4/><D4/><U58/><E58/><V112/><F119/><W57/><G57/><N who="0" m="37135" /><D26/><U131/><E131/><V12/><F12/><W40/><G40/><T89/><D43/><U54/><E36/><N who="3" m="13898" /><G41/><T106/><D86/><U116/><E116/><V9/><F112/><AGARI ba="0,0" hai="0,1,14,15,52,54,73,75,100,102,109,111,112,115" machi="112" ten="25,8000,1" yaku="22,2,52,2,54,1" doraHai="32" who="1" fromWho="2" sc="53,0,262,80,222,-80,463,0" /><INIT seed="5,0,0,3,4,85" ten="53,342,142,463" oya="1" hai0="120,37,115,60,5,104,47,122,98,46,38,105,32" hai1="4,45,23,39,14,61,58,28,92,128,95,54,19" hai2="49,43,112,17,63,57,48,13,78,15,9,117,26" hai3="81,99,12,79,51,93,8,59,42,0,119,10,121"/><U83/><E128/><V66/><F117/><W132/><G121/><N who="0" m="46699" /><D5/><U33/><E39/><N who="0" m="14857" /><D98/><U11/><E45/><N who="0" m="16905" /><D60/><U50/><E61/><V6/><F112/><W91/><G119/><T109/><D109/><U67/><E67/><V101/><F43/><W31/><G42/><T114/><D32/><U80/><E80/><V16/><F101/><W1/><G99/><T113/><AGARI ba="0,0" hai="104,105,113,114,115" m="16905,14857,46699" machi="113" ten="40,8000,1" yaku="28,2,15,1,13,1" doraHai="85" who="0" fromWho="0" sc="53,80,342,-40,142,-20,463,-20" /><INIT seed="6,0,0,2,2,36" ten="133,302,122,443" oya="2" hai0="76,125,55,22,20,26,45,7,5,2,39,123,95" hai1="50,135,121,62,67,41,56,52,72,58,51,44,86" hai2="111,78,113,88,15,91,61,33,80,103,100,64,116" hai3="110,122,38,60,66,132,23,82,53,87,131,3,104"/><V83/><F116/><W25/><G104/><T65/><D123/><U0/><E0/><V97/><F33/><W70/><G110/><T37/><D65/><U94/><E72/><V117/><F117/><W63/><G3/><T54/><D76/><U12/><E121/><V99/><F111/><W133/><G38/><T46/><D2/><U42/><E135/><N who="3" m="51786" /><G131/><T8/><D95/><U32/><E32/><V129/><F113/><W48/><G63/><T1/><D1/><U69/><E12/><V18/><F129/><W102/><G102/><N who="2" m="38953" /><F61/><W57/><G122/><T96/><D26/><U101/><E101/><V124/><F64/><W114/><G114/><T73/><D8/><U24/><E24/><V98/><F124/><W10/><G10/><T119/><D119/><U17/><E17/><V109/><F109/><W30/><G87/><T84/><D84/><U126/><E126/><V14/><F14/><W105/><G105/><T107/><D107/><U89/><E69/><V40/><F40/><AGARI ba="0,0" hai="40,41,42,44,50,51,52,56,58,62,67,86,89,94" machi="40" ten="30,12000,2" yaku="7,1,8,1,52,3,54,1" doraHai="36" who="1" fromWho="2" sc="133,0,302,120,122,-120,443,0" /><INIT seed="7,0,0,3,1,132" ten="133,422,2,443" oya="3" hai0="70,105,96,109,110,117,68,25,15,71,0,4,102" hai1="65,41,20,120,17,66,114,50,23,54,56,135,1" hai2="18,48,72,101,82,104,60,31,14,13,83,133,5" hai3="94,39,87,22,125,16,134,76,55,118,92,74,49"/><W28/><G118/><T91/><D117/><U64/><E135/><V45/><F133/><W9/><G134/><T129/><D129/><U99/><E120/><V78/><F104/><W106/><G106/><T121/><D15/><U88/><E1/><V43/><F72/><W89/><G39/><T115/><D121/><U33/><E33/><V59/><F83/><N who="3" m="47591" /><G125/><T111/><D111/><U98/><E114/><V86/><F14/><N who="3" m="7247" /><G74/><T44/><D44/><U57/><E41/><V7/><F7/><W10/><G10/><T61/><D91/><U19/><E56/><V51/><F18/><N who="1" m="6665" /><E99/><V73/><F73/><W63/><G63/><T8/><D61/><U62/><E62/><V6/><F6/><W42/><G42/><T128/><D96/><U108/><E108/><V90/><F48/><W107/><G107/><T75/><D70/><U40/><E40/><V11/><F31/><W100/><G100/><T119/><D71/><U26/><E26/><V112/><F112/><W116/><G116/><T80/><D25/><U123/><E123/><V24/><F101/><W29/><G22/><T81/><D68/><U124/><E124/><V103/><F103/><W2/><G2/><T122/><D102/><U97/><E97/><V84/><F24/><W27/><G89/><T126/><D4/><U93/><AGARI ba="0,0" hai="20,23,50,54,57,64,65,66,88,93,98" m="6665" machi="93" ten="30,2000,0" yaku="8,1,54,1" doraHai="132" who="1" fromWho="1" sc="133,-5,422,20,2,-5,443,-10" owari="128,-27.0,442,54.0,-3,-50.0,433,23.0" /></mjloggm>