<mjloggm ver="2.3"><GO type="169" lobby="0"/><UN n0="%E3%80%93%E4%B9%9D%E6%9D%A1%E3%82%AB%E3%83%AC%E3%83%B3%E3%80%93" n1="%E3%83%95%E3%83%AB%E3%82%B9%E3%82%A4%E3%83%B3%E3%82%B0%E7%B6%BE%E5%A5%88" n2="%E3%83%88%E3%83%88%E3%83%AA%E5%85%88%E7%94%9F%31%39%E6%AD%B3" n3="%E3%81%8A%E3%81%A7%E3%82%93%E3%81%A4%E3%81%8F%E3%82%8D%EF%BC%81" dan="17,16,19,16" rate="2215.04,2066.93,2262.47,2039.61" sx="F,F,F,M"/><TAIKYOKU oya="0"/><INIT seed="0,0,0,3,4,68" ten="250,250,250,250" oya="0" hai0="48,25,41,85,42,31,86,80,113,59,36,3,122" hai1="125,66,47,45,40,22,111,43,72,5,108,51,101" hai2="83,37,79,91,97,127,19,6,76,90,107,65,10" hai3="128,116,114,82,67,44,63,99,14,62,81,39,109"/><T1/><D113/><U84/><E72/><V13/><F127/><W21/><G114/><T49/><D122/><U95/><E66/><V2/><F65/><W24/><G116/><T27/><D59/><U135/><E125/><V121/><F121/><W17/><G109/><T46/><D80/><U11/><E22/><V133/><F133/><W55/><G128/><T18/><D18/><U74/><E74/><V123/><F123/><W53/><G63/><T52/><D46/><U4/><E135/><V34/><F34/><W117/><G117/><T54/><D31/><U73/><E73/><V103/><F79/><W32/><G39/><AGARI ba="0,0" hai="1,3,25,27,36,39,41,42,48,49,52,54,85,86" machi="39" ten="25,12000,1" yaku="22,2,52,2,54,1" doraHai="68" who="0" fromWho="3" sc="250,120,250,0,250,0,250,-120" /><INIT seed="0,1,0,2,3,89" ten="370,250,250,130" oya="0" hai0="3,22,14,34,73,17,31,100,97,82,119,120,12" hai1="122,118,63,88,2,84,121,62,55,93,30,8,75" hai2="54,56,27,127,129,39,92,103,114,86,45,46,109" hai3="79,0,102,101,41,32,133,59,52,111,18,115,108"/><T13/><D119/><U42/><E118/><V38/><F114/><W23/><G115/><T50/><D120/><U134/><E75/><V25/><F109/><W40/><G32/><T7/><D73/><U113/><E113/><V106/><F106/><W33/><G33/><T135/><D82/><U49/><E30/><V126/><F129/><W29/><G29/><T4/><D135/><U81/><E42/><V10/><F10/><W128/><G0/><T43/><D31/><U66/><E134/><V80/><F39/><W47/><G133/><T105/><D34/><U131/><E131/><V37/><F37/><W6/><G79/><T60/><D60/><U116/><E116/><V71/><F71/><W16/><G6/><T58/><D3/><U94/><E121/><V19/><F38/><W48/><G128/><T64/><D64/><U51/><E122/><V107/><F107/><W53/><G23/><T20/><D20/><U70/><E62/><N who="2" m="36119" /><F19/><W76/><G76/><T98/><D98/><U85/><E85/><V99/><F126/><W57/><G48/><T15/><REACH who="0" step="1"/><D58/><REACH who="0" ten="360,250,250,130" step="2"/><U91/><E2/><V74/><F74/><W95/><G47/><AGARI ba="1,1" hai="4,7,12,13,14,15,17,22,43,47,50,97,100,105" machi="47" ten="40,3900,0" yaku="1,1,2,1,53,0" doraHai="89" doraHaiUra="83" who="0" fromWho="3" sc="360,52,250,0,250,0,130,-42" /><INIT seed="0,2,0,1,2,105" ten="412,250,250,88" oya="0" hai0="15,26,44,108,78,36,133,42,41,107,38,43,0" hai1="57,98,75,20,111,85,84,129,70,109,82,24,64" hai2="3,89,77,119,13,35,61,128,121,123,86,93,63" hai3="81,110,33,117,52,104,91,65,131,88,135,21,74"/><T97/><D0/><U115/><E70/><V80/><F3/><W106/><G33/><T116/><D116/><U79/><E129/><V113/><F35/><W102/><G117/><T49/><D133/><U37/><E37/><V22/><F119/><W100/><G65/><T50/><D108/><N who="1" m="41547" /><E115/><V47/><F113/><W51/><G110/><T127/><D127/><U55/><E64/><V118/><F118/><W30/><G131/><T40/><D38/><U54/><E98/><V34/><F34/><W130/><G130/><T67/><D26/><U59/><E59/><V32/><F32/><W5/><G5/><T25/><D25/><U18/><E55/><V90/><F128/><W120/><G120/><N who="2" m="46153" /><F90/><W27/><G135/><T56/><D78/><U99/><E99/><V66/><F47/><W2/><G2/><T6/><D56/><U53/><E53/><V126/><F66/><W83/><G104/><T7/><D67/><U132/><E132/><V10/><F61/><AGARI ba="2,0" hai="18,20,24,54,57,61,75,79,82,84,85" m="41547" machi="61" ten="30,2000,0" yaku="14,1,52,1" doraHai="105" who="1" fromWho="2" sc="412,0,250,26,250,-26,88,0" /><INIT seed="1,0,0,2,1,72" ten="412,276,224,88" oya="1" hai0="133,111,84,55,52,71,135,117,59,112,87,9,28" hai1="15,119,11,41,124,82,2,20,21,94,101,63,103" hai2="48,74,128,26,43,34,5,49,37,53,69,99,75" hai3="13,86,107,22,61,29,31,54,81,12,108,25,78"/><U24/><E119/><V77/><F69/><W3/><G107/><T98/><D112/><U83/><E2/><V44/><F128/><W104/><G104/><T60/><D117/><U27/><E124/><V118/><F118/><W88/><G3/><T8/><D111/><U67/><E41/><V17/><F75/><W130/><G130/><T76/><D71/><U102/><E94/><V73/><F73/><W14/><G108/><T126/><D126/><U109/><E109/><V6/><F37/><W19/><REACH who="3" step="1"/><G78/><REACH who="3" ten="412,276,224,78" step="2"/><T115/><D76/><U35/><E35/><V116/><F116/><W1/><G1/><T91/><D115/><U51/><E82/><V66/><F77/><W33/><G33/><T38/><D135/><U42/><E83/><V32/><F34/><W4/><G4/><T122/><D133/><U40/><E101/><V18/><F5/><W105/><G105/><T0/><D0/><U134/><E102/><V120/><F6/><W16/><G16/><T79/><D79/><U47/><E103/><V50/><F74/><W58/><AGARI ba="0,1" hai="12,13,14,19,22,25,29,31,54,58,61,81,86,88" machi="58" ten="30,7900,0" yaku="1,1,0,1,8,1,54,1,53,0" doraHai="72" doraHaiUra="113" who="3" fromWho="3" sc="412,-20,276,-39,224,-20,78,89" /><INIT seed="2,0,0,2,2,63" ten="392,237,204,167" oya="2" hai0="91,11,119,54,83,56,18,120,71,135,16,72,26" hai1="62,115,118,84,39,76,21,55,107,40,15,37,68" hai2="5,82,74,88,94,44,78,106,4,48,95,28,7" hai3="8,33,108,20,30,53,46,129,87,101,67,109,92"/><V14/><F106/><W66/><G33/><T61/><D120/><U117/><E107/><V99/><F28/><W27/><G129/><T112/><D112/><U64/><E115/><V50/><F44/><W31/><G8/><T85/><D135/><U113/><E113/><V123/><F123/><W70/><G70/><T133/><D133/><U96/><E96/><V121/><F121/><W125/><G31/><T65/><D119/><U134/><E134/><V38/><F38/><W23/><G23/><N who="0" m="13671" /><D72/><U24/><E15/><V13/><F13/><W58/><G46/><T60/><D71/><U17/><E55/><V10/><REACH who="2" step="1"/><F95/><REACH who="2" ten="392,237,194,167" step="2"/><W59/><G125/><T52/><D61/><U1/><E39/><V103/><F103/><W19/><G30/><T132/><D132/><U110/><E118/><V122/><F122/><W6/><G101/><T93/><D93/><U45/><E117/><V126/><F126/><W73/><G92/><T35/><D35/><U51/><E37/><V42/><F42/><W116/><G116/><T127/><D127/><U25/><E40/><V75/><F75/><W3/><G73/><T114/><D114/><U131/><E131/><V43/><F43/><W80/><G108/><T111/><D111/><U9/><E110/><V47/><F47/><W89/><G109/><T36/><D36/><U32/><E45/><V102/><F102/><W0/><G0/><T105/><D105/><U69/><E1/><V57/><F57/><N who="3" m="21515" /><G53/><T12/><AGARI ba="0,1" hai="11,12,18,52,54,56,60,65,83,85,91" m="13671" machi="12" ten="30,7900,0" yaku="8,1,52,1,54,2" doraHai="63" who="0" fromWho="0" sc="392,89,237,-20,194,-39,167,-20" /><INIT seed="3,0,0,5,2,11" ten="481,217,155,147" oya="3" hai0="105,100,9,15,120,85,123,6,42,110,28,53,111" hai1="63,99,68,27,107,129,109,43,104,122,19,46,118" hai2="131,59,39,86,55,80,97,7,47,81,69,79,22" hai3="76,14,5,126,20,134,8,115,54,112,31,18,1"/><W73/><G73/><T116/><D116/><U119/><E122/><V127/><F69/><W24/><G76/><T45/><D28/><U108/><E129/><V16/><F131/><W57/><G126/><T94/><D53/><U132/><E132/><V72/><F127/><W4/><G4/><T84/><D105/><N who="1" m="40523" /><E99/><V113/><F113/><W51/><REACH who="3" step="1"/><G134/><REACH who="3" ten="481,217,155,137" step="2"/><T52/><D6/><U103/><E118/><V41/><F7/><W64/><G64/><T62/><D123/><U121/><E119/><V56/><F55/><W25/><G25/><T26/><D26/><U91/><E27/><V93/><F72/><W61/><G61/><T124/><D62/><U49/><E121/><V30/><F30/><W83/><G83/><T92/><D52/><U33/><E63/><V71/><F81/><W44/><G44/><T60/><D60/><U82/><E68/><V117/><F71/><W98/><G98/><T58/><D124/><U36/><E46/><V77/><F77/><W125/><G125/><T40/><D45/><U74/><E74/><V95/><F117/><W12/><G12/><T78/><D78/><U90/><E82/><V133/><F133/><W130/><G130/><T67/><D67/><U3/><E43/><V106/><F59/><W38/><G38/><T70/><D58/><U114/><E36/><V0/><F56/><W29/><G29/><T135/><D70/><U37/><E37/><V32/><F39/><W10/><AGARI ba="0,1" hai="1,5,8,10,14,18,20,24,31,51,54,57,112,115" machi="10" ten="20,7800,0" yaku="1,1,0,1,7,1,52,1,53,0" doraHai="11" doraHaiUra="102" who="3" fromWho="3" sc="481,-26,217,-26,155,-26,137,88" /><INIT seed="3,1,0,1,4,32" ten="455,191,129,225" oya="3" hai0="120,88,117,107,133,54,124,132,44,41,83,9,85" hai1="84,119,74,98,61,26,80,60,58,75,123,87,82" hai2="125,13,96,118,73,51,93,122,101,86,102,59,126" hai3="18,115,22,127,8,116,67,103,53,135,47,56,14"/><W121/><G121/><T79/><D117/><U92/><E123/><V65/><F118/><W112/><G116/><T128/><D120/><U66/><E119/><V4/><F73/><W40/><G67/><T76/><D128/><U69/><E84/><V30/><F122/><W81/><G127/><T21/><D124/><U114/><E114/><V100/><F30/><W48/><G135/><N who="0" m="51787" /><D107/><U29/><E82/><V5/><F125/><W3/><G103/><T63/><D21/><U70/><E87/><V46/><F126/><W19/><G81/><T97/><D97/><U106/><E80/><V71/><F71/><W10/><G10/><T77/><D9/><U20/><E106/><V105/><F86/><W57/><G57/><N who="0" m="35255" /><D79/><U11/><E11/><N who="2" m="4327" /><F5/><W31/><G31/><T130/><D130/><U35/><E35/><V55/><F105/><W2/><G115/><T25/><D25/><U129/><E129/><V34/><F34/><W38/><G112/><T72/><D72/><U17/><E29/><V99/><F99/><W111/><G111/><T52/><D52/><U89/><E70/><V15/><F15/><AGARI ba="1,0" hai="2,3,8,14,15,18,19,22,38,40,47,48,53,56" machi="15" ten="30,5800,0" yaku="7,1,52,2" doraHai="32" who="3" fromWho="2" sc="455,0,191,0,129,-61,225,61" /><INIT seed="3,2,0,4,2,3" ten="455,191,68,286" oya="3" hai0="6,100,118,41,103,72,1,57,95,40,82,49,42" hai1="31,43,20,62,36,102,113,121,116,22,29,78,0" hai2="115,122,90,86,60,46,131,80,12,21,25,55,59" hai3="56,11,51,120,14,37,79,114,63,85,93,74,4"/><W50/><G37/><T107/><D107/><U64/><E121/><V126/><F115/><W28/><G114/><T65/><D118/><U10/><E113/><V117/><F117/><W9/><G28/><T38/><D38/><U123/><E123/><V110/><F122/><W87/><G74/><T134/><D134/><U76/><E102/><N who="0" m="38953" /><D1/><U101/><E101/><V33/><F33/><W2/><G120/><T133/><D72/><U130/><E0/><V77/><F110/><W30/><G30/><T58/><D133/><U15/><E36/><V23/><F131/><W129/><G129/><T19/><D6/><U104/><E104/><V132/><F132/><W106/><G106/><T83/><D95/><U112/><E31/><V8/><F126/><W91/><G85/><T53/><D19/><U13/><E29/><V94/><F46/><W108/><G79/><T67/><D58/><U39/><E39/><V26/><F26/><W47/><G47/><T125/><D125/><U7/><E78/><V69/><F25/><W105/><G105/><T18/><D18/><U27/><E76/><V54/><F69/><W99/><G87/><T92/><D92/><U98/><E130/><V111/><F111/><W70/><G70/><T127/><D127/><U128/><E128/><V73/><REACH who="2" step="1"/><F55/><REACH who="2" ten="455,191,58,286" step="2"/><N who="3" m="34207" /><G108/><T75/><D75/><U32/><E32/><V17/><AGARI ba="2,1" hai="8,12,17,21,23,54,59,60,73,77,80,86,90,94" machi="17" ten="20,2700,0" yaku="1,1,0,1,7,1,53,0" doraHai="3" doraHaiUra="61" who="2" fromWho="2" sc="455,-9,191,-9,58,43,286,-15" /><INIT seed="4,0,0,2,5,120" ten="446,182,101,271" oya="0" hai0="25,55,79,58,68,60,54,20,7,30,85,9,65" hai1="52,91,111,0,17,57,49,12,34,131,48,56,84" hai2="15,73,119,122,105,62,94,70,88,81,6,40,69" hai3="67,115,133,13,83,38,132,76,99,47,3,103,33"/><T18/><D68/><U16/><E131/><V95/><F122/><W116/><G3/><T10/><D30/><U93/><E0/><V5/><F105/><W41/><G116/><T113/><D113/><U35/><E111/><V118/><F40/><W102/><G33/><T114/><D114/><U39/><E39/><V43/><F43/><W8/><G67/><T135/><D135/><U121/><E121/><V59/><F73/><W97/><G115/><T75/><D75/><U1/><E1/><V32/><F81/><W51/><G38/><T78/><D10/><U89/><E89/><V86/><F32/><W37/><G37/><T96/><D96/><N who="3" m="36937" /><G83/><N who="0" m="47351" /><D79/><U4/><E4/><V125/><F125/><W112/><G76/><T100/><D100/><U11/><E17/><V101/><F101/><W53/><G112/><T36/><D36/><U129/><E129/><V109/><F95/><W117/><G117/><N who="2" m="44553" /><F6/><N who="3" m="3223" /><G41/><T74/><D74/><U61/><E49/><V2/><F2/><W27/><G27/><T72/><D72/><U107/><E107/><V21/><F5/><W108/><G103/><T127/><D127/><U71/><E71/><V29/><F15/><AGARI ba="0,0" hai="7,9,15,18,20,25,54,55,58,60,65" m="47351" machi="15" ten="30,1500,0" yaku="8,1" doraHai="120" who="0" fromWho="2" sc="446,15,182,0,101,-15,271,0" /><INIT seed="4,1,0,1,3,100" ten="461,182,86,271" oya="0" hai0="65,30,35,12,9,41,38,63,7,123,34,87,85" hai1="74,103,52,101,45,37,77,50,132,53,67,32,89" hai2="68,131,27,62,122,47,73,127,118,106,69,29,22" hai3="115,71,26,82,134,126,107,61,124,117,135,49,16"/><T91/><D123/><U28/><E37/><V23/><F118/><W98/><G117/><T80/><D30/><U51/><E67/><V60/><F122/><W113/><G82/><T6/><D6/><U18/><E132/><N who="3" m="50730" /><G49/><T40/><D87/><U83/><E18/><V102/><F73/><W54/><G98/><T25/><D25/><U66/><E66/><V4/><F131/><W111/><G107/><T94/><D80/><U20/><E32/><V55/><F127/><N who="3" m="48683" /><G111/><T57/><D41/><U11/><E89/><V33/><F47/><W81/><G81/><T109/><D109/><U125/><E125/><V105/><F102/><W48/><G61/><T17/><D40/><U21/><E11/><V84/><F84/><W112/><G71/><T116/><D38/><U92/><E28/><V5/><F55/><W99/><G99/><T59/><D59/><U42/><E42/><V36/><F36/><W2/><G2/><N who="0" m="247" /><D116/><U78/><E78/><V130/><F29/><W121/><G121/><T119/><D119/><U15/><E103/><V8/><F68/><W3/><G3/><T0/><D0/><U95/><E101/><V56/><F69/><W58/><G26/><T97/><D97/><U79/><E79/><V75/><F27/><W86/><G86/><T96/><D96/><U24/><E24/><V128/><F56/><W43/><G43/><T31/><D31/><U10/><E92/><V14/><F75/><W120/><G120/><T70/><D70/><U13/><E95/><V93/><F93/><W90/><G90/><T39/><D39/><U46/><E74/><RYUUKYOKU ba="1,0" sc="461,15,182,-15,86,-15,271,15" hai0="12,17,34,35,57,63,65,85,91,94" hai3="16,48,54,58,112,113,115" /><INIT seed="4,2,0,0,0,69" ten="476,167,71,286" oya="0" hai0="83,76,32,68,46,133,134,122,5,71,30,56,114" hai1="101,95,64,116,2,24,43,50,106,51,129,41,121" hai2="120,107,70,103,54,109,19,125,10,93,3,13,39" hai3="94,73,102,61,8,128,15,110,37,57,27,35,89"/><T44/><D122/><U135/><E116/><V78/><F120/><W108/><G73/><N who="0" m="43407" /><D5/><U36/><E2/><V0/><F107/><W111/><G102/><T25/><D56/><U58/><E101/><V75/><F70/><N who="0" m="26666" /><D114/><U118/><E24/><V49/><F125/><W74/><G74/><T23/><D23/><U132/><E118/><V130/><F109/><W98/><G128/><T131/><D131/><U127/><E129/><V90/><F103/><W97/><G97/><T17/><D17/><U48/><E95/><V100/><F100/><W31/><G37/><T62/><D62/><U1/><E1/><V21/><F130/><W59/><REACH who="3" step="1"/><G61/><REACH who="3" ten="476,167,71,276" step="2"/><T12/><D134/><U88/><E106/><V123/><F39/><W112/><G112/><T34/><D133/><U14/><E36/><V72/><F72/><W63/><G63/><T85/><D85/><U26/><E135/><V11/><F75/><W45/><G45/><T87/><D87/><U86/><E132/><V7/><F49/><W38/><G38/><T55/><D46/><U4/><E50/><V40/><F123/><W28/><G28/><T52/><D44/><U96/><E121/><V126/><F126/><W99/><G99/><T104/><D104/><U91/><E127/><V42/><F3/><W117/><G117/><T77/><D30/><U53/><E48/><V6/><F0/><W82/><G82/><T47/><D47/><U81/><E96/><V20/><F93/><W79/><G79/><T22/><D77/><U113/><E113/><V84/><F78/><W119/><G119/><T60/><D60/><RYUUKYOKU ba="2,1" sc="476,-10,167,-10,71,-10,276,30" hai3="8,15,27,31,35,57,59,89,94,98,108,110,111" /><INIT seed="5,3,1,2,2,113" ten="466,157,61,306" oya="1" hai0="80,3,64,37,127,22,114,52,128,10,133,35,91" hai1="66,76,74,79,73,125,87,47,121,94,110,27,95" hai2="7,49,78,122,81,86,26,123,65,8,5,40,56" hai3="6,130,58,82,100,108,99,120,54,62,36,20,13"/><U25/><E121/><V97/><F7/><W45/><G108/><T4/><D35/><U112/><E112/><V28/><F97/><W2/><G120/><T38/><D114/><U92/><E110/><V116/><F65/><W88/><G2/><T42/><D64/><U132/><E66/><V39/><F39/><W93/><G130/><T0/><D0/><U115/><E115/><V50/><F50/><N who="3" m="29007" /><G36/><T69/><D69/><U43/><E125/><V129/><F129/><W51/><G51/><T72/><D128/><U124/><E124/><V16/><F116/><W41/><G41/><T18/><D127/><U71/><E71/><V75/><F75/><W11/><G20/><T106/><D106/><U14/><E132/><V61/><F61/><W135/><G135/><T53/><D38/><U90/><E14/><V68/><F68/><W85/><G58/><T21/><D21/><U34/><E73/><V118/><F118/><W63/><AGARI ba="3,1" hai="6,11,13,62,63,82,85,88,93,99,100" m="29007" machi="63" ten="30,2000,0" yaku="8,1,54,1" doraHai="113" who="3" fromWho="3" sc="466,-8,157,-13,61,-8,306,39" /><INIT seed="6,0,0,5,5,87" ten="458,144,53,345" oya="2" hai0="133,3,93,100,111,84,29,106,114,57,67,102,21" hai1="16,49,17,13,43,123,55,10,30,128,54,108,15" hai2="103,73,88,48,19,6,50,117,5,42,14,132,31" hai3="94,77,7,112,9,25,134,1,105,65,74,0,124"/><V127/><F117/><W20/><G105/><T69/><D111/><U85/><E108/><V115/><F73/><W41/><G112/><T126/><D69/><U131/><E30/><V97/><F115/><W2/><G124/><T38/><D106/><U79/><E123/><V63/><F127/><W91/><G134/><T96/><D38/><U92/><E43/><V32/><F132/><W8/><G65/><T86/><D114/><U23/><E79/><V56/><F103/><W113/><G113/><T28/><D126/><U89/><REACH who="1" step="1"/><E55/><REACH who="1" ten="458,134,53,345" step="2"/><N who="2" m="34207" /><F31/><W44/><G77/><T107/><D29/><U37/><E37/><V11/><F32/><W72/><G41/><T34/><D28/><U52/><E52/><V95/><F42/><W125/><G125/><T46/><D34/><U36/><E36/><V12/><F5/><W80/><G7/><T83/><D133/><U101/><E101/><V22/><AGARI ba="0,1" hai="6,11,12,14,19,22,48,50,88,95,97" m="34207" machi="22" ten="30,6000,0" yaku="8,1,52,1,54,1" doraHai="87" who="2" fromWho="2" sc="458,-20,134,-20,53,70,345,-20" /><INIT seed="6,1,0,3,4,34" ten="438,114,123,325" oya="2" hai0="121,10,89,82,110,11,107,56,7,50,117,80,60" hai1="129,23,125,16,77,124,65,85,58,88,104,67,25" hai2="120,68,130,1,3,112,84,2,100,15,49,27,33" hai3="13,131,54,106,40,47,86,91,135,119,39,61,73"/><V18/><F68/><W134/><G119/><T132/><D110/><U90/><E104/><V72/><F72/><W19/><G73/><T79/><D107/><U128/><E77/><V101/><F120/><W36/><G36/><T17/><D121/><U37/><E37/><V71/><F71/><W59/><G106/><T81/><D117/><U26/><E26/><V115/><F130/><N who="1" m="50281" /><E90/><V96/><F84/><W21/><REACH who="3" step="1"/><G131/><REACH who="3" ten="438,114,123,315" step="2"/><T53/><D132/><U24/><E24/><V113/><F27/><W83/><AGARI ba="1,1" hai="13,19,21,39,40,47,54,59,61,83,86,91,134,135" machi="83" ten="30,4000,0" yaku="1,1,2,1,0,1,53,0" doraHai="34" doraHaiUra="114" who="3" fromWho="3" sc="438,-11,114,-11,123,-21,315,53" /><INIT seed="7,0,0,5,2,100" ten="427,103,102,368" oya="3" hai0="85,61,133,74,17,15,135,128,2,113,108,40,26" hai1="1,99,118,80,39,101,117,34,93,41,36,104,76" hai2="79,88,82,130,116,72,52,32,109,57,43,81,19" hai3="10,18,58,132,23,105,103,12,29,129,37,125,95"/><W71/><G71/><T77/><D108/><U66/><E34/><V106/><F116/><N who="1" m="44649" /><E1/><V75/><F109/><W70/><G70/><T9/><D128/><U89/><E66/><V84/><F130/><W6/><G129/><T107/><D107/><U98/><E41/><V111/><F111/><W44/><G125/><T59/><D113/><U60/><E60/><V45/><F106/><W115/><G132/><N who="0" m="50763" /><D40/><U123/><E123/><V33/><F19/><W16/><G115/><T0/><D74/><AGARI ba="0,0" hai="36,39,74,76,80,89,93,98,99,101,104" m="44649" machi="74" ten="30,2000,0" yaku="12,1,52,1" doraHai="100" who="1" fromWho="0" sc="427,-20,103,20,102,0,368,0" owari="407,51.0,123,-28.0,102,-40.0,368,17.0" /></mjloggm>