<mjloggm ver="2.3"><GO type="169" lobby="0"/><UN n0="%E3%83%88%E3%83%88%E3%83%AA%E5%85%88%E7%94%9F%31%39%E6%AD%B3" n1="%E7%90%B4%E6%B5%A6%E6%98%A5%E9%A6%99" n2="%55%52%44%41" n3="%E6%B2%96%EF%BC%92%EF%BC%99" dan="19,16,16,17" rate="2280.30,2126.08,2087.28,2210.47" sx="F,F,M,M"/><TAIKYOKU oya="0"/><INIT seed="0,0,0,1,5,60" ten="250,250,250,250" oya="0" hai0="77,84,104,87,90,75,41,39,93,46,2,86,119" hai1="109,13,5,83,51,28,21,56,40,49,19,8,6" hai2="130,10,36,76,105,88,26,48,101,11,106,61,131" hai3="111,113,69,121,37,82,81,23,57,116,118,62,30"/><T18/><D119/><U92/><E109/><V44/><F36/><W124/><G69/><T74/><D18/><U25/><E83/><V126/><F126/><W20/><G37/><T59/><D104/><U38/><E38/><V9/><F76/><W114/><G124/><T55/><D2/><U94/><E40/><V67/><F26/><W110/><G30/><T85/><REACH who="0" step="1"/><D77/><REACH who="0" ten="240,250,250,250" step="2"/><U97/><E5/><V42/><F106/><W128/><G116/><T71/><D71/><U135/><E135/><V16/><F16/><W115/><G118/><T53/><D53/><U15/><E56/><V24/><F105/><W99/><G114/><T80/><D80/><U3/><E3/><V64/><F130/><W54/><G128/><T50/><AGARI ba="0,1" hai="39,41,46,50,55,59,74,75,84,85,86,87,90,93" machi="50" ten="30,3000,0" yaku="1,1,0,1,53,0" doraHai="60" doraHaiUra="31" who="0" fromWho="0" sc="240,40,250,-10,250,-10,250,-10" /><INIT seed="0,1,0,3,3,88" ten="280,240,240,240" oya="0" hai0="66,87,89,5,122,73,58,39,59,36,68,31,69" hai1="55,108,101,115,84,71,95,46,44,97,111,48,131" hai2="80,92,128,27,53,33,98,56,83,102,17,40,4" hai3="77,124,135,7,78,24,9,34,30,105,43,72,26"/><T74/><D122/><U60/><E131/><V123/><F123/><W0/><G135/><T12/><D31/><U3/><E3/><V57/><F128/><W133/><G133/><T112/><D112/><U79/><E115/><V93/><F4/><W52/><G124/><T45/><D5/><U118/><E118/><V134/><F134/><W28/><G105/><T103/><D12/><U90/><E79/><V2/><F2/><W50/><G43/><T129/><D129/><U51/><E51/><BYE who="1" /><V76/><F40/><W13/><G0/><T49/><D103/><U61/><E61/><V64/><F64/><W86/><G86/><T130/><D130/><U38/><E38/><N who="0" m="14377" /><D89/><U99/><E99/><N who="2" m="59751" /><F33/><W15/><G72/><T107/><D87/><U1/><E1/><V29/><F29/><W23/><REACH who="3" step="1"/><G15/><REACH who="3" ten="280,240,240,230" step="2"/><T81/><D107/><U104/><E104/><V8/><F27/><W21/><G21/><T35/><D74/><U82/><E82/><V65/><F83/><W67/><G67/><T94/><D66/><UN n1="%E7%90%B4%E6%B5%A6%E6%98%A5%E9%A6%99" /><U11/><E11/><V19/><F8/><W10/><G10/><T127/><D127/><U100/><E84/><N who="2" m="48135" /><F65/><W54/><G54/><N who="0" m="29999" /><D35/><U47/><E97/><V121/><F121/><W116/><G116/><T41/><D41/><U25/><E25/><V85/><F85/><W37/><G37/><T70/><D94/><U125/><E95/><V96/><F93/><W63/><G63/><T20/><D20/><U114/><E60/><V106/><F106/><W132/><G132/><T6/><D73/><U14/><E125/><V113/><F53/><W22/><G22/><RYUUKYOKU ba="1,1" sc="280,-10,240,-10,240,-10,230,30" hai3="7,9,13,23,24,26,28,30,34,50,52,77,78" /><INIT seed="1,2,1,0,2,116" ten="270,230,230,260" oya="1" hai0="42,132,66,108,92,26,33,40,69,0,3,62,18" hai1="64,129,30,125,130,81,46,122,49,127,98,84,78" hai2="94,21,28,36,25,6,15,126,102,121,80,54,53" hai3="35,38,12,34,112,2,89,61,37,135,14,43,117"/><U131/><E64/><V45/><F126/><N who="1" m="48137" /><E30/><V65/><F65/><W104/><G104/><T82/><D108/><U86/><E98/><V48/><F36/><W39/><G2/><T91/><D132/><U114/><E114/><V105/><F105/><W79/><G112/><T107/><D107/><U60/><E60/><V1/><F1/><W123/><G117/><T99/><D40/><N who="1" m="24775" /><E86/><V11/><F80/><W67/><G43/><T75/><D42/><U103/><E103/><V124/><F124/><W19/><G135/><T74/><D74/><U32/><E32/><V9/><F9/><W50/><G50/><T115/><D115/><U113/><E113/><V101/><F101/><W128/><G34/><T52/><D33/><U100/><E100/><V93/><F102/><W76/><G35/><T95/><D95/><U133/><E133/><V134/><F134/><W20/><G61/><N who="0" m="40143" /><D82/><U59/><E59/><V41/><F94/><W85/><G67/><T111/><D75/><U68/><E68/><V44/><F93/><W118/><G118/><T87/><D87/><U97/><E97/><V47/><F47/><W22/><G85/><T16/><D111/><U119/><E119/><V73/><F73/><W96/><G96/><T109/><D109/><U27/><E27/><V57/><F44/><W63/><G63/><T120/><D26/><U17/><E17/><N who="0" m="6761" /><D62/><U55/><E55/><N who="2" m="21003" /><F57/><W56/><G56/><T13/><D52/><U70/><E70/><V10/><F41/><W83/><G38/><T88/><D99/><U29/><E29/><V5/><F28/><W72/><G39/><RYUUKYOKU ba="2,1" sc="270,-10,230,30,230,-10,260,-10" hai1="78,81,84,122,129,130,131" /><INIT seed="1,3,1,0,3,110" ten="260,260,220,250" oya="1" hai0="44,87,93,30,15,117,12,121,66,91,10,92,1" hai1="53,11,52,22,79,128,6,29,76,96,3,97,9" hai2="70,23,116,26,20,119,65,104,39,62,49,0,61" hai3="84,58,7,82,100,55,88,54,95,80,32,41,130"/><U90/><E128/><V127/><F39/><W37/><G32/><T129/><D117/><U126/><E126/><V118/><F0/><W17/><G130/><T99/><D129/><U83/><E11/><V38/><F38/><W111/><G111/><T98/><D121/><U120/><E120/><V86/><F127/><W21/><G7/><T46/><D1/><U33/><E33/><V115/><F104/><W72/><G72/><T85/><D66/><U64/><E64/><V78/><F49/><W24/><G55/><T18/><D30/><U81/><E97/><V5/><F5/><W68/><G68/><T124/><D124/><U67/><E67/><V94/><F23/><W34/><G34/><T48/><D15/><U69/><E69/><V74/><F74/><W71/><G71/><T27/><D27/><U131/><E131/><V45/><F45/><N who="0" m="17514" /><D48/><U43/><E43/><V103/><F62/><N who="3" m="36183" /><G37/><T73/><D73/><U107/><E107/><V25/><F70/><W106/><G106/><T123/><D123/><U112/><E53/><V134/><F119/><W135/><G135/><T105/><D105/><U16/><E52/><V36/><F134/><W56/><G56/><T133/><D133/><U8/><E3/><V109/><F118/><W50/><G100/><AGARI ba="3,1" hai="10,12,18,85,87,91,92,93,98,99,100" m="17514" machi="100" ten="30,1000,0" yaku="8,1" doraHai="110" who="0" fromWho="3" sc="260,29,260,0,220,0,250,-19" /><INIT seed="2,0,0,2,1,89" ten="289,260,220,231" oya="2" hai0="49,128,43,59,62,25,7,125,55,123,101,88,82" hai1="133,32,11,24,122,38,34,60,80,70,126,6,78" hai2="114,94,15,77,124,95,120,117,40,16,58,104,56" hai3="129,30,96,103,61,41,65,102,72,67,127,116,71"/><V27/><F120/><W36/><G116/><T92/><D123/><U52/><E133/><V131/><F104/><W1/><G1/><T134/><D134/><U8/><E122/><V63/><F117/><W105/><G103/><T21/><D128/><U81/><E126/><V51/><F114/><W46/><G67/><T83/><D125/><U18/><E38/><V100/><F124/><W37/><G127/><T75/><D75/><U135/><E135/><V64/><F131/><W69/><G129/><T109/><D109/><U73/><E80/><V9/><F77/><W121/><G121/><T107/><D7/><U99/><E99/><V91/><F100/><W90/><G90/><T47/><D101/><U3/><E70/><V106/><F106/><W10/><G10/><T112/><D107/><U4/><E18/><V113/><F113/><W48/><G71/><T5/><D5/><U33/><E24/><V53/><F40/><W79/><G79/><T54/><D43/><U68/><E52/><V31/><F91/><W14/><G14/><T108/><D108/><U132/><E132/><V98/><F98/><W17/><G17/><N who="0" m="12463" /><D112/><U50/><E50/><V13/><F13/><W23/><G72/><T22/><D22/><AGARI ba="0,0" hai="9,15,16,22,27,31,51,53,56,58,63,64,94,95" machi="22" ten="30,12000,1" yaku="7,1,8,1,52,2,54,1" doraHai="89" who="2" fromWho="0" sc="289,-120,260,0,220,120,231,0" /><INIT seed="2,1,0,1,2,106" ten="169,260,340,231" oya="2" hai0="73,69,70,64,1,6,9,78,86,133,107,0,30" hai1="22,21,108,79,61,59,132,93,117,4,105,90,134" hai2="124,115,121,135,81,13,80,82,57,83,53,19,128" hai3="47,104,50,91,75,39,25,123,56,24,77,51,102"/><V60/><F121/><W119/><G123/><T87/><D107/><U130/><E117/><V99/><F115/><W52/><G119/><T12/><D133/><N who="1" m="51307" /><E108/><V45/><F135/><W16/><G39/><T18/><D30/><U31/><E130/><V7/><F124/><W103/><G91/><T20/><D0/><U97/><E4/><V44/><F128/><W110/><G110/><T27/><D1/><U67/><E31/><V29/><F29/><W26/><G104/><T36/><D36/><U28/><E28/><V122/><F122/><W98/><G98/><T63/><REACH who="0" step="1"/><D70/><REACH who="0" ten="159,260,340,231" step="2"/><U54/><E105/><V96/><F7/><W15/><G103/><T8/><D8/><U131/><E131/><V58/><F45/><W65/><G102/><T33/><D33/><U41/><E41/><V68/><F44/><W112/><G112/><T14/><D14/><U49/><E79/><V37/><F13/><W94/><G15/><T43/><D43/><U126/><E126/><V46/><F46/><AGARI ba="1,1" hai="21,22,46,49,54,59,61,67,90,93,97" m="51307" machi="46" ten="30,1000,0" yaku="20,1" doraHai="106" who="1" fromWho="2" sc="159,0,260,23,340,-13,231,0" /><INIT seed="3,0,0,2,0,55" ten="159,283,327,231" oya="3" hai0="119,62,4,129,14,9,68,120,107,93,118,91,59" hai1="12,1,0,2,133,128,57,53,7,20,49,30,130" hai2="17,71,125,27,92,41,63,112,102,83,115,105,26" hai3="50,8,16,44,24,97,28,81,19,52,96,47,36"/><W95/><G81/><T54/><D120/><U18/><E133/><V121/><F105/><W77/><G77/><T113/><D107/><U38/><E38/><V37/><F83/><W101/><G97/><T87/><D129/><U46/><E30/><V33/><F102/><W106/><G106/><T45/><D113/><U123/><E123/><V22/><F92/><W39/><G39/><T82/><D68/><U80/><E7/><V79/><F41/><W90/><G101/><T99/><REACH who="0" step="1"/><D45/><REACH who="0" ten="149,283,327,231" step="2"/><U117/><E117/><V70/><F70/><W116/><G116/><T10/><D10/><U23/><E130/><V98/><F71/><W76/><G8/><T78/><AGARI ba="0,1" hai="4,9,14,54,59,62,78,82,87,91,93,99,118,119" machi="78" ten="20,8000,1" yaku="1,1,0,1,7,1,52,1,53,1" doraHai="55" doraHaiUra="51" who="0" fromWho="0" sc="149,90,283,-20,327,-20,231,-40" /><INIT seed="4,0,0,2,3,112" ten="239,263,307,191" oya="0" hai0="101,109,11,113,85,47,73,36,59,86,65,119,118" hai1="2,34,16,21,51,30,31,132,61,115,57,29,75" hai2="9,60,127,93,55,23,41,54,52,88,97,10,95" hai3="90,83,117,122,74,128,79,99,42,106,49,71,48"/><T105/><D73/><U130/><E75/><V1/><F127/><W50/><G71/><T64/><D113/><U104/><E104/><V69/><F41/><W38/><G122/><T32/><D32/><U20/><E115/><V134/><F134/><W82/><G128/><T92/><D105/><U56/><E132/><V125/><F125/><W28/><G28/><T124/><D124/><U123/><E2/><V17/><F1/><W24/><G24/><T116/><D109/><U81/><E34/><V15/><F69/><W8/><G117/><T14/><D36/><U110/><E110/><V5/><F60/><W98/><G106/><T126/><D126/><U37/><E37/><V6/><F95/><W102/><G102/><T13/><D47/><U40/><E123/><V91/><F91/><W72/><G8/><AGARI ba="0,0" hai="5,6,8,9,10,15,17,23,52,54,55,88,93,97" machi="8" ten="40,5200,0" yaku="8,1,54,2" doraHai="112" who="2" fromWho="3" sc="239,0,263,0,307,52,191,-52" /><INIT seed="5,0,0,5,1,32" ten="239,263,359,139" oya="1" hai0="56,128,91,21,26,60,101,17,15,103,132,114,27" hai1="77,121,30,5,67,61,75,41,36,38,3,14,33" hai2="102,97,119,87,109,62,110,65,45,44,9,88,71" hai3="49,25,48,133,69,112,99,124,122,84,4,98,66"/><U106/><E121/><V8/><F119/><W111/><G122/><T22/><D114/><U90/><E90/><V95/><F110/><W100/><G111/><T89/><D128/><U96/><E14/><V2/><F109/><W92/><G100/><N who="0" m="38475" /><D132/><U116/><E96/><V0/><F9/><W86/><G112/><T131/><D131/><U105/><E116/><V54/><F8/><W31/><G133/><T1/><D1/><U125/><E125/><V83/><REACH who="2" step="1"/><F54/><REACH who="2" ten="239,263,349,139" step="2"/><W42/><G124/><T81/><D22/><U80/><E5/><V53/><F53/><W93/><G4/><T20/><D21/><U40/><E40/><V46/><AGARI ba="0,1" hai="0,2,44,45,46,62,65,71,83,87,88,95,97,102" machi="46" ten="30,8000,1" yaku="1,1,0,1,52,2,54,1,53,0" doraHai="32" doraHaiUra="130" who="2" fromWho="2" sc="239,-20,263,-40,349,90,139,-20" /><INIT seed="6,0,0,4,3,9" ten="219,223,439,119" oya="2" hai0="133,12,47,134,122,92,13,34,121,77,132,117,114" hai1="24,18,32,93,91,107,63,69,17,131,78,3,22" hai2="71,68,27,86,56,30,53,130,42,74,20,85,94" hai3="115,125,40,112,1,81,61,16,23,10,52,36,58"/><V66/><F74/><W70/><G70/><T111/><D111/><U28/><E131/><V11/><F11/><W37/><G125/><T38/><D34/><U14/><E107/><V106/><F94/><W0/><G81/><T39/><D114/><N who="3" m="43561" /><G40/><T96/><D77/><U129/><E129/><V57/><F20/><W113/><N who="3" m="43569" /><W29/><DORA hai="79" /><G29/><T6/><D6/><U15/><E3/><N who="3" m="1098" /><G10/><T127/><D127/><U88/><E78/><V102/><F30/><W5/><G5/><T116/><D121/><U124/><E124/><V118/><F71/><W26/><AGARI ba="0,0" hai="16,23,26,36,37,52,58,61" m="1098,43569" machi="26" ten="50,8000,1" yaku="15,1,11,1,54,2" doraHai="9,79" who="3" fromWho="3" sc="219,-20,223,-20,439,-40,119,80" /><INIT seed="7,0,0,1,4,48" ten="199,203,399,199" oya="3" hai0="10,71,74,55,14,19,116,25,134,122,0,27,106" hai1="60,75,53,58,40,28,51,76,23,8,59,127,133" hai2="132,45,104,82,41,33,95,128,107,12,94,22,24" hai3="32,31,29,92,91,26,118,78,88,1,85,123,102"/><W36/><G123/><T65/><D116/><U38/><E133/><V37/><F33/><W109/><G118/><T47/><D122/><U68/><E127/><V34/><F34/><W126/><G36/><T103/><D74/><U97/><E76/><V62/><F12/><W129/><G1/><T64/><D134/><U120/><E75/><V13/><F13/><W100/><G126/><T121/><D121/><U44/><E120/><V39/><F82/><W66/><G129/><T35/><D0/><U43/><E8/><V93/><F62/><W110/><G78/><T131/><D131/><U69/><E97/><V77/><F77/><W9/><G31/><T112/><D112/><U6/><E6/><V87/><F87/><N who="3" m="52255" /><G66/><N who="0" m="25707" /><D71/><N who="1" m="27211" /><E23/><V54/><F22/><W125/><G9/><T90/><D35/><U99/><E28/><V30/><F30/><W81/><G125/><T56/><D106/><U101/><E99/><V115/><F107/><W83/><G81/><T46/><D103/><U5/><E5/><V96/><F104/><W113/><G113/><T20/><D90/><U3/><E101/><V79/><F115/><W111/><AGARI ba="0,0" hai="26,29,32,83,85,91,100,102,109,110,111" m="52255" machi="111" ten="30,3000,0" yaku="10,1,54,1" doraHai="48" who="3" fromWho="3" sc="199,-10,203,-10,399,-10,199,30" /><INIT seed="7,1,0,1,5,20" ten="189,193,389,229" oya="3" hai0="19,25,61,43,85,76,63,89,79,131,83,114,17" hai1="132,12,3,45,28,37,134,126,31,29,14,129,111" hai2="96,109,118,82,72,53,52,73,18,135,66,105,67" hai3="92,75,121,80,30,70,88,57,0,24,97,100,32"/><W26/><G70/><T50/><D131/><U110/><E129/><V104/><F82/><W93/><G0/><T59/><D114/><U56/><E3/><V6/><F18/><N who="0" m="6666" /><D25/><N who="3" m="9833" /><G32/><T130/><D130/><U58/><E126/><V90/><F90/><W71/><G71/><T102/><D102/><U127/><E127/><V86/><F86/><N who="3" m="50247" /><G75/><T54/><D43/><N who="1" m="22767" /><E14/><V107/><F107/><W98/><G121/><T103/><D103/><U91/><E12/><V124/><F105/><W23/><G57/><N who="1" m="22122" /><E91/><V39/><F104/><W27/><G100/><T40/><D40/><U13/><E13/><V55/><F73/><W22/><G22/><T125/><D125/><U106/><E106/><V7/><F72/><W123/><G123/><T133/><D133/><AGARI ba="1,0" hai="28,29,31,110,111,132,133,134" m="22122,22767" machi="133" ten="30,1000,0" yaku="20,1" doraHai="20" who="1" fromWho="0" sc="189,-13,193,13,389,0,229,0" owari="176,-32.0,206,-19.0,389,48.0,229,3.0" /></mjloggm>