<mjloggm ver="2.3"><GO type="169" lobby="0"/><UN n0="%66%6F%6F%74%6F%73" n1="%48%45%41%44" n2="%E9%A7%92%E9%B3%A5%E8%93%AE%E8%8F%AF" n3="%E3%83%88%E3%83%88%E3%83%AA%E5%85%88%E7%94%9F%31%39%E6%AD%B3" dan="16,16,16,19" rate="2095.81,2073.73,2128.73,2310.30" sx="M,M,F,F"/><TAIKYOKU oya="0"/><INIT seed="0,0,0,1,1,58" ten="250,250,250,250" oya="0" hai0="133,44,53,91,12,11,46,116,134,81,73,121,65" hai1="74,127,29,14,13,6,87,128,39,10,88,125,61" hai2="131,22,20,109,100,17,67,4,50,57,107,42,86" hai3="80,85,104,15,63,112,118,8,40,78,114,38,18"/><T96/><D116/><U69/><E74/><V111/><F131/><W82/><G118/><T122/><D73/><U68/><E39/><V70/><F4/><W37/><G104/><T76/><D76/><U43/><E43/><V16/><F70/><W135/><G135/><N who="0" m="51723" /><D65/><N who="1" m="41007" /><E69/><V19/><F86/><W113/><G40/><T129/><D129/><U33/><E128/><V132/><F132/><W64/><REACH who="3" step="1"/><G82/><REACH who="3" ten="250,250,250,240" step="2"/><T55/><D81/><U79/><E125/><V24/><F42/><W103/><G103/><T9/><D121/><U102/><E102/><V108/><F100/><W35/><G35/><T34/><D34/><U1/><E33/><V30/><F107/><W77/><G77/><T51/><D122/><U72/><E79/><V89/><F89/><W0/><G0/><T48/><D91/><U52/><E1/><V101/><F101/><W110/><G110/><T27/><D96/><U84/><E88/><V66/><F20/><W23/><G23/><T5/><D9/><U117/><E10/><V97/><F97/><W59/><AGARI ba="0,1" hai="8,15,18,37,38,59,63,64,78,80,85,112,113,114" machi="59" ten="30,4000,0" yaku="1,1,0,1,52,1,53,0" doraHai="58" doraHaiUra="92" who="3" fromWho="3" sc="250,-20,250,-10,250,-10,240,50" /><INIT seed="1,0,0,4,0,28" ten="230,240,240,290" oya="1" hai0="64,114,94,82,69,119,72,77,127,98,83,49,62" hai1="27,18,31,113,29,59,103,46,126,22,80,87,81" hai2="35,122,73,96,10,71,97,93,120,16,34,45,84" hai3="5,9,43,101,111,90,48,11,123,106,15,128,61"/><U110/><E113/><V25/><F73/><W4/><G123/><T86/><D119/><U134/><E126/><V37/><F71/><W88/><G111/><T76/><D127/><U42/><E134/><V70/><F70/><W38/><G128/><T92/><D114/><U40/><E103/><V13/><F84/><W107/><G38/><T41/><D98/><U121/><E121/><V24/><F24/><W79/><G79/><T36/><D36/><U115/><E115/><V1/><F1/><W39/><G39/><T21/><D21/><U3/><E3/><V124/><F124/><W6/><G101/><T105/><D105/><U75/><E75/><V91/><F96/><W104/><G61/><T116/><D116/><U85/><E59/><V117/><F117/><W20/><G20/><T125/><D125/><U65/><E65/><V12/><F12/><W66/><G66/><T129/><D129/><U135/><E135/><V56/><F56/><W133/><G133/><T58/><D69/><U132/><E110/><V67/><F67/><W53/><G43/><N who="1" m="16426" /><E46/><V109/><F109/><W68/><G68/><T52/><D41/><U2/><E2/><V89/><F45/><N who="3" m="27791" /><G15/><T99/><D64/><U63/><E63/><V30/><F37/><W51/><G51/><T54/><D49/><U74/><E74/><V23/><REACH who="2" step="1"/><F91/><REACH who="2" ten="230,240,230,290" step="2"/><W112/><G112/><T44/><D72/><U57/><E57/><V14/><F14/><W95/><G90/><T0/><D58/><U8/><E132/><V19/><F19/><W118/><G118/><T50/><D44/><U78/><E8/><RYUUKYOKU ba="0,1" sc="230,-30,240,10,230,10,290,10" hai1="18,22,27,29,31,78,80,81,85,87" hai2="10,13,16,23,25,30,34,35,89,93,97,120,122" hai3="4,5,6,9,11,88,95,104,106,107" /><INIT seed="1,1,1,5,1,45" ten="200,250,240,300" oya="1" hai0="30,15,74,40,66,101,59,88,71,0,4,61,57" hai1="113,132,95,8,131,100,86,121,29,17,92,106,60" hai2="51,49,117,90,134,46,16,65,96,128,114,105,75" hai3="52,22,39,109,47,54,55,80,50,6,33,9,2"/><U126/><E121/><V107/><F117/><W21/><G33/><T78/><D0/><U129/><E113/><V116/><F116/><W18/><G109/><T36/><D101/><U67/><E29/><V48/><F75/><W104/><G104/><T41/><D30/><U76/><E126/><V63/><F114/><W73/><G18/><T31/><D31/><U68/><E106/><V93/><F128/><N who="1" m="49225" /><E100/><V98/><F16/><W102/><G102/><T58/><D36/><U44/><E132/><V25/><F25/><W99/><G99/><T77/><D74/><U34/><E34/><V125/><F125/><W112/><G112/><T81/><D4/><U12/><E44/><V108/><F108/><W124/><G124/><T115/><D115/><U13/><E12/><V110/><F110/><W133/><G133/><T20/><D15/><U135/><E135/><V119/><F134/><W27/><G27/><T43/><REACH who="0" step="1"/><D20/><REACH who="0" ten="190,250,240,300" step="2"/><U14/><E14/><V62/><F119/><W38/><G22/><T122/><D122/><U37/><E37/><V64/><F107/><W120/><G120/><T82/><D82/><AGARI ba="1,2" hai="8,13,17,60,67,68,76,82,86,92,95" m="49225" machi="82" ten="30,1500,0" yaku="19,1" doraHai="45" who="1" fromWho="0" sc="190,-18,250,38,240,0,300,0" /><INIT seed="1,2,0,1,0,31" ten="172,288,240,300" oya="1" hai0="4,29,44,128,106,69,55,63,134,37,90,123,35" hai1="45,80,39,13,33,6,22,2,64,59,57,77,49" hai2="84,68,94,93,0,113,26,9,98,122,126,74,20" hai3="115,125,73,118,75,62,53,8,18,11,67,99,1"/><U70/><E39/><V131/><F74/><W121/><G121/><T52/><D123/><U103/><E103/><V16/><F122/><W81/><G115/><T5/><D106/><U78/><E78/><V19/><F113/><W43/><G125/><T112/><D112/><U21/><E2/><V87/><F126/><W17/><G118/><T108/><D108/><U50/><E33/><V66/><F131/><W25/><G43/><T119/><D119/><U105/><E105/><V3/><F3/><W71/><G53/><T116/><D128/><U100/><E100/><V92/><F98/><W58/><G71/><T24/><D116/><U86/><E70/><V32/><F32/><W10/><G1/><T120/><D120/><U130/><E59/><V129/><F129/><W7/><G7/><T79/><D79/><U15/><E15/><V83/><F83/><W47/><G47/><T28/><D28/><U89/><E89/><V38/><F38/><W102/><G81/><T51/><D90/><U91/><E91/><V54/><F54/><W135/><G135/><T111/><D134/><U96/><E96/><V34/><F34/><W117/><G117/><T72/><D72/><N who="3" m="27721" /><G25/><T101/><D101/><U27/><E130/><V65/><F68/><W124/><G124/><T97/><D37/><U127/><E127/><V95/><F95/><W41/><G41/><T109/><D109/><U76/><E76/><V36/><F36/><W104/><G104/><T85/><D111/><U60/><E45/><V42/><F42/><W110/><G110/><T46/><D69/><U30/><E6/><RYUUKYOKU ba="2,0" sc="172,-15,288,15,240,-15,300,15" hai1="13,21,22,27,30,49,50,57,60,64,77,80,86" hai3="8,10,11,17,18,58,62,67,99,102" /><INIT seed="1,3,0,2,2,81" ten="157,303,225,315" oya="1" hai0="82,40,117,91,52,14,29,69,21,130,9,13,60" hai1="120,78,57,135,4,132,7,118,22,55,51,49,44" hai2="98,101,27,73,87,83,122,61,41,77,10,54,76" hai3="97,11,74,17,115,34,25,20,42,56,127,96,19"/><U116/><E120/><V104/><F122/><W1/><G115/><T43/><D117/><U94/><E22/><V112/><F112/><W108/><G74/><T121/><D121/><U67/><E78/><V123/><F123/><W66/><G108/><T30/><D130/><U33/><E33/><V58/><F41/><N who="0" m="15946" /><D69/><U103/><E103/><V80/><F27/><W128/><G127/><T39/><D39/><U63/><E51/><V5/><F10/><W23/><G34/><T92/><D82/><U36/><E94/><V70/><F70/><W32/><G32/><T99/><D21/><U86/><E86/><V114/><F114/><W89/><G128/><T62/><D62/><U31/><E31/><N who="0" m="11785" /><D9/><U84/><E84/><V6/><AGARI ba="3,0" hai="5,6,54,58,61,73,76,77,80,83,87,98,101,104" machi="6" ten="30,2000,0" yaku="0,1,52,1" doraHai="81" who="2" fromWho="2" sc="157,-8,303,-13,225,29,315,-8" /><INIT seed="2,0,0,5,5,64" ten="149,290,254,307" oya="2" hai0="127,85,100,6,40,4,58,68,24,30,77,57,1" hai1="8,121,97,133,39,135,106,27,74,69,87,22,14" hai2="110,94,3,88,26,126,23,36,25,103,41,47,59" hai3="129,128,98,10,67,113,45,93,78,73,71,108,80"/><V9/><F126/><W61/><G108/><T95/><D127/><U89/><E74/><V42/><F110/><W20/><G113/><T44/><D68/><U37/><E121/><V92/><F42/><W5/><G20/><T33/><D100/><U0/><E0/><V62/><F103/><W54/><G54/><T123/><D123/><U83/><E69/><V32/><F32/><W119/><G119/><T101/><D101/><U131/><E97/><V43/><F43/><W15/><REACH who="3" step="1"/><G45/><REACH who="3" ten="149,290,254,297" step="2"/><T117/><D117/><U53/><E53/><V75/><F23/><W114/><G114/><T124/><D44/><U122/><E22/><V125/><F125/><W19/><G19/><T102/><D124/><U51/><E8/><V79/><F9/><W34/><G34/><T56/><D33/><U29/><E29/><V90/><F47/><W91/><AGARI ba="0,1" hai="5,10,15,61,67,71,73,78,80,91,93,98,128,129" machi="91" ten="30,4000,0" yaku="1,1,0,1,52,1,53,0" doraHai="64" doraHaiUra="134" who="3" fromWho="3" sc="149,-10,290,-10,254,-20,297,50" /><INIT seed="3,0,0,3,3,34" ten="139,280,234,347" oya="3" hai0="29,89,102,76,116,81,50,108,35,52,123,57,101" hai1="14,114,10,38,9,21,13,20,8,49,3,113,42" hai2="69,45,121,37,95,90,15,92,79,30,51,18,124" hai3="17,1,86,104,60,26,44,12,118,4,115,48,120"/><W97/><G115/><N who="1" m="44042" /><E49/><V27/><F69/><W103/><G118/><T91/><D116/><U19/><E42/><V112/><F112/><W117/><G117/><T107/><D123/><U70/><E38/><V130/><F130/><W134/><G120/><T75/><D108/><U66/><E66/><V6/><F124/><W85/><G134/><T80/><D35/><U128/><E70/><V126/><F126/><W24/><G60/><T132/><D132/><U82/><E82/><V119/><F37/><W59/><G59/><T74/><D29/><U47/><E47/><V87/><F6/><W7/><G7/><T100/><REACH who="0" step="1"/><D107/><REACH who="0" ten="129,280,234,347" step="2"/><U72/><E128/><V22/><F119/><W78/><G104/><T16/><D16/><N who="1" m="10263" /><E72/><V84/><F121/><W122/><G17/><T31/><D31/><U129/><E129/><V67/><F30/><W71/><G122/><T73/><D73/><U11/><N who="1" m="2048" /><DORA hai="32" /><U110/><E110/><V5/><F18/><W0/><G4/><T55/><D55/><U93/><E93/><V111/><F5/><W96/><G85/><T83/><D83/><U105/><E105/><V58/><F87/><W106/><G86/><T25/><D25/><U2/><AGARI ba="0,1" hai="2,3,13,19,21" m="2048,10263,44042" machi="2" ten="50,12000,2" yaku="34,2,52,4,54,1" doraHai="34,32" who="1" fromWho="1" sc="129,-30,280,130,234,-30,347,-60" /><INIT seed="4,0,0,1,4,4" ten="99,410,204,287" oya="0" hai0="0,90,49,69,53,44,115,68,108,132,22,25,7" hai1="58,107,62,83,51,50,127,109,40,61,59,85,130" hai2="17,97,88,37,102,116,87,112,118,12,124,57,41" hai3="5,16,3,91,29,1,103,131,82,11,92,8,65"/><T10/><D115/><U73/><E73/><V123/><F123/><W79/><G131/><T14/><D132/><U76/><E109/><V60/><F112/><W38/><G38/><T20/><D108/><U46/><E107/><V45/><F124/><W121/><G121/><T31/><REACH who="0" step="1"/><D90/><REACH who="0" ten="89,410,204,287" step="2"/><N who="1" m="51519" /><E127/><V64/><F102/><W9/><G103/><T89/><D89/><U52/><E130/><V98/><F116/><W63/><G1/><T28/><D28/><U74/><E76/><V99/><F118/><W133/><G29/><T128/><D128/><U66/><E74/><V104/><F104/><W19/><G133/><T93/><D93/><U100/><E100/><V110/><F110/><W27/><G91/><T105/><D105/><U30/><E30/><V134/><F134/><W125/><G92/><T120/><D120/><U26/><E26/><V39/><F99/><W47/><G125/><T70/><D70/><U13/><E13/><V54/><F97/><W119/><G119/><T56/><D56/><U32/><E32/><V24/><F98/><W129/><G129/><T75/><D75/><U86/><E86/><V35/><F87/><W34/><G3/><T81/><D81/><U78/><E78/><V48/><F88/><W114/><G114/><T15/><D15/><U126/><E126/><V2/><F2/><W84/><G34/><T106/><D106/><U23/><E59/><N who="2" m="36895" /><F24/><W33/><G27/><T111/><D111/><U122/><E122/><V95/><F35/><W94/><G33/><T113/><D113/><U80/><E80/><V18/><F95/><W72/><G94/><RYUUKYOKU ba="0,1" sc="89,30,410,-10,204,-10,287,-10" hai0="0,7,10,14,20,22,25,31,44,49,53,68,69" /><INIT seed="4,1,1,0,5,79" ten="119,400,194,277" oya="0" hai0="45,125,16,41,38,52,12,126,102,111,30,121,5" hai1="54,2,81,39,4,48,7,104,92,129,57,134,98" hai2="74,86,132,36,108,43,82,24,26,91,28,55,1" hai3="84,78,51,120,27,110,46,72,85,14,116,0,103"/><T34/><D121/><U9/><E104/><V124/><F108/><W23/><G116/><T61/><D111/><U13/><E39/><V25/><F124/><N who="0" m="47722" /><D102/><U75/><E129/><V87/><F74/><W114/><G0/><T42/><D5/><U99/><E99/><V94/><F132/><W131/><G110/><T135/><D135/><U130/><E130/><V3/><F28/><W44/><G103/><T64/><D41/><U47/><E134/><V56/><F43/><W107/><G114/><T66/><D30/><U21/><E2/><V11/><F11/><W101/><G107/><T59/><D34/><U29/><E75/><V95/><F36/><W113/><G113/><T115/><D115/><U10/><E10/><AGARI ba="1,1" hai="10,12,16,38,42,45,52,59,61,64,66" m="47722" machi="10" ten="30,5800,0" yaku="18,1,54,2" doraHai="79" who="0" fromWho="1" sc="119,71,400,-61,194,0,277,0" /><INIT seed="4,2,0,1,5,98" ten="190,339,194,277" oya="0" hai0="39,94,115,107,45,89,8,64,122,128,56,63,18" hai1="25,69,79,30,102,5,14,119,80,97,112,117,47" hai2="73,108,28,29,53,20,50,124,101,120,114,90,99" hai3="55,111,33,109,34,41,65,38,125,133,19,40,60"/><T16/><D122/><U121/><E121/><V9/><F108/><W13/><G133/><T96/><D115/><U44/><E69/><V6/><F120/><W88/><G125/><T77/><D128/><U76/><E76/><V131/><F114/><W46/><G41/><T134/><D134/><U72/><E112/><V116/><F124/><W70/><G34/><T24/><D77/><U58/><E58/><V4/><F73/><W110/><G33/><T71/><D107/><U2/><E2/><V132/><F131/><W130/><G130/><T11/><D71/><U67/><E67/><V129/><F129/><W37/><G55/><T43/><REACH who="0" step="1"/><D24/><REACH who="0" ten="180,339,194,277" step="2"/><U35/><E117/><V15/><F116/><W1/><G111/><T51/><D51/><U106/><E119/><V57/><F132/><W92/><G37/><T26/><D26/><U66/><E25/><V7/><F90/><W52/><G109/><T103/><D103/><U21/><E102/><V3/><F3/><W104/><G1/><T36/><D36/><U83/><E79/><V62/><F50/><W54/><G110/><T86/><D86/><U93/><E106/><V95/><REACH who="2" step="1"/><F20/><REACH who="2" ten="180,339,184,277" step="2"/><W27/><G88/><T48/><D48/><U84/><E21/><V22/><F22/><W85/><G38/><T23/><D23/><U135/><E135/><V0/><F0/><W10/><G27/><T118/><D118/><U32/><E32/><V82/><F82/><W17/><G85/><T100/><D100/><U126/><E84/><V105/><F105/><W87/><G104/><T31/><D31/><AGARI ba="2,2" hai="4,6,7,9,15,28,29,31,53,57,62,95,99,101" machi="31" ten="40,5200,0" yaku="1,1,8,1,52,1,53,0" doraHai="98" doraHaiUra="75" who="2" fromWho="0" sc="180,-58,339,0,184,78,277,0" /><INIT seed="5,0,0,4,2,131" ten="122,339,262,277" oya="1" hai0="7,98,112,46,27,19,10,37,40,96,3,15,25" hai1="9,8,50,104,103,55,64,127,47,89,115,23,79" hai2="52,90,2,114,110,93,83,34,133,41,26,120,125" hai3="106,1,121,45,107,35,92,58,122,80,75,63,70"/><U0/><E115/><V113/><F110/><W87/><G35/><T24/><REACH who="0" step="1"/><D112/><REACH who="0" ten="112,339,262,277" step="2"/><U16/><E127/><V18/><F125/><W61/><G122/><T88/><D88/><U95/><E89/><V111/><F120/><W33/><G121/><T21/><AGARI ba="0,1" hai="3,7,10,15,19,21,24,25,27,37,40,46,96,98" machi="21" ten="30,7900,0" yaku="21,2,0,1,53,1" doraHai="131" doraHaiUra="11" who="0" fromWho="0" sc="112,89,339,-39,262,-20,277,-20" /><INIT seed="6,0,0,0,3,78" ten="201,300,242,257" oya="2" hai0="81,99,86,41,132,102,114,40,106,30,125,26,122" hai1="110,126,70,104,94,18,129,90,59,49,35,83,1" hai2="57,69,101,12,123,55,130,113,33,107,112,95,13" hai3="61,25,38,131,109,32,72,23,5,19,9,134,127"/><V135/><F123/><W60/><G109/><T76/><D122/><U65/><E104/><V6/><F107/><W73/><G38/><T31/><D114/><N who="2" m="44138" /><F69/><W64/><G131/><T124/><D132/><U10/><E70/><V84/><F135/><W133/><G127/><T108/><D108/><U0/><E94/><V20/><F33/><W97/><G134/><T92/><D106/><U46/><E35/><V45/><F45/><W21/><G32/><T75/><D75/><U77/><E46/><V56/><F6/><W115/><G115/><T116/><D116/><U37/><E18/><N who="2" m="10311" /><F13/><W11/><G11/><T96/><D124/><U121/><E10/><V2/><F2/><W88/><G21/><T47/><D125/><U15/><E15/><V53/><F130/><W44/><G44/><T52/><D26/><U42/><E0/><V4/><F4/><W43/><G43/><T71/><D71/><U16/><E1/><V80/><F95/><N who="3" m="56551" /><G133/><T128/><D128/><U87/><E129/><V89/><F101/><W118/><G118/><T111/><D111/><U68/><E68/><V58/><AGARI ba="0,0" hai="53,55,56,57,58,80,84,89" m="10311,44138" machi="58" ten="30,3000,0" yaku="15,1,52,1" doraHai="78" who="2" fromWho="2" sc="201,-10,300,-10,242,30,257,-10" /><INIT seed="6,1,0,3,1,26" ten="191,290,272,247" oya="2" hai0="102,16,18,13,5,85,9,115,20,101,89,81,64" hai1="134,77,49,71,74,105,135,112,65,32,58,114,33" hai2="68,91,93,12,53,90,87,131,40,4,59,69,67" hai3="21,70,132,76,7,47,86,79,34,106,104,22,14"/><V133/><F133/><N who="1" m="50697" /><E105/><V44/><F131/><W82/><G132/><T127/><D115/><N who="1" m="44075" /><E71/><V1/><F1/><W108/><G34/><N who="1" m="13418" /><E49/><V117/><F68/><W83/><G70/><T88/><D127/><U45/><E45/><V98/><F67/><W43/><G108/><T30/><D64/><U38/><E38/><V92/><F117/><W119/><G119/><T23/><D89/><U72/><E77/><V96/><F69/><W66/><G66/><T57/><D57/><U129/><E129/><V60/><F87/><N who="3" m="48583" /><G104/><T111/><D111/><U17/><E17/><N who="0" m="6761" /><D20/><U80/><E80/><V126/><F126/><W128/><G106/><T31/><D23/><U35/><N who="1" m="13426" /><U100/><DORA hai="39" /><E100/><AGARI ba="1,0" hai="5,9,13,30,31,81,85,88,100,101,102" m="6761" machi="100" ten="30,8000,1" yaku="8,1,52,2,54,2" doraHai="26,39" who="0" fromWho="1" sc="191,83,290,-83,272,0,247,0" /><INIT seed="7,0,0,3,1,118" ten="274,207,272,247" oya="3" hai0="55,12,34,80,52,65,30,82,103,62,7,101,108" hai1="3,53,86,89,92,46,57,95,9,36,77,60,25" hai2="93,54,63,112,128,113,122,111,78,131,123,35,61" hai3="90,39,116,129,81,67,117,79,21,130,70,64,15"/><W31/><G39/><T115/><D108/><U29/><E77/><V94/><F78/><W40/><G40/><T19/><D7/><U121/><E36/><V73/><F35/><W96/><G90/><T119/><D119/><N who="3" m="45641" /><G70/><T105/><D115/><U5/><E46/><V85/><F73/><W4/><G96/><N who="0" m="61607" /><D103/><U38/><E38/><V125/><F111/><W76/><G76/><T83/><D83/><U42/><E42/><V134/><F134/><W97/><G97/><T33/><D33/><U132/><E132/><V13/><F13/><W72/><G31/><T10/><D82/><U88/><E121/><V120/><F85/><W102/><G102/><T124/><D80/><U17/><E17/><V98/><F125/><W43/><G43/><T44/><D124/><U84/><REACH who="1" step="1"/><E25/><REACH who="1" ten="274,197,272,247" step="2"/><V68/><F123/><W71/><G4/><T110/><D110/><U58/><E58/><V32/><F122/><W41/><G41/><T135/><D135/><U8/><E8/><V26/><F120/><W126/><G126/><T56/><D56/><U0/><E0/><V49/><F26/><W127/><G127/><T107/><D44/><U74/><E74/><V75/><F75/><W133/><G133/><T16/><D19/><U66/><E66/><N who="3" m="25130" /><G71/><N who="0" m="42423" /><D107/><U106/><E106/><V2/><F68/><W20/><G15/><T109/><D109/><U104/><E104/><V14/><F14/><W69/><G69/><T37/><D37/><U99/><E99/><V91/><F98/><W11/><G11/><T87/><D10/><U22/><E22/><V28/><F2/><W59/><G59/><RYUUKYOKU ba="0,1" sc="274,-15,197,15,272,-15,247,15" hai1="3,5,9,29,53,57,60,84,86,88,89,92,95" hai3="20,21,72,79,81,129,130" /><INIT seed="7,1,1,4,0,66" ten="259,212,257,262" oya="3" hai0="113,82,128,65,80,26,99,55,134,37,84,60,94" hai1="33,14,112,8,98,40,109,102,47,89,116,91,85" hai2="67,130,118,34,15,119,48,53,126,70,125,64,72" hai3="104,114,42,1,57,68,18,133,107,108,22,81,0"/><W92/><G68/><T27/><D37/><U100/><E109/><V9/><F34/><W120/><G120/><T3/><D3/><U62/><E33/><V30/><F30/><W28/><G28/><T41/><D41/><U39/><E112/><V101/><F101/><W90/><G114/><T11/><D113/><U132/><E132/><V16/><F72/><W35/><G35/><T97/><D134/><U23/><E23/><V88/><F88/><W71/><G71/><T79/><D55/><U58/><E116/><N who="2" m="44587" /><F70/><W111/><G133/><T83/><D128/><U51/><E39/><V7/><F7/><W123/><G123/><T93/><D11/><U5/><E98/><V131/><F64/><W49/><G81/><N who="0" m="31339" /><D99/><U76/><E76/><V25/><F67/><W31/><G31/><T110/><D110/><N who="3" m="42025" /><G0/><T129/><D129/><N who="2" m="49162" /><F25/><N who="0" m="9226" /><D97/><U43/><E43/><V96/><F96/><N who="3" m="57367" /><G1/><T117/><D117/><U73/><E73/><V17/><F17/><W54/><G42/><T29/><D29/><U59/><E91/><V45/><AGARI ba="1,1" hai="9,15,16,45,48,53,125,126" m="49162,44587" machi="45" ten="40,2700,0" yaku="19,1,54,1" doraHai="66" who="2" fromWho="2" sc="259,-8,212,-8,257,40,262,-14" /><INIT seed="8,0,0,0,4,120" ten="251,204,297,248" oya="0" hai0="123,42,31,122,132,50,113,17,78,68,62,0,110" hai1="6,112,60,129,43,55,80,33,114,107,87,74,16" hai2="89,38,54,47,96,67,24,48,121,41,53,40,70" hai3="34,109,63,130,18,108,84,12,61,21,22,15,25"/><T133/><D113/><N who="1" m="43627" /><E74/><V115/><F115/><W51/><G130/><T59/><D0/><U1/><E129/><V94/><F121/><W10/><G51/><T82/><D31/><U64/><E107/><V102/><F53/><W37/><G37/><T88/><D110/><N who="3" m="42601" /><G63/><T99/><D17/><U20/><E33/><V134/><F134/><N who="0" m="51818" /><D68/><N who="1" m="41991" /><E55/><V79/><F41/><W2/><G84/><N who="0" m="50199" /><D99/><U35/><E35/><V57/><F79/><W69/><G61/><T13/><D13/><N who="3" m="5193" /><G69/><T4/><D78/><N who="1" m="46487" /><E43/><V106/><F24/><W28/><G18/><T116/><D42/><U103/><E103/><V3/><F70/><W8/><G2/><T105/><D50/><U7/><E1/><V39/><F3/><W118/><G118/><T44/><D116/><U75/><E75/><V135/><F135/><W119/><G119/><T32/><D105/><U101/><E101/><V14/><F67/><W127/><G127/><T124/><D124/><U29/><E29/><V5/><F39/><W95/><G95/><T72/><D72/><U90/><E90/><V76/><F76/><W49/><G49/><T73/><D73/><U83/><E83/><V111/><F111/><W30/><G30/><T46/><D122/><U100/><E100/><V9/><F106/><W11/><AGARI ba="0,0" hai="8,10,11,21,22,25,28,34" m="5193,42601" machi="11" ten="40,8000,1" yaku="34,2,52,3" doraHai="120" who="3" fromWho="3" sc="251,-40,204,-20,297,-20,248,80" owari="211,-19.0,184,-32.0,277,8.0,328,43.0" /></mjloggm>