<mjloggm ver="2.3"><GO type="169" lobby="0"/><UN n0="%E3%81%BF%E3%83%BC%E3%82%8B" n1="%E3%82%A6%E3%83%AB%E3%83%88%E3%83%A9%E7%AB%8B%E7%9B%B4" n2="%63%72%69%74%74%65%72" n3="%E3%80%93%E3%81%84%E3%81%A1%E3%81%AF%E3%82%89%E3%80%93" dan="16,18,17,18" rate="2115.72,2246.60,2159.81,2312.24" sx="F,M,M,M"/><TAIKYOKU oya="0"/><INIT seed="0,0,0,5,3,70" ten="250,250,250,250" oya="0" hai0="0,133,11,95,25,6,64,97,49,128,39,81,86" hai1="24,28,74,71,19,72,66,127,42,116,37,5,4" hai2="12,109,67,1,47,131,103,111,40,31,104,22,94" hai3="84,55,113,68,32,79,76,18,99,17,56,45,115"/><T87/><D87/><U125/><BYE who="0" /><E116/><V69/><F1/><W27/><G68/><T21/><D21/><U62/><E19/><V58/><F104/><W46/><G99/><T101/><D101/><U13/><E13/><V8/><F69/><W9/><G84/><T120/><D120/><U2/><E5/><V78/><F131/><W7/><G56/><T119/><D119/><U33/><E4/><V91/><F103/><W36/><G7/><T112/><D112/><U44/><REACH who="1" step="1"/><E2/><REACH who="1" ten="250,240,250,250" step="2"/><UN n0="%E3%81%BF%E3%83%BC%E3%82%8B" /><V89/><F12/><W73/><G18/><T38/><D128/><U54/><E54/><V85/><F109/><W14/><G55/><T35/><D133/><U88/><E88/><V102/><F91/><W124/><G17/><T134/><D49/><U10/><E10/><V34/><F8/><W100/><G14/><T30/><D64/><U75/><AGARI ba="0,1" hai="24,28,33,37,42,44,62,66,71,72,74,75,125,127" machi="75" ten="40,8000,1" yaku="1,1,0,1,23,2,52,1,53,0" doraHai="70" doraHaiUra="82" who="1" fromWho="1" sc="250,-40,240,90,250,-20,250,-20" /><INIT seed="1,0,0,1,5,83" ten="210,330,230,230" oya="1" hai0="102,87,112,90,55,52,36,99,30,47,19,110,73" hai1="10,75,126,15,127,94,117,31,29,33,14,105,89" hai2="62,65,64,121,45,74,129,58,108,23,104,81,115" hai3="57,69,82,131,28,25,97,109,53,72,60,79,43"/><U88/><E105/><V0/><F121/><W2/><G109/><T113/><D73/><U91/><E75/><V71/><F104/><W27/><G131/><T44/><D110/><U101/><E117/><V128/><F108/><W16/><G2/><T54/><D30/><N who="1" m="11275" /><E33/><V133/><F0/><W48/><G97/><T35/><D35/><U39/><E39/><V98/><F23/><W118/><G118/><T42/><D44/><U130/><E130/><N who="2" m="50283" /><F98/><W80/><G80/><T93/><REACH who="0" step="1"/><D19/><REACH who="0" ten="200,330,230,230" step="2"/><U120/><E120/><V13/><F74/><W22/><G43/><T21/><D21/><U3/><E127/><V78/><F45/><W51/><REACH who="3" step="1"/><G69/><REACH who="3" ten="200,330,230,220" step="2"/><T46/><D46/><U1/><E126/><V95/><F71/><W76/><G76/><T63/><D63/><U41/><E41/><V12/><F78/><W49/><G49/><T123/><D123/><U37/><E37/><V56/><F62/><W132/><G132/><T96/><D96/><N who="1" m="59543" /><E3/><V85/><F133/><W107/><G107/><AGARI ba="0,2" hai="36,42,47,52,54,55,87,90,93,99,102,107,112,113" machi="107" ten="40,5200,0" yaku="1,1,52,1,54,1,53,0" doraHai="83" doraHaiUra="116" who="0" fromWho="3" sc="200,72,330,0,230,0,220,-52" /><INIT seed="2,0,0,3,3,6" ten="272,330,230,168" oya="2" hai0="20,110,11,69,7,52,84,131,80,47,50,59,67" hai1="72,115,87,89,82,23,8,105,10,123,64,120,98" hai2="116,51,85,2,26,12,107,126,1,90,22,99,66" hai3="19,135,25,93,71,39,9,62,132,81,83,33,40"/><V76/><F116/><W74/><G93/><T41/><D131/><U95/><E115/><V79/><F126/><W36/><G71/><T97/><D110/><U86/><E64/><V24/><F66/><W91/><G62/><T17/><D97/><U60/><E60/><V38/><F38/><W0/><G91/><T34/><D34/><U3/><E23/><V119/><F119/><W88/><G83/><T14/><D67/><U15/><E3/><V124/><F124/><W21/><G33/><T78/><D69/><U118/><E118/><V75/><F75/><W27/><G27/><T111/><D111/><U18/><E10/><V58/><F1/><W94/><G81/><T113/><D113/><U109/><E109/><V37/><F37/><W133/><G40/><T128/><D128/><U100/><E87/><V106/><F2/><W101/><G101/><T68/><D68/><U73/><E73/><V70/><F70/><W48/><G48/><N who="0" m="31111" /><D20/><U125/><E125/><V53/><F107/><W46/><G46/><T65/><D65/><U35/><E35/><V122/><F122/><W61/><G61/><T45/><D45/><U134/><E134/><V108/><F108/><W29/><G74/><T130/><D130/><U121/><REACH who="1" step="1"/><E72/><REACH who="1" ten="272,320,230,168" step="2"/><V42/><F22/><W16/><G0/><T127/><D127/><U32/><E32/><V56/><F85/><N who="3" m="52495" /><G29/><T5/><AGARI ba="0,1" hai="5,7,11,14,17,41,47,50,78,80,84" m="31111" machi="5" ten="30,4000,0" yaku="8,1,52,1,54,1" doraHai="6" who="0" fromWho="0" sc="272,50,320,-10,230,-20,168,-10" /><INIT seed="3,0,0,4,1,44" ten="322,310,210,158" oya="3" hai0="9,59,5,98,122,114,35,58,71,11,8,128,110" hai1="46,84,20,95,125,111,40,16,77,26,99,120,66" hai2="132,34,87,116,82,57,45,88,29,54,56,73,28" hai3="1,118,69,37,89,94,62,12,53,103,96,90,101"/><W135/><G118/><T14/><D71/><U6/><E120/><V85/><F116/><W33/><G1/><T41/><D122/><U15/><E111/><V119/><F119/><W67/><G135/><T3/><D110/><U75/><E75/><V24/><F73/><W115/><G115/><T63/><D35/><U108/><E66/><V78/><F132/><W123/><G123/><T81/><D128/><U134/><E125/><V106/><F106/><W50/><G37/><T31/><D31/><U121/><E121/><V65/><F29/><W104/><G33/><T27/><D27/><U4/><E108/><V92/><REACH who="2" step="1"/><F65/><REACH who="2" ten="322,310,200,158" step="2"/><W47/><G104/><T124/><D124/><U64/><E64/><V48/><AGARI ba="0,1" hai="24,28,34,45,48,54,56,57,78,82,85,87,88,92" machi="48" ten="30,8000,1" yaku="1,1,2,1,0,1,52,1,54,1,53,0" doraHai="44" doraHaiUra="105" who="2" fromWho="2" sc="322,-20,310,-20,200,90,158,-40" /><INIT seed="4,0,0,4,1,124" ten="302,290,290,118" oya="0" hai0="13,32,120,42,91,104,133,103,67,58,49,52,74" hai1="107,10,72,57,127,33,43,19,130,114,60,26,23" hai2="50,65,81,64,118,79,5,98,96,27,92,99,134" hai3="68,30,53,105,4,59,115,47,108,3,125,77,88"/><T12/><D120/><U61/><E107/><V22/><F134/><W85/><G108/><T9/><D32/><U129/><E72/><V15/><F118/><W66/><G125/><T63/><D133/><U2/><E127/><V97/><F50/><W113/><G105/><T117/><D74/><U87/><E43/><V90/><F15/><W24/><G77/><T110/><D117/><U31/><E87/><N who="2" m="48575" /><F5/><W69/><G47/><T54/><D110/><U62/><E57/><V8/><F8/><W44/><G44/><N who="0" m="25751" /><D104/><U34/><E114/><V11/><F11/><W17/><G66/><T40/><D103/><U128/><E19/><AGARI ba="0,0" hai="19,22,27,64,65,90,92,96,97,98,99" m="48575" machi="19" ten="30,1000,0" yaku="8,1" doraHai="124" who="2" fromWho="1" sc="302,0,290,-10,290,10,118,0" /><INIT seed="5,0,0,3,3,39" ten="302,280,300,118" oya="1" hai0="109,50,53,84,122,62,33,107,60,13,102,89,119" hai1="23,12,21,123,126,11,35,43,130,2,72,18,61" hai2="27,42,77,76,36,93,41,30,38,45,25,64,47" hai3="108,58,127,69,116,128,34,83,110,114,68,133,90"/><U17/><E72/><V134/><F134/><W1/><RYUUKYOKU type="yao9" ba="0,0" sc="302,0,280,0,300,0,118,0" hai3="1,34,58,68,69,83,90,108,110,114,116,127,128,133" /><INIT seed="5,1,0,5,4,92" ten="302,280,300,118" oya="1" hai0="15,69,131,27,41,0,121,96,128,133,114,76,21" hai1="39,66,23,70,105,14,54,80,81,130,17,30,40" hai2="1,99,86,71,73,123,38,117,51,109,18,29,33" hai3="47,125,127,8,134,55,112,97,46,52,72,129,113"/><U45/><E130/><N who="0" m="49705" /><D69/><U107/><E30/><V32/><F109/><W78/><G129/><T68/><D68/><U62/><E81/><V63/><F73/><W95/><G134/><T126/><D133/><U25/><E80/><V103/><F38/><W61/><G8/><T83/><D126/><N who="3" m="48137" /><G78/><T135/><D135/><U87/><E87/><V110/><F110/><W5/><G72/><T101/><D0/><U44/><E14/><V79/><F117/><W37/><G5/><T120/><D15/><U60/><E60/><V4/><F123/><W124/><N who="3" m="48145" /><W35/><DORA hai="48" /><G35/><T98/><D41/><U36/><E54/><N who="3" m="20522" /><G61/><T16/><D101/><U102/><E102/><V56/><F103/><N who="3" m="60863" /><G37/><T94/><D94/><U9/><E9/><V116/><F63/><W12/><G12/><T100/><D100/><U89/><E89/><V84/><F4/><W75/><G75/><N who="0" m="43423" /><D114/><AGARI ba="1,0" hai="46,47,112,113,114" m="60863,20522,48145" machi="114" ten="50,12000,2" yaku="15,1,18,1,52,4,54,1" doraHai="92,48" who="3" fromWho="0" sc="302,-123,280,0,300,0,118,123" /><INIT seed="6,0,0,3,2,22" ten="179,280,300,241" oya="2" hai0="1,96,36,119,95,103,29,84,52,10,74,11,122" hai1="132,92,114,60,9,127,88,121,7,46,80,54,113" hai2="16,53,116,64,79,73,86,82,68,102,75,107,78" hai3="124,8,14,134,123,81,38,105,99,43,62,118,112"/><V135/><F116/><W31/><G118/><T45/><D74/><U69/><E80/><V48/><F135/><W47/><G134/><T131/><D119/><U21/><E132/><V57/><F68/><W98/><G123/><T70/><D70/><U39/><E21/><V72/><F64/><W19/><G124/><T91/><D131/><U25/><E25/><V104/><F102/><W65/><G112/><T101/><D122/><U120/><E127/><V130/><F130/><W41/><G41/><T0/><D0/><U13/><E39/><V34/><F34/><W89/><G31/><T32/><D101/><U83/><E83/><V3/><F3/><W27/><G27/><T97/><D97/><N who="1" m="57479" /><E46/><V51/><F78/><W28/><G105/><T26/><D1/><U18/><E7/><V71/><F71/><W109/><G28/><T66/><D66/><N who="1" m="41159" /><E54/><V37/><F37/><W23/><G23/><T50/><REACH who="0" step="1"/><D36/><REACH who="0" ten="169,280,300,241" step="2"/><U133/><E133/><V87/><F73/><W35/><G38/><T76/><D76/><U5/><E121/><V20/><F72/><W94/><G99/><T129/><D129/><U117/><E120/><V2/><F2/><W61/><G65/><T59/><D59/><U85/><E117/><V6/><F75/><W40/><G98/><T115/><D115/><U128/><E128/><V100/><F100/><W17/><G109/><T110/><D110/><U93/><E113/><V58/><F57/><W56/><G56/><T90/><D90/><N who="1" m="53455" /><E114/><V4/><F79/><W111/><G111/><T24/><D24/><U77/><E77/><V125/><F58/><RYUUKYOKU ba="0,1" sc="169,15,280,15,300,-15,241,-15" hai0="10,11,26,29,32,45,50,52,84,91,95,96,103" hai1="5,9,13,18" /><INIT seed="7,1,1,3,0,53" ten="184,295,285,226" oya="3" hai0="69,37,104,66,41,9,11,103,3,97,94,34,123" hai1="92,73,95,59,130,118,17,36,125,16,26,76,18" hai2="42,7,62,2,135,45,133,44,64,52,38,129,68" hai3="0,91,131,113,119,111,49,77,85,29,107,28,46"/><W112/><G119/><T80/><D123/><U67/><E36/><V19/><F129/><W121/><G121/><T105/><D11/><U79/><E73/><V60/><F2/><W54/><G131/><T84/><D34/><U70/><E70/><N who="2" m="42247" /><F19/><N who="1" m="7241" /><E130/><V75/><F7/><W24/><G107/><T39/><D94/><N who="1" m="35883" /><E125/><V21/><F21/><W82/><G111/><T23/><D23/><N who="1" m="13687" /><E118/><V63/><F75/><W32/><G0/><T90/><D104/><U108/><E108/><V87/><F87/><W48/><G32/><T120/><D120/><U134/><E134/><N who="2" m="51211" /><F68/><W47/><G85/><T99/><D99/><U132/><E132/><V78/><F78/><W106/><G77/><T101/><D101/><U14/><E14/><V117/><F117/><W27/><G106/><T8/><D39/><U25/><E25/><V114/><F114/><W58/><G27/><T57/><D69/><U50/><E50/><AGARI ba="1,1" hai="38,42,44,45,50,52,62,63" m="51211,42247" machi="50" ten="30,7700,0" yaku="20,1,34,2,54,1" doraHai="53" who="2" fromWho="1" sc="184,0,295,-80,285,90,226,0" owari="184,-32.0,215,-18.0,375,47.0,226,3.0" /></mjloggm>