<mjloggm ver="2.3"><GO type="169" lobby="0"/><UN n0="%E3%81%8D%E3%82%89%E3%82%89%33%39%37" n1="%6E%79%61%73%75%76%69" n2="%E3%83%88%E3%83%88%E3%83%AA%E5%85%88%E7%94%9F%31%39%E6%AD%B3" n3="%E9%80%A3%E5%88%BB" dan="16,17,19,16" rate="2052.96,2148.15,2289.48,2100.06" sx="M,M,F,M"/><TAIKYOKU oya="0"/><INIT seed="0,0,0,1,0,91" ten="250,250,250,250" oya="0" hai0="100,42,129,132,4,44,65,76,41,99,121,36,71" hai1="29,104,77,109,49,25,130,67,117,12,96,30,112" hai2="79,32,18,40,107,52,50,56,47,70,48,78,0" hai3="127,110,114,98,84,20,69,10,123,134,105,83,133"/><T80/><D121/><U81/><E117/><V125/><F107/><W7/><G69/><T2/><D42/><U24/><E109/><V75/><F70/><W89/><G114/><T38/><D132/><N who="3" m="50793" /><G110/><T115/><D115/><U119/><E119/><V11/><F32/><W101/><G123/><T17/><D17/><U128/><E112/><V28/><F28/><W135/><N who="3" m="50801" /><W87/><DORA hai="16" /><G20/><T34/><D34/><U27/><E30/><V86/><F75/><W61/><G61/><T58/><D58/><U97/><E29/><V62/><F125/><W31/><G31/><T21/><D129/><U46/><E128/><V23/><F0/><N who="3" m="359" /><G87/><T22/><D38/><U66/><E130/><V15/><F86/><W3/><G3/><T33/><D33/><U131/><E131/><V51/><REACH who="2" step="1"/><F11/><REACH who="2" ten="250,250,240,250" step="2"/><W103/><G103/><T126/><D126/><AGARI ba="0,1" hai="83,84,89,98,101,105,126,127" m="359,50801" machi="126" ten="40,1300,0" yaku="20,1" doraHai="91,16" who="3" fromWho="0" sc="250,-13,250,0,240,0,250,23" /><INIT seed="1,0,0,5,4,73" ten="237,250,240,273" oya="1" hai0="57,35,41,15,61,33,121,22,64,34,27,93,123" hai1="119,51,50,128,49,11,125,67,23,114,108,52,62" hai2="36,109,45,19,98,134,44,110,26,84,75,81,30" hai3="20,72,90,32,130,54,118,91,103,97,89,0,42"/><U4/><E114/><V104/><F75/><W10/><G32/><T46/><D15/><U113/><E113/><V56/><F134/><W88/><G130/><T105/><D105/><U135/><E119/><V53/><F19/><W29/><G72/><T96/><D46/><U59/><E128/><V9/><F9/><W65/><G118/><T78/><D41/><U1/><E135/><V80/><F80/><W76/><G42/><T68/><D68/><U16/><E125/><V43/><F45/><W85/><G65/><T12/><D12/><U82/><E108/><V122/><F98/><W100/><G0/><T131/><D78/><U99/><E99/><V58/><F104/><W14/><G54/><T120/><D131/><U126/><E82/><V77/><F122/><W127/><G127/><T101/><REACH who="0" step="1"/><D35/><REACH who="0" ten="227,250,240,273" step="2"/><U112/><E112/><V132/><F132/><W133/><G76/><T8/><D8/><U86/><E126/><V116/><F116/><W39/><G14/><T2/><D2/><U71/><REACH who="1" step="1"/><E86/><REACH who="1" ten="227,240,240,273" step="2"/><V107/><F84/><W63/><G85/><T94/><D94/><U38/><E38/><V79/><F81/><W87/><G87/><T92/><D92/><U60/><E60/><N who="2" m="35855" /><F107/><W124/><G124/><T111/><D111/><N who="2" m="42506" /><F79/><W55/><G133/><T70/><D70/><U21/><E21/><N who="2" m="15695" /><F77/><W115/><G115/><T48/><D48/><U74/><E74/><V129/><F129/><W95/><G95/><T24/><D24/><AGARI ba="0,2" hai="1,4,11,16,23,24,49,50,51,52,59,62,67,71" machi="24" ten="30,11600,0" yaku="1,1,7,1,54,2,53,0" doraHai="73" doraHaiUra="106" who="1" fromWho="0" sc="227,-116,240,136,240,0,273,0" /><INIT seed="1,1,0,0,3,100" ten="111,376,240,273" oya="1" hai0="18,38,79,76,31,52,80,37,7,127,43,65,32" hai1="22,20,61,70,112,21,69,88,41,115,107,109,51" hai2="17,122,92,133,39,8,11,75,132,73,13,4,111" hai3="24,74,128,101,124,82,108,5,119,123,19,64,16"/><U49/><E88/><V66/><F39/><W33/><G123/><T85/><D127/><U96/><E61/><V84/><F122/><W131/><G124/><T6/><D65/><U59/><E59/><V102/><F111/><W68/><G108/><T120/><D120/><U86/><E86/><V56/><F56/><W78/><G5/><T97/><D79/><U87/><E87/><V90/><F66/><W23/><G33/><T46/><D38/><U28/><E109/><V9/><F102/><W103/><G19/><T114/><D114/><N who="1" m="43563" /><E96/><V35/><F35/><W10/><G10/><T47/><D18/><U106/><E41/><V45/><F9/><W1/><G1/><T30/><D97/><U48/><E28/><V60/><F60/><N who="3" m="39943" /><G119/><T129/><D129/><AGARI ba="1,0" hai="16,23,24,74,78,82,101,103,128,129,131" m="39943" machi="129" ten="30,2000,0" yaku="19,1,54,1" doraHai="100" who="3" fromWho="0" sc="111,-23,376,0,240,0,273,23" /><INIT seed="2,0,0,4,0,129" ten="88,376,240,296" oya="2" hai0="89,98,114,111,72,60,51,16,55,53,31,6,35" hai1="106,121,88,77,92,126,119,85,21,133,37,71,43" hai2="23,15,109,34,8,103,97,82,52,68,39,24,10" hai3="113,0,131,29,49,3,87,14,18,128,96,7,90"/><V65/><F39/><W27/><G96/><T79/><D114/><U17/><E119/><V2/><F2/><N who="3" m="555" /><G90/><T78/><D6/><U46/><E71/><V64/><F109/><W124/><G87/><T45/><D111/><U127/><E106/><V86/><F34/><N who="3" m="20799" /><G49/><T33/><D31/><U62/><E62/><V116/><F116/><W108/><G108/><T36/><D36/><U125/><E77/><V38/><F38/><W94/><G94/><T26/><D35/><U74/><E74/><V93/><F68/><W4/><G124/><T70/><D33/><U102/><E102/><V80/><F52/><W57/><G57/><N who="0" m="34863" /><D72/><U135/><E121/><V58/><F80/><W122/><G113/><T95/><D70/><U12/><AGARI ba="0,0" hai="12,17,21,37,43,46,85,88,92,125,126,127,133,135" machi="12" ten="40,8000,1" yaku="0,1,18,1,52,2,54,1" doraHai="129" who="1" fromWho="1" sc="88,-20,376,80,240,-40,296,-20" /><INIT seed="3,0,0,1,1,22" ten="68,456,200,276" oya="3" hai0="47,45,31,48,131,112,57,89,40,100,37,73,58" hai1="88,118,59,55,113,70,9,64,69,93,134,80,76" hai2="104,24,130,51,35,83,109,124,114,25,19,6,7" hai3="132,15,105,85,11,77,63,42,127,120,122,119,10"/><W129/><G119/><T68/><D73/><U56/><E113/><V43/><F104/><W94/><G105/><T116/><D116/><U97/><E118/><V46/><F114/><W98/><G132/><T26/><D112/><U21/><E134/><V74/><F109/><W17/><G129/><T38/><D131/><U44/><E44/><V18/><F130/><W102/><G127/><T71/><D100/><U75/><E64/><V125/><F35/><W1/><G42/><N who="0" m="22735" /><D26/><N who="2" m="10346" /><F7/><W29/><G29/><T54/><D89/><U65/><E65/><V81/><F6/><W117/><G117/><T33/><D31/><U82/><E69/><N who="0" m="26697" /><D33/><U115/><E70/><V135/><F135/><W12/><G1/><T49/><D58/><U107/><E59/><V53/><F43/><W0/><G0/><T121/><D121/><U66/><E115/><V103/><F103/><W41/><G41/><T20/><D20/><U30/><E21/><V16/><F74/><W14/><G122/><T90/><D90/><U36/><E88/><V108/><F108/><W84/><G120/><T13/><D13/><U3/><E3/><V91/><F125/><W95/><G15/><T106/><D106/><U39/><E75/><V99/><F124/><W67/><G77/><T111/><D111/><U79/><E107/><V96/><F91/><W27/><G14/><T110/><D110/><U23/><E79/><V78/><F78/><W128/><G12/><T2/><D2/><U61/><E76/><V92/><F92/><W4/><G95/><T28/><D28/><U72/><E93/><V126/><F126/><RYUUKYOKU ba="0,0" sc="68,15,456,-15,200,15,276,-15" hai0="38,40,47,48,49,54,57" hai2="16,18,19,46,51,53,81,83,96,99" /><INIT seed="4,1,0,5,5,8" ten="83,441,215,261" oya="0" hai0="94,10,92,101,130,78,43,73,48,9,35,117,66" hai1="40,45,75,122,44,123,59,62,23,50,99,98,80" hai2="5,26,121,103,1,111,46,68,15,19,11,127,7" hai3="47,71,83,97,30,84,93,119,21,133,39,13,28"/><T128/><D117/><U57/><E75/><V61/><F111/><W64/><G133/><T107/><D35/><U53/><E80/><V25/><F121/><W132/><G132/><T4/><D66/><U33/><E33/><V69/><F127/><W115/><G115/><T12/><D107/><U79/><E79/><V70/><F103/><W51/><G39/><T41/><D73/><U72/><E72/><V105/><F105/><W34/><G64/><T16/><D78/><U3/><E3/><V129/><F129/><N who="0" m="49770" /><D48/><U60/><E23/><V74/><F74/><W85/><G71/><T18/><D18/><U104/><E104/><V81/><F81/><W27/><G83/><T86/><D86/><U14/><E50/><V17/><F17/><W95/><G95/><N who="0" m="36395" /><D101/><U55/><E40/><V36/><F7/><W37/><G37/><T131/><N who="0" m="49778" /><T31/><DORA hai="2" /><D31/><U110/><E110/><V77/><F77/><W126/><G34/><T32/><D32/><U120/><E120/><V89/><F89/><W67/><G30/><T87/><D87/><U38/><E38/><V63/><F63/><W56/><G67/><T6/><D6/><U42/><E42/><V82/><F61/><W102/><G85/><T49/><D49/><U118/><E118/><V91/><F91/><W24/><G84/><T113/><D113/><U135/><E135/><V96/><F96/><W125/><G97/><T58/><D58/><U54/><E54/><V124/><F82/><W112/><G112/><T20/><D9/><U0/><E0/><AGARI ba="1,0" hai="0,4,10,12,16,20,41,43" m="36395,49778" machi="0" ten="40,12000,1" yaku="19,1,52,2,54,1" doraHai="8,2" who="0" fromWho="1" sc="83,123,441,-123,215,0,261,0" /><INIT seed="4,2,0,1,5,101" ten="206,318,215,261" oya="0" hai0="116,83,8,29,80,127,103,69,48,21,25,131,43" hai1="33,60,120,9,114,89,82,115,59,36,130,27,18" hai2="31,17,113,37,20,125,133,73,93,88,35,3,61" hai3="22,65,123,45,14,112,110,85,76,56,122,75,135"/><T47/><D116/><U66/><E120/><N who="3" m="46122" /><G110/><T57/><D69/><U119/><E119/><V81/><F37/><W86/><G135/><T63/><D127/><U90/><E36/><V41/><F3/><W39/><G112/><N who="1" m="43050" /><E130/><V109/><F109/><W38/><G75/><T19/><D131/><U74/><E9/><V0/><F41/><N who="3" m="22711" /><G76/><T12/><REACH who="0" step="1"/><D103/><REACH who="0" ten="196,318,215,261" step="2"/><U95/><E74/><V106/><F125/><W94/><G39/><T107/><D107/><U132/><E132/><V92/><F106/><W49/><G94/><T2/><D2/><U62/><E95/><V30/><F0/><W50/><G86/><T128/><D128/><U64/><E82/><V5/><F133/><W24/><G85/><T40/><D40/><U77/><E77/><V67/><F113/><W100/><G100/><T28/><D28/><N who="1" m="19615" /><E18/><V117/><F117/><W54/><G50/><T16/><D16/><U46/><E90/><V71/><F93/><W15/><G49/><T126/><D126/><U32/><E89/><V1/><F92/><W118/><G118/><T52/><AGARI ba="2,1" hai="8,12,19,21,25,29,43,47,48,52,57,63,80,83" machi="52" ten="20,18000,2" yaku="1,1,0,1,7,1,8,1,54,1,53,1" doraHai="101" doraHaiUra="6" who="0" fromWho="0" sc="196,196,318,-62,215,-62,261,-62" /><INIT seed="4,3,0,3,4,17" ten="392,256,153,199" oya="0" hai0="106,135,79,39,104,124,127,122,38,133,7,64,112" hai1="132,59,42,77,16,75,55,37,3,20,13,87,62" hai2="2,115,53,93,18,102,28,119,14,52,61,97,48" hai3="84,70,125,86,123,32,63,81,34,105,45,23,50"/><T99/><D122/><U66/><E132/><N who="0" m="50761" /><D7/><U76/><E75/><V51/><F2/><W109/><G109/><T128/><D64/><U49/><E3/><V120/><F120/><W47/><G105/><N who="0" m="40555" /><D112/><U26/><E87/><V101/><F115/><W19/><G86/><T4/><D4/><U78/><E37/><N who="0" m="13833" /><D79/><U85/><E42/><V71/><F119/><W29/><G84/><T36/><N who="0" m="13841" /><T126/><DORA hai="10" /><D99/><U72/><E72/><V65/><F28/><W90/><G29/><T108/><D108/><U15/><REACH who="1" step="1"/><E85/><REACH who="1" ten="392,246,153,199" step="2"/><V25/><F25/><W80/><G123/><T73/><D73/><U11/><E11/><V57/><F102/><W113/><G113/><T24/><D24/><U82/><E82/><V110/><F110/><W44/><G81/><T100/><D100/><U96/><E96/><V35/><F101/><W54/><G80/><T131/><AGARI ba="3,1" hai="124,126,127,128,131" m="13841,40555,50761" machi="131" ten="60,24000,3" yaku="30,2,28,2,18,1,20,1,31,2" doraHai="17,10" who="0" fromWho="0" sc="392,259,246,-83,153,-83,199,-83" /><INIT seed="4,4,0,3,4,129" ten="651,163,70,116" oya="0" hai0="9,41,46,72,51,67,7,86,89,34,40,66,119" hai1="133,96,16,103,3,68,81,117,38,15,125,54,102" hai2="88,18,90,47,93,101,53,6,127,112,62,23,77" hai3="100,61,69,79,42,118,21,31,13,135,29,52,121"/><T95/><D119/><U74/><E117/><V94/><F112/><W39/><G118/><T37/><D72/><U85/><E74/><V11/><F127/><W82/><G121/><T25/><D40/><U32/><E32/><V45/><F77/><W22/><G100/><T106/><D106/><U24/><E3/><V19/><F101/><W84/><G69/><T87/><D37/><U17/><E68/><V128/><F128/><W105/><G105/><T132/><D86/><U71/><E71/><V115/><F115/><W123/><G42/><T20/><D34/><U73/><E73/><V70/><F70/><W126/><G39/><T92/><D92/><U27/><E38/><V50/><F62/><W122/><G126/><T124/><D124/><U120/><E120/><V97/><F47/><W91/><G123/><T109/><D109/><U111/><E111/><V98/><REACH who="2" step="1"/><F23/><REACH who="2" ten="651,163,60,116" step="2"/><W75/><G21/><T48/><D20/><N who="1" m="11295" /><E125/><V113/><F113/><W104/><G22/><T57/><D46/><U80/><E103/><V10/><F10/><W12/><G122/><T14/><D9/><U43/><E102/><V33/><F33/><W107/><G79/><T56/><D25/><U110/><E27/><V131/><F131/><W134/><G75/><T78/><D78/><U2/><E24/><V130/><F130/><W63/><G107/><T60/><D60/><U64/><E110/><V1/><AGARI ba="4,1" hai="1,6,11,18,19,45,50,53,88,90,93,94,97,98" machi="1" ten="20,12000,2" yaku="1,1,0,1,7,1,9,1,54,1,53,1" doraHai="129" doraHaiUra="44" who="2" fromWho="2" sc="651,-64,163,-34,60,142,116,-34" /><INIT seed="5,0,0,5,4,109" ten="587,129,202,82" oya="1" hai0="43,131,2,55,62,122,45,116,119,94,124,71,24" hai1="81,79,44,80,72,125,114,49,69,4,5,30,48" hai2="61,77,66,53,96,28,99,3,83,17,85,82,20" hai3="50,19,88,95,0,29,126,34,32,54,117,128,58"/><U11/><E69/><V8/><F28/><W84/><G0/><T91/><D2/><U100/><E125/><V63/><F53/><W87/><G126/><T1/><D124/><U7/><E114/><V40/><F40/><W60/><G128/><T51/><D1/><U127/><E127/><V103/><F103/><W102/><G117/><T135/><D135/><U104/><E11/><V89/><F8/><W67/><G102/><T35/><D122/><U37/><E30/><V132/><F3/><W113/><G113/><T101/><D101/><U74/><E37/><V18/><F132/><W120/><G120/><T14/><D14/><U31/><E31/><V73/><F61/><W111/><G111/><T106/><D106/><U112/><E112/><V123/><F18/><W97/><G29/><T105/><D105/><U98/><REACH who="1" step="1"/><E44/><REACH who="1" ten="587,119,202,82" step="2"/><V59/><F123/><W23/><G34/><T118/><D35/><U108/><E108/><V93/><F20/><W25/><REACH who="3" step="1"/><G32/><REACH who="3" ten="587,119,202,72" step="2"/><T16/><D119/><U21/><E21/><V46/><F17/><W26/><G26/><T27/><D24/><U57/><E57/><AGARI ba="0,2" hai="19,23,25,50,54,57,58,60,67,84,87,88,95,97" machi="57" ten="30,8000,1" yaku="1,1,7,1,8,1,54,1,53,1" doraHai="109" doraHaiUra="15" who="3" fromWho="1" sc="587,0,119,-80,202,0,72,100" /><INIT seed="6,0,0,5,5,108" ten="587,39,202,172" oya="2" hai0="112,86,78,118,79,11,128,52,62,101,60,12,34" hai1="117,124,39,45,66,95,127,115,25,75,57,16,6" hai2="51,14,27,20,96,13,31,105,85,18,122,9,42" hai3="80,107,116,126,48,4,132,8,121,100,77,84,90"/><V53/><F122/><W29/><G116/><T83/><D34/><U102/><E75/><V129/><F129/><W54/><G121/><T99/><D112/><U103/><E117/><V37/><F105/><W32/><G132/><T125/><D125/><U58/><E6/><V5/><F37/><W17/><G126/><T10/><D118/><U134/><E39/><V114/><F114/><W92/><G29/><T30/><D30/><U111/><E111/><V68/><F68/><W21/><G32/><T15/><D78/><U109/><E109/><V73/><F73/><W3/><G100/><T0/><D0/><U36/><E36/><V19/><F42/><W94/><G107/><T44/><D12/><U74/><E95/><V63/><F63/><W65/><G65/><T23/><D23/><U71/><E66/><V120/><F120/><W133/><G77/><T130/><D10/><U49/><E74/><V40/><F40/><W46/><G133/><T131/><D52/><U76/><E76/><V88/><F96/><W41/><G41/><T47/><D62/><U43/><E43/><V33/><F14/><AGARI ba="0,0" hai="3,4,8,14,17,21,46,48,54,80,84,90,92,94" machi="14" ten="30,1000,0" yaku="7,1" doraHai="108" who="3" fromWho="2" sc="587,0,39,0,202,-10,172,10" /><INIT seed="7,0,0,3,5,47" ten="587,39,192,182" oya="3" hai0="17,86,65,98,122,33,19,100,26,99,109,68,30" hai1="60,41,124,39,46,28,85,88,102,116,23,125,95" hai2="63,113,117,84,37,87,12,6,105,107,43,96,48" hai3="34,40,52,51,58,35,22,29,62,24,78,101,56"/><W90/><G40/><T70/><D109/><U18/><E116/><V2/><F117/><W61/><G61/><N who="0" m="39983" /><D70/><U71/><E125/><V111/><F113/><W69/><G69/><T131/><D122/><U119/><E124/><V59/><F37/><W92/><G101/><T1/><D99/><U81/><E119/><V75/><F75/><W9/><G9/><T133/><D131/><U104/><E28/><V67/><F2/><W54/><REACH who="3" step="1"/><G78/><REACH who="3" ten="587,39,192,172" step="2"/><T76/><D76/><U110/><E110/><V44/><F111/><W83/><G83/><T72/><D100/><U3/><E3/><V8/><F107/><W118/><G118/><T120/><D1/><U31/><E104/><V50/><F105/><W94/><G94/><T127/><D127/><U4/><E4/><V130/><F130/><W45/><G45/><T25/><D120/><U121/><E121/><V10/><F10/><W108/><G108/><T135/><D135/><U7/><E7/><V112/><F112/><W77/><G77/><T20/><D133/><U66/><E31/><V36/><F36/><W27/><G27/><T97/><D26/><U16/><E102/><V64/><F44/><W55/><G55/><T132/><D30/><U11/><E11/><V13/><F43/><W93/><G93/><T5/><D25/><U21/><REACH who="1" step="1"/><E95/><REACH who="1" ten="587,29,192,172" step="2"/><V115/><F8/><W74/><G74/><T42/><D132/><U53/><E53/><V32/><F6/><W128/><G128/><T91/><D42/><U82/><E82/><V103/><F115/><W114/><G114/><T38/><D72/><U106/><E106/><RYUUKYOKU ba="0,2" sc="587,-15,29,15,192,-15,172,15" hai1="16,18,21,23,39,41,46,60,66,71,81,85,88" hai3="22,24,29,34,35,51,52,54,56,58,62,90,92" /><INIT seed="7,1,2,2,3,87" ten="572,44,177,187" oya="3" hai0="46,119,36,9,91,48,34,26,89,30,109,71,128" hai1="100,77,56,114,102,94,70,88,39,10,52,113,67" hai2="135,103,31,5,85,40,115,125,121,59,60,64,29" hai3="132,97,74,105,12,79,45,8,129,22,43,107,80"/><W20/><G132/><T82/><D109/><U38/><E77/><V13/><F115/><N who="1" m="44041" /><E67/><V24/><F135/><W41/><G41/><T62/><D128/><U95/><E95/><V131/><F125/><W101/><G129/><T134/><D119/><U18/><E70/><V118/><F121/><W17/><G107/><T19/><D9/><U47/><E18/><V83/><F118/><W72/><G74/><T25/><D36/><AGARI ba="1,2" hai="8,12,17,20,22,36,43,45,72,79,80,97,101,105" machi="36" ten="30,1500,0" yaku="7,1" doraHai="87" who="3" fromWho="0" sc="572,-18,44,0,177,0,187,38" /><INIT seed="7,2,0,3,4,65" ten="554,44,177,225" oya="3" hai0="66,6,2,11,43,119,25,96,45,105,59,100,85" hai1="117,7,101,106,74,120,114,116,63,13,4,40,103" hai2="10,20,110,91,83,12,14,130,30,67,112,135,69" hai3="34,80,27,124,28,133,128,52,68,17,127,72,58"/><W78/><G133/><T54/><D66/><U75/><E40/><V90/><F110/><W86/><G128/><T134/><D25/><U48/><E48/><V60/><F130/><W49/><G17/><T29/><D29/><U89/><E63/><V131/><F131/><W123/><G72/><T92/><D119/><U16/><E89/><V35/><F35/><W111/><G123/><T113/><D113/><U70/><E114/><V23/><F135/><W64/><G64/><T88/><D134/><U71/><E13/><V26/><F112/><W32/><G32/><T109/><D109/><U107/><E16/><V62/><F62/><W121/><G121/><T38/><D59/><U95/><E95/><V77/><F23/><W44/><G44/><T93/><D54/><U87/><E87/><V73/><REACH who="2" step="1"/><F14/><REACH who="2" ten="554,44,167,225" step="2"/><W9/><G111/><T115/><REACH who="0" step="1"/><D115/><REACH who="0" ten="544,44,167,225" step="2"/><U18/><REACH who="1" step="1"/><E18/><AGARI ba="2,2" hai="10,12,18,20,26,30,60,67,69,73,77,83,90,91" machi="18" ten="30,7700,0" yaku="1,1,2,1,7,1,52,1,53,0" doraHai="65" doraHaiUra="36" who="2" fromWho="1" sc="544,0,44,-83,167,103,225,0" owari="544,64.0,-39,-54.0,270,7.0,225,-17.0" /></mjloggm>