<mjloggm ver="2.3"><GO type="169" lobby="0"/><UN n0="%E3%82%A6%E3%83%AB%E3%83%88%E3%83%A9%E7%AB%8B%E7%9B%B4" n1="%74%61%6B%65%2D%79%6F%75" n2="%E8%99%8E%E7%9A%AE%E7%8C%AB" n3="%77%61%77%61%33%30%33%30" dan="18,18,16,17" rate="2245.47,2235.80,2085.57,2186.71" sx="M,F,F,M"/><TAIKYOKU oya="0"/><INIT seed="0,0,0,5,0,77" ten="250,250,250,250" oya="0" hai0="84,62,78,13,26,128,31,121,53,22,52,29,92" hai1="7,17,61,4,119,75,125,107,23,102,12,48,96" hai2="39,130,35,133,90,108,118,135,46,15,85,83,71" hai3="74,18,109,40,89,113,8,68,91,97,21,82,41"/><T54/><D128/><U73/><E119/><V110/><F71/><W56/><G68/><T103/><D121/><U10/><E125/><V72/><F35/><W51/><G113/><T95/><D31/><U6/><E61/><V80/><F130/><W122/><G122/><T16/><D103/><U2/><E7/><V101/><F101/><W105/><G109/><N who="2" m="42089" /><F15/><W47/><G41/><T112/><D112/><U9/><REACH who="1" step="1"/><E48/><REACH who="1" ten="250,240,250,250" step="2"/><V42/><F118/><W69/><G69/><T44/><D62/><U34/><E34/><V86/><F72/><W43/><G74/><T93/><D44/><U58/><E58/><V64/><F64/><W123/><G56/><T5/><D5/><U30/><E30/><V25/><F25/><AGARI ba="0,1" hai="2,4,6,9,10,12,17,23,25,73,75,96,102,107" machi="25" ten="30,2000,0" yaku="1,1,7,1,53,0" doraHai="77" doraHaiUra="88" who="1" fromWho="2" sc="250,0,240,30,250,-20,250,0" /><INIT seed="1,0,0,1,0,47" ten="250,270,230,250" oya="1" hai0="129,50,23,96,124,105,100,19,8,7,55,120,119" hai1="79,117,132,118,128,80,121,26,41,32,13,98,60" hai2="112,51,134,87,69,5,131,63,42,115,111,127,54" hai3="109,17,59,10,14,22,95,107,25,11,18,73,65"/><U68/><E121/><V6/><F111/><W103/><G107/><T34/><D34/><U36/><E13/><V46/><F134/><W84/><G73/><T75/><D75/><N who="1" m="43135" /><E98/><V44/><F131/><W97/><G109/><T92/><D119/><U108/><E108/><V35/><F35/><W113/><G113/><N who="2" m="43593" /><F127/><W52/><G65/><T126/><D105/><U2/><E128/><V27/><F27/><W89/><G11/><T90/><D129/><U20/><E20/><V61/><F87/><W93/><G18/><T70/><D70/><U45/><E2/><V116/><F116/><W82/><G82/><T48/><D120/><U1/><E1/><V29/><F29/><W58/><REACH who="3" step="1"/><G52/><REACH who="3" ten="250,270,230,240" step="2"/><T9/><D55/><U99/><E132/><V86/><F63/><W16/><AGARI ba="0,1" hai="10,14,16,17,22,25,58,59,84,89,93,95,97,103" machi="16" ten="20,12000,2" yaku="1,1,2,1,0,1,7,1,8,1,54,1,53,0" doraHai="47" doraHaiUra="76" who="3" fromWho="3" sc="250,-30,270,-60,230,-30,240,130" /><INIT seed="2,0,0,0,1,11" ten="220,210,200,370" oya="2" hai0="132,129,67,63,82,122,91,99,126,107,4,92,3" hai1="7,119,25,84,9,42,44,83,0,68,96,26,40" hai2="55,127,87,12,8,118,71,128,109,101,16,104,36" hai3="59,66,115,10,65,97,113,123,39,56,47,77,85"/><V23/><F118/><W35/><G35/><T108/><D122/><U94/><E68/><V124/><F71/><W54/><G97/><T34/><D3/><U49/><E119/><V88/><F36/><W14/><G123/><T121/><D4/><U95/><E42/><V24/><F128/><W75/><G75/><T116/><D121/><U50/><E50/><V131/><F131/><W106/><G106/><T69/><D129/><U52/><E40/><V43/><F43/><N who="3" m="23039" /><G85/><T90/><D108/><U86/><E86/><V114/><F114/><N who="3" m="43531" /><G77/><T73/><D34/><U98/><E98/><V64/><F64/><N who="3" m="24683" /><G54/><T37/><D99/><U76/><REACH who="1" step="1"/><E95/><REACH who="1" ten="220,200,200,370" step="2"/><N who="2" m="54687" /><F104/><W58/><G58/><T112/><D107/><U110/><E110/><V130/><F109/><W33/><G33/><T111/><D111/><U32/><E32/><V38/><F130/><W5/><AGARI ba="0,1" hai="5,10,14,56,59" m="24683,43531,23039" machi="5" ten="30,2000,0" yaku="11,1,52,1" doraHai="11" who="3" fromWho="3" sc="220,-5,200,-5,200,-10,370,30" /><INIT seed="3,0,0,1,0,64" ten="215,195,190,400" oya="3" hai0="53,121,32,25,73,47,67,56,85,31,120,13,5" hai1="30,59,123,62,101,102,65,127,55,95,8,11,22" hai2="23,29,74,79,107,37,117,46,75,82,94,17,44" hai3="9,48,15,61,60,35,68,118,125,14,113,28,1"/><W81/><G118/><T7/><D73/><U135/><E123/><V26/><F107/><W124/><G113/><T122/><D67/><U104/><E135/><V50/><F117/><W33/><G1/><T111/><D111/><U2/><E104/><V105/><F105/><W3/><G3/><T108/><D108/><U80/><E127/><V98/><F37/><W126/><G48/><T63/><D47/><U128/><E128/><V39/><F39/><W34/><G28/><T109/><D109/><U54/><E80/><V57/><F74/><W6/><G81/><T4/><REACH who="0" step="1"/><D85/><REACH who="0" ten="205,195,190,400" step="2"/><U103/><E2/><V10/><F44/><W58/><G14/><AGARI ba="0,1" hai="4,5,7,13,14,25,31,32,53,56,63,120,121,122" machi="14" ten="50,3200,0" yaku="1,1,2,1,53,0" doraHai="64" doraHaiUra="36" who="0" fromWho="3" sc="205,42,195,0,190,0,400,-32" /><INIT seed="4,0,0,5,4,81" ten="247,195,190,368" oya="0" hai0="110,66,21,127,118,134,19,129,68,113,63,85,33" hai1="52,58,54,83,126,30,93,18,72,106,9,102,34" hai2="16,112,45,128,61,64,97,90,109,99,20,89,88" hai3="117,44,74,13,24,79,67,80,107,105,120,114,108"/><T46/><D118/><U59/><E106/><V53/><F109/><W101/><G108/><T7/><D33/><U6/><E126/><V86/><F128/><W91/><G67/><T75/><D75/><U42/><E34/><V40/><F112/><W50/><G114/><T103/><D110/><U62/><E30/><V14/><F53/><W96/><G120/><T29/><D29/><U49/><E18/><V0/><F0/><W77/><G77/><T122/><D122/><U11/><E42/><V124/><F124/><W73/><G73/><T119/><D119/><U15/><E11/><V12/><F12/><W37/><G37/><T87/><D113/><U125/><E125/><V133/><F133/><W25/><G105/><T121/><D121/><U55/><E72/><V65/><F86/><N who="0" m="32778" /><D68/><U36/><E36/><V5/><F5/><W56/><G74/><T43/><D127/><U95/><E83/><V4/><F4/><W26/><G80/><T41/><D7/><U47/><REACH who="1" step="1"/><E102/><REACH who="1" ten="247,185,190,368" step="2"/><V10/><F10/><W27/><G107/><T70/><D103/><U130/><E130/><V82/><F82/><W8/><G101/><T104/><D104/><U84/><E84/><V39/><REACH who="2" step="1"/><F65/><REACH who="2" ten="247,185,180,368" step="2"/><W132/><G117/><T116/><D116/><U3/><E3/><V76/><F76/><W23/><G79/><T94/><D129/><U31/><E31/><V2/><F2/><W28/><G28/><T69/><D66/><U17/><E17/><V78/><F78/><W35/><G8/><T57/><D19/><U22/><E22/><V135/><F135/><W123/><G132/><RYUUKYOKU ba="0,2" sc="247,-15,185,15,180,15,368,-15" hai1="6,9,15,47,49,52,54,55,58,59,62,93,95" hai2="14,16,20,39,40,45,61,64,88,89,90,97,99" /><INIT seed="5,1,2,4,1,71" ten="232,200,195,353" oya="1" hai0="5,22,97,92,34,49,63,35,118,46,90,23,98" hai1="91,61,45,81,50,72,133,66,120,58,40,79,77" hai2="14,94,19,103,41,65,39,106,60,59,29,113,26" hai3="68,101,89,102,64,115,85,25,55,47,124,78,121"/><U127/><E120/><V76/><F106/><W96/><G115/><T134/><D118/><U57/><E133/><V108/><F108/><W27/><G78/><T2/><D2/><U53/><E127/><V21/><F113/><W6/><G124/><T0/><D0/><U73/><E91/><V43/><F76/><W135/><G135/><T70/><D70/><U30/><E30/><V8/><F39/><W86/><G86/><N who="0" m="52311" /><D34/><U13/><E13/><V74/><F74/><W114/><G55/><N who="0" m="30135" /><D35/><U131/><E131/><V33/><F33/><W107/><G27/><T80/><D134/><U100/><E100/><V54/><F54/><W112/><G6/><T44/><D5/><U18/><E18/><V83/><F83/><W105/><G96/><AGARI ba="1,2" hai="8,14,19,21,26,29,41,43,59,60,65,94,96,103" machi="96" ten="40,5200,0" yaku="25,2,8,1" doraHai="71" who="2" fromWho="3" sc="232,0,200,0,195,75,353,-55" /><INIT seed="6,0,0,1,2,53" ten="232,200,270,298" oya="2" hai0="23,20,25,32,72,91,29,39,57,48,6,11,102" hai1="43,50,66,17,82,18,113,94,87,95,78,13,4" hai2="68,130,10,35,60,62,63,103,69,100,8,67,76" hai3="117,24,97,98,3,31,9,2,45,93,77,125,51"/><V19/><F35/><W80/><G117/><T111/><D111/><U30/><E113/><V128/><F76/><W22/><G125/><T124/><D39/><U83/><E30/><V14/><F8/><W1/><G9/><T119/><D124/><U105/><E105/><V109/><F109/><W118/><G118/><T12/><D119/><U108/><E108/><V86/><F86/><W73/><REACH who="3" step="1"/><G93/><REACH who="3" ten="232,200,270,288" step="2"/><T26/><D11/><U61/><E4/><V59/><F128/><W58/><G58/><T121/><D57/><U88/><E94/><V55/><F130/><W28/><G28/><T79/><D29/><U34/><E34/><V135/><F135/><W127/><G127/><T81/><D6/><U46/><E18/><V5/><F19/><W56/><G56/><T15/><D32/><U36/><E36/><V129/><F129/><W115/><G115/><T89/><D23/><U27/><E27/><V134/><F134/><W40/><AGARI ba="0,1" hai="1,2,3,22,24,31,40,45,51,73,77,80,97,98" machi="40" ten="30,2000,0" yaku="1,1,0,1,53,0" doraHai="53" doraHaiUra="114" who="3" fromWho="3" sc="232,-5,200,-5,270,-10,288,30" /><INIT seed="7,0,0,1,5,37" ten="227,195,260,318" oya="3" hai0="79,30,44,128,57,82,3,99,6,22,114,121,34" hai1="116,54,26,56,125,51,130,88,15,78,133,123,4" hai2="32,117,105,72,76,135,120,12,122,112,96,127,10" hai3="106,110,132,20,60,80,98,14,40,90,63,77,101"/><W28/><G132/><T126/><D121/><N who="2" m="46698" /><F117/><W24/><G40/><T45/><D34/><U17/><E123/><V74/><F135/><W9/><G90/><T62/><D3/><U131/><E133/><V46/><F32/><W27/><G27/><T115/><D6/><U119/><E125/><V113/><F127/><W55/><G55/><T58/><D58/><U134/><E134/><V11/><F46/><W53/><G53/><T49/><D99/><U5/><E78/><V95/><F105/><W1/><G1/><T85/><D126/><U104/><E104/><V64/><F64/><W41/><G41/><N who="0" m="24719" /><D45/><U59/><E59/><V66/><F66/><W50/><G50/><T48/><D48/><U19/><E116/><V102/><F10/><W100/><G100/><T73/><D73/><N who="2" m="28266" /><F76/><W38/><G38/><T52/><D128/><U124/><E119/><V93/><F93/><W21/><G21/><T35/><D35/><U18/><E124/><V8/><F8/><W97/><G20/><T42/><D42/><U31/><E130/><V86/><F86/><W47/><G9/><T25/><D115/><U92/><E131/><V68/><F68/><W36/><G47/><T2/><D2/><U94/><E15/><V118/><F118/><W81/><G14/><T61/><D114/><U43/><E43/><V16/><AGARI ba="0,0" hai="11,12,16,95,96,102,112,113" m="28266,46698" machi="16" ten="40,2700,0" yaku="13,1,54,1" doraHai="37" who="2" fromWho="2" sc="227,-7,195,-7,260,27,318,-13" owari="220,-18.0,188,-31.0,287,9.0,305,40.0" /></mjloggm>