<mjloggm ver="2.3"><GO type="169" lobby="0"/><UN n0="%74%61%6B%75%61%6B%61" n1="%75%66%6F%5F" n2="%E3%83%88%E3%83%88%E3%83%AA%E5%85%88%E7%94%9F%31%39%E6%AD%B3" n3="%E7%89%8C%E6%B5%81%E5%AE%9A%E7%9F%B3%E6%9C%80%E9%AB%98" dan="17,16,19,16" rate="2212.88,2068.79,2286.73,2139.40" sx="M,M,F,M"/><TAIKYOKU oya="0"/><INIT seed="0,0,0,0,2,20" ten="250,250,250,250" oya="0" hai0="50,28,47,57,61,13,73,39,129,96,26,99,85" hai1="29,118,134,75,54,18,19,30,17,63,53,64,124" hai2="46,35,92,65,91,27,83,135,121,45,43,52,126" hai3="89,117,60,67,55,127,58,110,109,70,66,23,86"/><T24/><D39/><U108/><E118/><V94/><F121/><W113/><G117/><T32/><D73/><U98/><E75/><V22/><F35/><W114/><G23/><T102/><D129/><U16/><E108/><N who="3" m="41578" /><G89/><T77/><D13/><U87/><E134/><V120/><F126/><W3/><G86/><T72/><D72/><U12/><E124/><V56/><F65/><N who="3" m="24587" /><G3/><T82/><D24/><U40/><E40/><V15/><F120/><W107/><G107/><T59/><D61/><U8/><E87/><N who="2" m="50687" /><F15/><W62/><G127/><T78/><D78/><U37/><E37/><V31/><F43/><W130/><G130/><T84/><D84/><U76/><E76/><V93/><F135/><W42/><G42/><T103/><D103/><U125/><E125/><V119/><F119/><W34/><G34/><T36/><D36/><U115/><E98/><V33/><F33/><W71/><G62/><AGARI ba="0,0" hai="22,27,31,45,46,52,56,62,92,93,94" m="50687" machi="62" ten="30,3900,0" yaku="8,1,52,1,54,1" doraHai="20" who="2" fromWho="3" sc="250,0,250,0,250,39,250,-39" /><INIT seed="1,0,0,5,4,102" ten="250,250,289,211" oya="1" hai0="0,65,114,8,108,5,58,35,25,117,48,11,91" hai1="10,63,1,78,121,34,19,81,106,38,135,46,71" hai2="107,27,54,23,76,129,66,18,24,94,85,118,36" hai3="45,26,70,82,12,119,14,124,37,80,128,44,53"/><U39/><E121/><V88/><F118/><W72/><G119/><T61/><D117/><U4/><E19/><V62/><F36/><W131/><G70/><T9/><D114/><U6/><E6/><V126/><F129/><W92/><G124/><T100/><D108/><U101/><E135/><V105/><F126/><W40/><G26/><T20/><D35/><U7/><E7/><V47/><F76/><W89/><G53/><T113/><D113/><U56/><E34/><V50/><F27/><W86/><G45/><T90/><D100/><U87/><E46/><V130/><F130/><W31/><G31/><T104/><D104/><U29/><E29/><V93/><F93/><W64/><G64/><T15/><D48/><U43/><E43/><V99/><F99/><W57/><G57/><AGARI ba="0,0" hai="18,23,24,47,50,54,57,62,66,85,88,94,105,107" machi="57" ten="30,7700,0" yaku="7,1,52,2,54,1" doraHai="102" who="2" fromWho="3" sc="250,0,250,0,289,77,211,-77" /><INIT seed="2,0,0,0,1,11" ten="250,250,366,134" oya="2" hai0="14,116,56,108,50,26,47,60,4,61,73,6,41" hai1="25,52,81,134,132,69,122,57,63,70,84,87,62" hai2="5,31,53,91,98,29,124,86,74,67,35,3,118" hai3="33,104,9,96,36,68,64,8,97,111,126,105,21"/><V42/><F118/><W125/><G33/><T119/><D73/><U103/><E122/><V123/><F74/><W38/><G21/><T90/><D108/><U12/><E103/><V0/><F123/><W44/><G64/><T30/><D90/><U46/><E25/><V39/><F124/><N who="3" m="47723" /><G44/><T102/><D102/><U71/><E63/><V15/><F98/><N who="3" m="37995" /><G68/><T95/><D95/><U130/><E46/><V51/><F67/><W17/><G17/><T1/><D1/><U99/><E99/><V19/><F42/><W93/><G111/><T13/><D4/><U109/><E109/><V54/><F39/><N who="3" m="14891" /><G93/><T106/><D6/><U127/><E127/><V92/><F54/><W88/><G88/><T101/><D101/><U78/><E87/><V27/><F31/><W49/><G49/><T45/><D45/><U79/><E79/><V100/><F5/><W89/><G89/><T115/><D60/><U40/><E62/><V23/><F100/><W131/><G131/><T110/><D110/><U65/><E65/><V117/><F117/><W72/><G72/><T58/><D61/><U113/><E130/><V66/><F66/><W55/><G55/><T82/><D119/><U16/><E69/><V10/><F10/><AGARI ba="0,0" hai="8,9,10,104,105" m="14891,37995,47723" machi="10" ten="40,5200,0" yaku="28,2,18,1" doraHai="11" who="3" fromWho="2" sc="250,0,250,0,366,-52,134,52" /><INIT seed="3,0,0,5,0,2" ten="250,250,314,186" oya="3" hai0="27,30,102,104,97,96,15,111,84,115,69,101,108" hai1="112,103,22,10,135,54,70,99,41,88,39,129,34" hai2="79,83,25,43,9,5,82,132,71,118,92,46,11" hai3="19,58,38,6,122,64,72,0,77,35,80,119,109"/><W63/><G119/><T78/><D69/><U44/><E112/><V90/><F71/><W74/><G122/><T73/><D15/><U81/><E34/><V51/><F118/><W24/><G109/><N who="0" m="42059" /><D27/><U59/><E135/><V3/><F132/><W61/><G38/><T66/><D66/><U48/><E129/><V128/><F128/><W130/><G130/><T113/><D30/><U68/><E22/><V26/><F11/><W50/><G50/><T29/><D29/><U60/><E10/><V95/><F95/><W28/><G63/><T18/><D18/><U49/><E49/><V13/><F3/><W55/><G64/><T134/><D134/><U57/><E57/><V52/><F43/><W42/><G42/><T75/><D84/><U12/><E12/><V100/><F26/><W121/><G19/><T17/><D17/><U93/><REACH who="1" step="1"/><E39/><REACH who="1" ten="250,240,314,186" step="2"/><V91/><F25/><W23/><G35/><T40/><D115/><U94/><E94/><V31/><F31/><W107/><G121/><T1/><D113/><U56/><E56/><V16/><F16/><W36/><G36/><T105/><D1/><U47/><E47/><V85/><F83/><W7/><G0/><T20/><D20/><U53/><E53/><V21/><F21/><W45/><G45/><T87/><D40/><U120/><E120/><V126/><F126/><W131/><G131/><T76/><D76/><U32/><E32/><V114/><F114/><W110/><G110/><T37/><D37/><U116/><E116/><V89/><F79/><W117/><G117/><T133/><D133/><U106/><E106/><RYUUKYOKU ba="0,1" sc="250,10,240,10,314,10,186,-30" hai0="73,75,78,87,96,97,101,102,104,105" hai1="41,44,48,54,59,60,68,70,81,88,93,99,103" hai2="5,9,13,46,51,52,82,85,89,90,91,92,100" /><INIT seed="4,1,1,3,0,125" ten="260,250,324,156" oya="0" hai0="46,53,100,62,111,13,21,65,42,40,2,107,110" hai1="31,39,16,5,96,15,60,102,99,132,20,128,45" hai2="27,48,116,44,76,89,72,43,71,63,109,18,3" hai3="88,91,58,101,29,54,55,115,133,28,10,4,79"/><T11/><D2/><U94/><E132/><V68/><F3/><W33/><G133/><T24/><D107/><U97/><E128/><V64/><F109/><N who="0" m="41482" /><D100/><U73/><E73/><V35/><F116/><W8/><G115/><T51/><D21/><U85/><E85/><V93/><F72/><W129/><G101/><T30/><D30/><U49/><E39/><V86/><F76/><W114/><G114/><T92/><D92/><U106/><E60/><V12/><F27/><W108/><G108/><T78/><D78/><U118/><E118/><V80/><F35/><W124/><G79/><T23/><D23/><U26/><E5/><V126/><F126/><W17/><G17/><N who="0" m="8383" /><D24/><U56/><E106/><V7/><F7/><W9/><G4/><T123/><D123/><U81/><E81/><V120/><F120/><W112/><G112/><T104/><D104/><U6/><E6/><V127/><F127/><W74/><G33/><T117/><D117/><U113/><E113/><V69/><F80/><W22/><G22/><AGARI ba="1,1" hai="12,18,22,43,44,48,63,64,68,69,71,86,89,93" machi="22" ten="30,1000,0" yaku="7,1" doraHai="125" who="2" fromWho="3" sc="260,0,250,0,324,23,156,-13" /><INIT seed="5,0,0,0,3,27" ten="260,250,347,143" oya="1" hai0="85,15,14,45,43,101,59,58,33,106,28,20,80" hai1="78,73,18,12,62,86,38,72,119,120,42,69,61" hai2="77,122,105,68,11,35,115,41,113,65,132,40,36" hai3="50,52,114,96,79,13,90,109,49,39,103,3,16"/><U6/><E119/><V135/><F122/><W34/><G109/><T127/><D127/><U121/><E6/><V89/><F105/><W7/><G39/><T133/><D133/><N who="2" m="51274" /><F35/><W0/><G79/><T26/><D101/><U64/><E120/><V74/><F65/><W81/><G7/><T112/><D106/><U130/><E121/><V76/><F68/><W107/><G34/><T8/><D33/><U47/><E130/><V19/><F89/><W31/><G114/><N who="2" m="43529" /><F36/><W37/><G37/><T116/><D116/><U46/><E61/><V25/><F76/><W55/><G90/><T60/><D112/><U21/><E78/><V125/><F125/><W123/><G123/><T53/><D59/><U110/><E110/><V48/><F48/><W57/><G107/><T22/><D58/><U88/><REACH who="1" step="1"/><E47/><REACH who="1" ten="260,240,347,143" step="2"/><V111/><F111/><W67/><G67/><T126/><D45/><U30/><E30/><V4/><F77/><W5/><G31/><T17/><D28/><U70/><E70/><V124/><F124/><W134/><G5/><T51/><D60/><U66/><E66/><V29/><F29/><W117/><G117/><T1/><D126/><U98/><E98/><V23/><F74/><W9/><G134/><T24/><D17/><U95/><AGARI ba="0,1" hai="12,18,21,38,42,46,62,64,69,72,73,86,88,95" machi="95" ten="20,7800,0" yaku="1,1,0,1,7,1,54,1,53,0" doraHai="27" doraHaiUra="93" who="1" fromWho="1" sc="260,-26,240,88,347,-26,143,-26" /><INIT seed="5,1,0,4,5,44" ten="234,328,321,117" oya="1" hai0="81,23,106,102,121,130,94,57,88,55,27,28,35" hai1="9,52,63,22,48,6,0,95,98,108,115,75,116" hai2="92,87,129,72,18,53,59,134,24,33,90,80,37" hai3="135,21,30,104,118,86,65,89,50,61,91,119,103"/><U1/><E116/><V114/><F37/><W43/><G135/><T60/><D130/><U117/><E117/><V56/><F129/><W4/><G4/><T32/><D121/><U128/><E128/><V107/><F107/><W111/><G111/><T78/><D102/><U82/><E108/><V36/><F36/><W133/><G133/><T46/><D106/><U76/><E115/><V97/><F134/><W5/><G5/><T41/><D81/><U19/><E63/><V7/><F72/><W110/><G110/><T25/><D25/><U12/><E95/><V100/><F114/><W54/><G43/><T66/><D66/><U49/><E98/><V8/><F53/><W96/><G61/><T39/><REACH who="0" step="1"/><D78/><REACH who="0" ten="224,328,321,117" step="2"/><U13/><REACH who="1" step="1"/><E49/><REACH who="1" ten="224,318,321,117" step="2"/><V20/><F92/><W17/><G119/><T58/><D58/><AGARI ba="1,2" hai="0,1,6,9,12,13,19,22,48,52,58,75,76,82" machi="58" ten="30,12000,1" yaku="1,1,2,1,7,1,52,1,54,1,53,0" doraHai="44" doraHaiUra="124" who="1" fromWho="0" sc="224,-123,318,143,321,0,117,0" /><INIT seed="5,2,0,2,4,102" ten="101,461,321,117" oya="1" hai0="131,46,113,132,51,117,34,72,108,4,86,45,126" hai1="90,96,27,112,33,50,134,107,89,66,41,71,5" hai2="69,68,7,13,82,87,60,129,48,16,3,61,23" hai3="93,57,54,83,62,65,15,31,81,88,19,2,43"/><U79/><E112/><V127/><F129/><W12/><G2/><T84/><D72/><U11/><E134/><V99/><F127/><W40/><G31/><T25/><D108/><U91/><E79/><V103/><F3/><W10/><G65/><T120/><D117/><U18/><E41/><N who="3" m="15946" /><G15/><T70/><D70/><U94/><E50/><V39/><F39/><W105/><G105/><T121/><D113/><U24/><E107/><V104/><F7/><W135/><G135/><T118/><D118/><U67/><E33/><V59/><F48/><W106/><G106/><T36/><D36/><U1/><E67/><V63/><REACH who="2" step="1"/><F59/><REACH who="2" ten="101,461,311,117" step="2"/><W116/><G116/><T49/><D126/><U17/><E71/><V77/><AGARI ba="2,1" hai="13,16,23,60,61,63,68,69,77,82,87,99,103,104" machi="77" ten="30,8000,1" yaku="1,1,2,1,0,1,52,1,54,1,53,0" doraHai="102" doraHaiUra="21" who="2" fromWho="2" sc="101,-22,461,-42,311,96,117,-22" /><INIT seed="6,0,0,5,5,108" ten="79,419,407,95" oya="2" hai0="24,93,36,28,107,106,130,27,124,102,105,116,2" hai1="62,23,73,103,68,128,59,120,119,78,50,25,3" hai2="58,114,135,7,47,96,121,98,77,115,94,100,67" hai3="42,113,61,87,35,112,22,45,4,12,44,85,104"/><V88/><F121/><W8/><G35/><T91/><D36/><U32/><E120/><V80/><F135/><W123/><G123/><T29/><D2/><U79/><E119/><V89/><F7/><W83/><G104/><T41/><D41/><U95/><E3/><V81/><F47/><W33/><G33/><T19/><D124/><U71/><E73/><N who="2" m="43055" /><F67/><W31/><G61/><T17/><D102/><U70/><E32/><V40/><F58/><W97/><G97/><T60/><D60/><U127/><E127/><V39/><F40/><W84/><G83/><T65/><D65/><U109/><E109/><V38/><F39/><W132/><G132/><T48/><D48/><U133/><E133/><V34/><F38/><W57/><G57/><T1/><D1/><U46/><E46/><V63/><F34/><W122/><G122/><T37/><D37/><U92/><E50/><V52/><F52/><W76/><G76/><T126/><D126/><U111/><E111/><V53/><F53/><W75/><G75/><T131/><D116/><U66/><E128/><N who="0" m="49193" /><D24/><U16/><REACH who="1" step="1"/><E103/><REACH who="1" ten="79,409,407,95" step="2"/><V6/><F63/><W20/><G45/><T54/><D54/><U0/><E0/><V11/><F100/><W51/><G31/><N who="0" m="11851" /><D27/><U86/><E86/><AGARI ba="0,1" hai="17,19,86,91,93,105,106,107" m="11851,49193" machi="86" ten="40,1300,0" yaku="19,1" doraHai="108" who="0" fromWho="1" sc="79,23,409,-13,407,0,95,0" /><INIT seed="7,0,0,3,1,76" ten="102,396,407,95" oya="3" hai0="125,102,31,47,135,99,74,73,12,46,56,66,84" hai1="61,6,3,65,101,53,36,49,68,108,18,42,88" hai2="92,50,55,54,96,129,43,20,97,44,118,133,106" hai3="51,83,124,24,52,8,28,115,82,62,78,16,105"/><W48/><G105/><T71/><D56/><N who="1" m="32815" /><E101/><N who="2" m="60551" /><F106/><W59/><G115/><T113/><D125/><U32/><E32/><V67/><F118/><W94/><G124/><T30/><D12/><U69/><E69/><V34/><F34/><W33/><G94/><T10/><D10/><N who="1" m="2399" /><E18/><V77/><F77/><W38/><G38/><T15/><D15/><U63/><E63/><V86/><F86/><W19/><G83/><T23/><D73/><U29/><E29/><V104/><F97/><W0/><G0/><T130/><D31/><U87/><E87/><V45/><F20/><W100/><G100/><T57/><D30/><U112/><E108/><V21/><F21/><W64/><G8/><T91/><D23/><U22/><E22/><V60/><F104/><W11/><G11/><T89/><D74/><U120/><E120/><V121/><F121/><W25/><G25/><T27/><D27/><U123/><E123/><V70/><F55/><W85/><G51/><T40/><D84/><U110/><E110/><V79/><F79/><W93/><G93/><T90/><D71/><AGARI ba="0,0" hai="16,19,24,28,33,48,52,59,62,64,71,78,82,85" machi="71" ten="30,11600,0" yaku="7,1,52,1,54,2" doraHai="76" who="3" fromWho="0" sc="102,-116,396,0,407,0,95,116" owari="-14,-51.0,396,20.0,407,50.0,211,-19.0" /></mjloggm>