<mjloggm ver="2.3"><GO type="169" lobby="0"/><UN n0="%63%72%69%74%74%65%72" n1="%68%75%72%72%79%79" n2="%E9%B7%BA%E6%A3%AE%E7%81%BC%2E" n3="%E3%83%88%E3%83%88%E3%83%AA%E5%85%88%E7%94%9F%31%39%E6%AD%B3" dan="16,16,16,19" rate="2174.07,2052.29,2117.77,2298.51" sx="M,M,F,F"/><TAIKYOKU oya="0"/><INIT seed="0,0,0,2,0,33" ten="250,250,250,250" oya="0" hai0="56,8,102,83,15,22,130,42,135,29,6,55,13" hai1="43,115,37,0,99,93,85,78,113,81,26,21,134" hai2="39,97,109,62,16,90,36,49,82,94,129,111,66" hai3="9,52,121,103,23,117,67,11,59,50,53,120,68"/><T31/><D130/><U72/><E134/><V51/><F129/><W88/><G117/><T61/><D135/><U74/><E43/><V1/><F1/><W110/><G110/><N who="2" m="41993" /><F82/><W86/><G103/><T63/><D42/><U17/><E37/><N who="2" m="14411" /><F16/><W114/><G114/><N who="1" m="43530" /><E0/><V45/><F45/><W60/><G53/><T122/><D122/><N who="3" m="47209" /><G23/><T95/><D83/><AGARI ba="0,0" hai="9,11,50,52,59,60,67,68,83,86,88" m="47209" machi="83" ten="30,3900,0" yaku="13,1,54,2" doraHai="33" who="3" fromWho="0" sc="250,-39,250,0,250,0,250,39" /><INIT seed="1,0,0,3,2,73" ten="211,250,250,289" oya="1" hai0="74,54,48,103,63,25,106,44,45,4,131,58,64" hai1="76,23,120,28,96,122,55,56,80,126,104,90,46" hai2="107,2,49,70,109,77,53,27,84,65,66,29,130" hai3="15,62,42,31,132,81,75,14,108,127,47,112,43"/><U111/><E126/><V1/><F107/><W68/><G112/><T11/><D131/><U89/><E46/><V69/><F109/><W20/><G108/><T86/><D74/><U12/><E111/><V72/><F72/><W32/><G32/><T91/><D106/><U123/><E104/><V93/><F69/><W16/><G127/><T119/><D119/><U19/><E28/><V51/><F130/><W116/><G132/><T67/><D103/><U87/><REACH who="1" step="1"/><E96/><REACH who="1" ten="211,240,250,289" step="2"/><V114/><F29/><W9/><G31/><T37/><D44/><U7/><E7/><V57/><F114/><W133/><G47/><T113/><D113/><U101/><E101/><V94/><F94/><W83/><G116/><T30/><D37/><U36/><E36/><V121/><F93/><W102/><G102/><T33/><D4/><U105/><E105/><V117/><F117/><W61/><G133/><T41/><REACH who="0" step="1"/><D11/><REACH who="0" ten="201,240,250,289" step="2"/><U0/><E0/><V128/><F1/><W124/><G124/><T10/><D10/><U17/><E17/><V24/><F2/><W125/><G125/><T3/><D3/><U8/><E8/><V40/><F128/><W39/><G39/><T71/><D71/><U50/><AGARI ba="0,2" hai="12,19,23,50,55,56,76,80,87,89,90,120,122,123" machi="50" ten="30,6000,0" yaku="1,1,0,1,52,1,53,0" doraHai="73" doraHaiUra="26" who="1" fromWho="1" sc="201,-20,240,80,250,-20,289,-20" /><INIT seed="1,1,0,0,1,22" ten="181,320,230,269" oya="1" hai0="51,107,118,75,70,62,99,98,55,2,17,117,23" hai1="123,63,5,19,115,135,18,61,27,133,73,9,24" hai2="105,132,79,84,59,35,71,82,93,103,6,48,8" hai3="134,37,111,76,104,95,68,60,33,96,97,130,41"/><U50/><E73/><V66/><F132/><N who="1" m="50761" /><E123/><V85/><F71/><W20/><G33/><T90/><D2/><N who="1" m="183" /><E50/><V4/><F35/><W110/><G134/><T52/><D75/><U21/><E115/><V129/><F129/><W44/><G130/><T119/><D107/><U49/><E49/><V89/><F6/><W14/><G76/><T39/><D39/><U3/><E3/><V16/><F4/><W88/><G14/><T120/><D120/><U92/><E92/><V101/><F105/><W77/><G77/><T29/><D29/><U78/><E78/><V25/><F48/><W91/><G20/><AGARI ba="1,0" hai="18,19,20,21,24,27,61,63" m="183,50761" machi="20" ten="30,5800,0" yaku="20,1,52,2" doraHai="22" who="1" fromWho="3" sc="181,0,320,61,230,0,269,-61" /><INIT seed="1,2,0,4,5,107" ten="181,381,230,208" oya="1" hai0="28,125,45,21,74,12,131,30,112,119,117,22,82" hai1="26,67,13,38,36,100,81,14,50,132,114,86,66" hai2="42,68,54,16,98,53,6,27,73,87,102,59,123" hai3="128,49,120,135,80,92,0,115,55,126,25,84,133"/><U20/><E114/><V72/><F68/><W46/><G120/><T127/><D45/><U63/><E50/><V118/><F118/><N who="0" m="45066" /><D82/><U65/><E100/><V39/><F6/><W41/><G115/><T104/><D104/><U83/><E132/><N who="3" m="50762" /><G0/><T111/><D112/><U32/><E32/><V75/><F123/><W122/><G122/><T10/><D74/><U61/><E81/><V103/><F87/><W23/><G128/><T60/><D60/><N who="1" m="23115" /><E38/><V11/><F59/><W9/><G126/><N who="0" m="48139" /><D131/><U78/><E36/><V17/><F39/><W96/><G9/><T57/><D57/><U2/><E2/><V48/><F11/><W130/><G130/><T52/><D52/><U109/><E109/><V37/><F37/><W85/><G55/><T64/><D64/><U56/><E56/><V15/><F73/><W97/><G92/><T34/><D111/><U40/><E40/><V44/><F42/><W99/><G80/><T29/><D34/><U113/><E113/><V18/><F53/><W110/><G110/><T95/><D95/><U89/><E78/><V134/><F134/><W106/><G106/><T5/><AGARI ba="2,0" hai="5,10,12,21,22,28,29,30" m="48139,45066" machi="5" ten="40,5200,0" yaku="18,1,34,2" doraHai="107" who="0" fromWho="0" sc="181,58,381,-28,230,-15,208,-15" /><INIT seed="2,0,0,5,3,19" ten="239,353,215,193" oya="2" hai0="9,89,108,74,3,5,92,63,116,50,32,40,34" hai1="124,67,57,91,85,14,100,115,80,13,35,64,135" hai2="111,88,33,23,73,93,133,102,107,117,31,38,41" hai3="134,28,119,77,103,69,21,24,123,17,125,120,79"/><V18/><F117/><W70/><G119/><T26/><D116/><U83/><E115/><V121/><F121/><W59/><G134/><T65/><D108/><U4/><E35/><V30/><F33/><W76/><G125/><T48/><D74/><U16/><E135/><V90/><F133/><W61/><G103/><T42/><D50/><U20/><E100/><V96/><F73/><W81/><G81/><T110/><D110/><U127/><E57/><V1/><F1/><W114/><G114/><T8/><D8/><N who="1" m="4231" /><E83/><V2/><F2/><W86/><G86/><T11/><D11/><U97/><E97/><V128/><F128/><W131/><G131/><T118/><D118/><U82/><E82/><V60/><F111/><W104/><G104/><T72/><D72/><U46/><E46/><V129/><F129/><W12/><G120/><T99/><D48/><U87/><E85/><V22/><F60/><W52/><REACH who="3" step="1"/><G123/><REACH who="3" ten="239,353,215,183" step="2"/><T44/><D92/><U15/><E15/><V37/><F107/><W45/><G45/><T47/><D44/><U55/><E127/><V10/><F102/><W62/><G62/><T101/><D47/><U132/><E124/><V39/><F90/><W7/><G7/><T49/><D89/><U0/><E132/><V122/><F122/><W53/><G53/><T68/><D101/><U113/><E113/><V27/><F38/><W25/><G25/><T6/><D26/><U75/><E0/><V94/><F37/><W56/><G56/><T54/><D6/><U130/><E75/><V84/><F39/><W109/><G109/><T43/><D99/><RYUUKYOKU ba="0,1" sc="239,15,353,-15,215,-15,183,15" hai0="3,5,9,32,34,40,42,43,49,54,63,65,68" hai3="12,17,21,24,28,52,59,61,69,70,76,77,79" /><INIT seed="3,1,1,5,1,26" ten="254,338,200,198" oya="3" hai0="73,120,47,104,55,45,46,44,114,54,123,61,43" hai1="58,65,42,5,50,6,105,91,84,19,83,81,98" hai2="17,133,101,15,119,95,116,82,30,48,94,60,20" hai3="10,87,33,9,111,24,0,2,118,130,40,134,110"/><W97/><G40/><T63/><D73/><U127/><E127/><V52/><F133/><W115/><G87/><T129/><D104/><U51/><E105/><V71/><F82/><W77/><G77/><T132/><D132/><U113/><E113/><V88/><F95/><W62/><G134/><T131/><D114/><U31/><E31/><V35/><F101/><W125/><G62/><N who="0" m="23563" /><D43/><U1/><E98/><V74/><F74/><W126/><G97/><T128/><N who="0" m="11264" /><DORA hai="99" /><T135/><D135/><U21/><E1/><N who="3" m="618" /><G118/><T14/><D14/><U93/><E42/><V11/><F60/><W78/><G78/><T13/><D13/><U49/><E49/><V67/><F67/><W32/><G130/><T22/><D22/><U34/><E34/><N who="3" m="13418" /><G24/><T64/><D64/><U109/><E65/><V16/><F71/><W106/><G115/><T86/><D86/><U59/><E84/><N who="2" m="52487" /><F119/><W69/><G69/><T112/><D112/><U102/><E83/><V28/><F116/><W53/><G53/><AGARI ba="1,1" hai="53,54,55,120,123,128,129,131" m="11264,23563" machi="53" ten="50,8000,1" yaku="28,2,19,1,34,2" doraHai="26,99" who="0" fromWho="3" sc="254,93,338,0,200,0,198,-83" /><INIT seed="4,0,0,5,0,28" ten="347,338,200,115" oya="0" hai0="67,129,54,135,27,79,8,21,78,72,32,108,6" hai1="123,134,29,103,98,91,59,74,10,62,102,71,75" hai2="81,14,113,132,90,87,57,122,104,26,65,76,5" hai3="45,105,23,30,88,118,84,83,49,40,107,42,20"/><T41/><D129/><U125/><E123/><V34/><F122/><W110/><G110/><T93/><D108/><U82/><E71/><V121/><F121/><W25/><G118/><T19/><D135/><U101/><E134/><V116/><F132/><W92/><G42/><T64/><D41/><U31/><E125/><V131/><F104/><W60/><G60/><T95/><D32/><U2/><E74/><V58/><F131/><W17/><REACH who="3" step="1"/><G83/><REACH who="3" ten="347,338,200,105" step="2"/><T22/><D67/><U35/><E82/><V66/><F116/><W11/><G11/><T33/><D64/><U7/><E10/><V43/><F43/><W69/><G69/><T44/><D8/><U133/><E62/><V39/><F65/><W1/><G1/><T3/><D3/><U100/><E2/><V99/><F66/><W119/><G119/><T70/><D70/><U4/><E133/><V130/><F130/><W52/><G52/><T86/><D54/><U63/><E63/><V80/><F81/><W127/><G127/><T37/><D37/><U50/><E50/><V61/><F39/><W112/><G112/><T111/><D111/><U24/><E7/><V73/><F61/><W85/><G85/><T53/><D6/><U55/><E4/><V117/><F117/><W36/><G36/><T18/><D86/><U48/><E55/><V15/><F113/><W94/><G94/><T47/><D53/><U126/><E126/><V120/><F120/><W38/><G38/><T96/><D95/><U12/><E48/><V97/><F5/><W124/><G124/><T128/><D93/><U16/><E59/><RYUUKYOKU ba="0,1" sc="347,-10,338,-10,200,-10,105,30" hai3="17,20,23,25,30,40,45,49,84,88,92,105,107" /><INIT seed="5,1,1,3,5,83" ten="337,328,190,135" oya="1" hai0="0,58,24,74,98,84,111,88,91,126,120,89,114" hai1="48,22,18,57,19,42,27,93,119,37,64,117,16" hai2="75,31,47,101,109,40,97,96,124,129,65,127,51" hai3="80,53,13,52,110,35,62,81,106,29,23,72,56"/><U61/><E37/><V133/><F109/><W30/><G106/><T103/><D111/><U108/><E108/><V7/><F75/><W79/><G110/><T76/><D0/><U82/><E93/><V104/><F133/><W17/><G35/><T11/><D11/><U28/><E42/><V107/><F129/><W4/><G4/><T85/><D24/><U121/><E121/><V46/><F31/><W77/><REACH who="3" step="1"/><G53/><REACH who="3" ten="337,328,190,125" step="2"/><T105/><D120/><U125/><E125/><V33/><F33/><W9/><G9/><T3/><D126/><U10/><E10/><V14/><F124/><W90/><G90/><T41/><D91/><U122/><E122/><V20/><F127/><W115/><G115/><T123/><D89/><U50/><E117/><V86/><F7/><W94/><G94/><T100/><D88/><U49/><E119/><V63/><F104/><W1/><G1/><T113/><D3/><U67/><E82/><V21/><F97/><W34/><G34/><T54/><D123/><U43/><E43/><V2/><F2/><W95/><G95/><T130/><D41/><U128/><E128/><V38/><F96/><W118/><G118/><T44/><D130/><U6/><E6/><V45/><F101/><W73/><AGARI ba="1,2" hai="13,17,23,29,30,52,56,62,72,73,77,79,80,81" machi="73" ten="20,8000,1" yaku="1,1,0,1,7,1,9,1,54,1,53,0" doraHai="83" doraHaiUra="112" who="3" fromWho="3" sc="337,-21,328,-41,190,-21,125,103" /><INIT seed="6,0,0,0,2,55" ten="316,287,169,228" oya="2" hai0="101,1,48,87,123,0,74,46,125,112,130,50,90" hai1="134,17,6,95,109,108,107,16,57,65,64,59,66" hai2="78,118,53,84,128,106,86,62,111,47,10,26,132" hai3="56,42,94,5,97,104,58,35,12,105,114,45,19"/><V13/><F118/><W39/><G35/><T129/><D123/><U51/><E107/><V110/><F106/><W98/><G5/><T29/><D74/><U80/><E6/><V121/><F121/><W49/><G114/><T133/><D112/><U72/><E72/><V33/><F128/><N who="0" m="49258" /><D125/><U7/><E7/><V126/><F126/><W100/><G39/><T85/><D101/><U120/><E120/><V44/><F132/><W103/><REACH who="3" step="1"/><G94/><REACH who="3" ten="316,287,169,218" step="2"/><T93/><D93/><U32/><E95/><V117/><F117/><W25/><G25/><T127/><D127/><U34/><E32/><V122/><F122/><W31/><G31/><T60/><D29/><U96/><E34/><V2/><F2/><W9/><AGARI ba="0,1" hai="9,12,19,42,45,49,56,58,97,98,100,103,104,105" machi="9" ten="20,12000,2" yaku="1,1,0,1,7,1,9,1,52,2,53,0" doraHai="55" doraHaiUra="76" who="3" fromWho="3" sc="316,-30,287,-30,169,-60,218,130" /><INIT seed="7,0,0,2,0,118" ten="286,257,109,348" oya="3" hai0="112,115,75,10,0,23,131,9,1,40,28,2,104" hai1="132,63,34,41,21,80,61,59,65,85,35,120,114" hai2="81,24,32,113,105,74,66,78,103,92,37,12,91" hai3="97,93,36,53,99,5,4,25,69,48,90,76,13"/><W42/><G69/><T22/><D75/><U77/><E132/><V98/><F37/><W70/><G70/><T86/><D104/><U96/><E114/><N who="0" m="43561" /><D40/><U11/><E41/><V135/><F113/><W121/><G121/><T82/><D82/><U72/><E120/><V119/><F12/><W107/><G76/><T123/><D86/><U55/><E96/><V44/><F44/><W110/><G110/><T29/><D123/><U45/><E72/><V18/><F135/><W47/><G107/><T38/><D38/><U14/><E21/><N who="0" m="7689" /><D131/><U89/><E77/><V101/><F18/><W126/><G99/><T58/><D58/><U83/><E83/><V46/><F46/><W111/><G111/><T15/><D9/><U31/><E31/><V133/><F24/><W109/><G109/><T8/><D8/><U57/><REACH who="1" step="1"/><E45/><REACH who="1" ten="286,247,109,348" step="2"/><V71/><F133/><W116/><G42/><T7/><AGARI ba="0,1" hai="0,1,2,7,10,15,28,29" m="7689,43561" machi="7" ten="40,8000,1" yaku="15,1,11,1,34,2" doraHai="118" who="0" fromWho="0" sc="286,90,247,-20,109,-20,348,-40" owari="376,47.0,227,-17.0,89,-41.0,308,11.0" /></mjloggm>