<mjloggm ver="2.3"><GO type="169" lobby="0"/><UN n0="%E4%BA%BA%E7%94%9F%E3%83%95%E3%83%AB%E3%82%BC%E3%83%B3%E3%83%84" n1="%E3%83%8E%E3%83%BC%E3%82%B3%E3%83%B3%E3%83%86%E3%82%B9%E3%83%88" n2="%E4%BB%8A%E6%97%A5%E3%82%82%E6%99%B4%E5%A4%A9%E2%99%AA" n3="%E3%83%88%E3%83%88%E3%83%AA%E5%85%88%E7%94%9F%31%39%E6%AD%B3" dan="16,16,16,19" rate="2075.88,2093.38,2031.04,2299.14" sx="M,M,F,F"/><TAIKYOKU oya="0"/><INIT seed="0,0,0,4,3,74" ten="250,250,250,250" oya="0" hai0="16,106,39,20,33,90,38,124,127,56,95,132,24" hai1="69,71,130,31,96,118,83,45,54,65,14,43,79" hai2="51,60,28,117,4,89,82,11,84,77,80,111,6" hai3="29,73,121,97,3,70,134,52,93,12,112,7,5"/><T131/><D106/><U18/><E118/><V92/><F117/><W122/><G112/><T41/><D131/><U76/><E130/><V49/><F111/><W91/><G70/><T67/><D33/><U30/><E71/><V66/><F28/><N who="1" m="10793" /><E65/><V120/><F120/><N who="3" m="46187" /><G3/><T2/><D2/><U87/><E69/><V1/><F6/><W0/><G0/><T8/><D8/><N who="1" m="6471" /><E96/><V81/><REACH who="2" step="1"/><F77/><REACH who="2" ten="250,250,240,250" step="2"/><W63/><G7/><T135/><D135/><U104/><E104/><V35/><F35/><W86/><G5/><T119/><D132/><U128/><E128/><V34/><F34/><W27/><G134/><T110/><D110/><U123/><E123/><V116/><F116/><W58/><G73/><T129/><D119/><U99/><E99/><V108/><F108/><W109/><G109/><T9/><D129/><U103/><E103/><V47/><F47/><W126/><G97/><T113/><D113/><U25/><E79/><V61/><F61/><W114/><G114/><T125/><D125/><U26/><E43/><V59/><AGARI ba="0,1" hai="1,4,11,49,51,59,60,66,80,81,82,84,89,92" machi="59" ten="30,2000,0" yaku="1,1,0,1,53,0" doraHai="74" doraHaiUra="19" who="2" fromWho="2" sc="250,-10,250,-5,240,30,250,-5" /><INIT seed="1,0,0,0,5,87" ten="240,245,270,245" oya="1" hai0="54,131,110,67,19,107,12,104,126,3,134,127,46" hai1="97,93,40,68,45,57,129,48,5,13,51,100,0" hai2="109,60,35,28,65,75,90,24,66,95,36,59,83" hai3="17,37,74,113,8,81,117,61,39,106,76,42,124"/><U50/><E0/><V58/><F36/><W103/><G113/><T44/><D3/><U79/><E68/><V114/><F114/><W78/><G124/><N who="0" m="47659" /><D67/><U52/><E129/><V71/><F109/><W105/><G117/><T128/><D134/><U98/><E79/><V118/><F118/><W21/><G8/><T15/><D110/><U86/><E86/><V92/><F66/><W84/><G61/><T125/><D125/><U135/><E135/><V89/><F75/><W94/><G42/><T70/><D70/><U2/><E2/><V82/><F71/><W85/><G85/><T14/><D19/><U120/><E120/><V49/><F59/><W10/><G10/><T123/><D123/><U11/><REACH who="1" step="1"/><E98/><REACH who="1" ten="240,235,270,245" step="2"/><V73/><F73/><W32/><G76/><T80/><D131/><U29/><E29/><V122/><F122/><W121/><G121/><T1/><D1/><U115/><E115/><V130/><F130/><W26/><G74/><T23/><D128/><U27/><E27/><V38/><F24/><N who="3" m="14383" /><G78/><T88/><D14/><U69/><E69/><V18/><F28/><N who="3" m="19479" /><G84/><T47/><D80/><U33/><E33/><V96/><F35/><W63/><G81/><T7/><D15/><U6/><E6/><V108/><F108/><W62/><G39/><AGARI ba="0,1" hai="5,11,13,39,40,45,48,50,51,52,57,93,97,100" machi="39" ten="30,5800,0" yaku="1,1,7,1,54,1,53,0" doraHai="87" doraHaiUra="34" who="1" fromWho="3" sc="240,0,235,68,270,0,245,-58" /><INIT seed="1,1,0,0,4,64" ten="240,303,270,187" oya="1" hai0="22,131,23,133,29,77,123,74,43,40,76,122,112" hai1="41,44,118,20,67,13,36,2,11,61,134,91,72" hai2="38,117,21,73,95,55,85,99,132,4,101,52,88" hai3="98,97,124,121,68,6,135,24,86,47,50,25,3"/><U128/><E118/><V31/><F117/><W34/><G121/><T129/><D29/><U69/><E72/><V81/><F38/><W12/><G3/><T33/><D74/><U59/><E134/><V94/><F132/><W19/><G124/><T5/><D133/><U130/><E2/><V14/><F73/><W103/><G6/><T56/><D56/><U39/><E20/><N who="0" m="7721" /><D5/><U126/><E91/><N who="2" m="51631" /><F31/><W105/><G68/><T60/><D60/><U65/><E126/><V75/><F75/><W63/><G63/><T57/><D57/><U110/><E67/><V30/><F4/><W89/><G98/><T8/><D8/><U125/><E125/><V17/><F30/><W26/><G34/><T27/><D27/><U58/><E39/><V84/><AGARI ba="1,0" hai="14,17,21,52,55,84,88,94,95,99,101" m="51631" machi="84" ten="30,4000,0" yaku="8,1,54,2" doraHai="64" who="2" fromWho="2" sc="240,-11,303,-21,270,43,187,-11" /><INIT seed="2,0,0,2,0,65" ten="229,282,313,176" oya="2" hai0="127,3,41,123,66,40,4,36,44,7,64,134,30" hai1="45,54,126,76,67,86,9,122,118,84,52,91,105" hai2="114,63,61,135,20,108,96,120,75,56,11,73,129" hai3="57,92,48,97,131,89,58,121,116,42,51,2,106"/><V23/><F114/><W14/><G116/><T104/><D104/><U53/><E105/><V103/><F120/><W10/><G121/><T33/><D41/><U31/><E67/><V132/><F129/><W112/><G2/><T130/><D7/><U69/><E69/><V107/><F11/><W71/><G131/><T5/><D5/><U27/><E126/><V49/><F49/><W85/><G71/><T133/><D127/><U77/><E9/><V47/><F47/><N who="3" m="25719" /><G106/><T113/><D113/><U115/><E115/><V78/><F108/><W1/><G1/><T100/><D100/><U19/><E19/><V22/><F63/><W101/><G112/><T13/><D3/><U79/><E118/><V26/><F26/><W111/><G111/><T81/><D81/><U60/><E60/><V124/><F124/><W82/><G51/><T24/><D130/><U50/><E122/><V95/><F107/><W98/><G98/><T15/><D123/><U29/><E86/><V17/><F17/><AGARI ba="0,0" hai="10,14,17,57,58,82,85,89,92,97,101" m="25719" machi="17" ten="30,1000,0" yaku="8,1" doraHai="65" who="3" fromWho="2" sc="229,0,282,0,313,-10,176,10" /><INIT seed="3,0,0,3,3,12" ten="229,282,303,186" oya="3" hai0="28,9,45,32,7,111,128,121,54,107,97,11,33" hai1="6,87,96,29,114,109,66,110,52,36,120,124,55" hai2="46,102,69,34,91,82,26,90,4,122,24,81,116" hai3="103,61,65,119,49,68,48,76,62,130,38,40,44"/><W134/><G119/><T104/><D121/><U75/><E75/><V113/><F116/><W30/><G130/><T58/><D128/><U115/><E36/><V108/><F69/><W64/><G76/><T14/><D111/><N who="1" m="42507" /><E66/><V20/><F4/><W135/><G103/><T16/><D45/><U59/><E6/><V71/><F102/><W37/><G30/><T57/><D57/><U22/><E96/><V56/><F71/><N who="3" m="42383" /><G49/><T131/><D131/><U73/><E73/><V42/><F122/><W105/><G105/><T5/><D5/><U13/><E120/><V132/><F108/><W123/><G123/><T127/><D97/><U93/><E55/><V60/><F113/><W15/><G15/><T89/><D89/><N who="1" m="53439" /><E29/><V74/><F90/><W67/><G67/><T47/><D47/><U117/><E117/><V106/><F74/><W43/><G43/><T18/><D33/><U63/><E124/><V25/><F91/><W50/><G50/><T10/><D127/><U19/><AGARI ba="0,0" hai="13,19,22,52,59,63,114,115" m="53439,42507" machi="19" ten="30,4000,0" yaku="14,1,52,1,54,1" doraHai="12" who="1" fromWho="1" sc="229,-10,282,40,303,-10,186,-20" /><INIT seed="4,0,0,1,3,52" ten="219,322,293,166" oya="0" hai0="9,56,70,134,0,25,33,90,102,110,127,105,10" hai1="36,80,122,73,128,45,116,63,67,53,30,5,41" hai2="37,32,27,44,120,21,89,108,1,129,11,74,20" hai3="125,66,3,14,133,118,86,13,69,114,4,12,99"/><T121/><D70/><U61/><E122/><V62/><F120/><W55/><G118/><T26/><D121/><U59/><E30/><V112/><F108/><W18/><G114/><T42/><D42/><U84/><E73/><V93/><F74/><W100/><G133/><T81/><D105/><U19/><E5/><V7/><F112/><W72/><G72/><T87/><D102/><U104/><E104/><V71/><F129/><W23/><G125/><T15/><D127/><U97/><E97/><V46/><F32/><W79/><G66/><T48/><D134/><U50/><E116/><V96/><F37/><W98/><G69/><T38/><D38/><U64/><E128/><V65/><REACH who="2" step="1"/><F20/><REACH who="2" ten="219,322,283,166" step="2"/><W82/><G23/><T39/><D39/><U2/><E19/><AGARI ba="0,1" hai="1,7,11,19,21,27,44,46,62,65,71,89,93,96" machi="19" ten="30,3900,0" yaku="1,1,2,1,7,1,53,0" doraHai="52" doraHaiUra="123" who="2" fromWho="1" sc="219,0,322,-39,283,49,166,0" /><INIT seed="5,0,0,4,4,55" ten="219,283,332,166" oya="1" hai0="44,106,6,72,53,74,3,19,82,39,103,28,130" hai1="54,80,8,38,94,0,66,49,99,10,89,65,63" hai2="85,46,93,83,102,79,105,135,87,90,34,35,131" hai3="115,100,88,36,86,92,30,113,32,21,73,29,104"/><U107/><E107/><V24/><F46/><W15/><G36/><T114/><D19/><U43/><E38/><V68/><F68/><W67/><G73/><T60/><D28/><U71/><E43/><V128/><F24/><W27/><G29/><T17/><D17/><U11/><E66/><V52/><F135/><W129/><G129/><N who="2" m="49737" /><F52/><W41/><G41/><T98/><D114/><N who="3" m="43529" /><G100/><T132/><D132/><U123/><E123/><V13/><F13/><W51/><G104/><T42/><D130/><U70/><E70/><V121/><F121/><W48/><G67/><T57/><REACH who="0" step="1"/><D82/><REACH who="0" ten="209,283,332,166" step="2"/><U40/><E80/><V108/><F108/><W101/><G101/><T111/><D111/><U118/><E118/><V125/><F125/><W96/><G96/><AGARI ba="0,1" hai="34,35,79,83,85,87,90,93,96,102,105" m="49737" machi="96" ten="30,1000,0" yaku="19,1" doraHai="55" who="2" fromWho="3" sc="209,0,283,0,332,20,166,-10" /><INIT seed="6,0,0,4,5,126" ten="209,283,352,156" oya="2" hai0="88,2,46,58,74,3,123,108,12,109,102,105,17" hai1="22,107,90,50,54,43,34,112,6,117,127,79,56" hai2="85,25,118,96,28,76,104,35,60,31,40,20,65" hai3="70,101,125,114,16,106,9,51,42,100,41,80,15"/><V77/><F118/><W19/><G125/><T75/><D123/><U37/><E34/><V1/><F1/><W93/><G70/><T52/><D3/><U116/><E107/><V13/><F40/><W11/><G106/><T29/><D2/><U30/><E79/><V10/><F85/><W61/><G114/><T66/><D29/><U134/><E6/><V36/><F36/><W92/><G61/><T26/><D26/><U86/><E127/><V129/><F20/><W110/><G51/><T5/><D5/><U73/><E73/><V97/><F97/><W78/><G110/><T23/><D46/><U121/><E134/><V103/><F31/><W120/><G120/><T131/><D66/><U48/><E37/><V0/><F0/><W89/><G78/><T14/><D14/><U64/><E64/><V24/><F24/><W91/><G80/><T44/><D44/><U8/><E8/><V94/><F94/><W130/><G130/><T47/><D131/><U7/><E7/><V132/><F132/><W68/><G68/><T39/><D109/><U59/><E112/><V4/><REACH who="2" step="1"/><F129/><REACH who="2" ten="209,283,342,156" step="2"/><W62/><G62/><T95/><D108/><U87/><E121/><V133/><F133/><W111/><G111/><T33/><D39/><U63/><E43/><V115/><F115/><W72/><G72/><T113/><D75/><U32/><E32/><V82/><F82/><W99/><G99/><T57/><D74/><U21/><E63/><V49/><F49/><W45/><G15/><T18/><D12/><U55/><E30/><V38/><F38/><W128/><G128/><RYUUKYOKU ba="0,1" sc="209,-30,283,10,342,10,156,10" hai1="21,22,48,50,54,55,56,59,86,87,90,116,117" hai2="4,10,13,25,28,35,60,65,76,77,96,103,104" hai3="9,11,16,19,41,42,45,89,91,92,93,100,101" /><INIT seed="6,1,1,3,2,92" ten="179,293,352,166" oya="2" hai0="120,27,66,62,89,116,34,21,90,64,94,100,55" hai1="5,134,7,112,82,30,75,60,53,4,61,88,101" hai2="45,40,77,58,38,115,133,96,9,97,31,91,12" hai3="50,129,107,15,10,71,14,99,104,36,17,98,84"/><V83/><F115/><W86/><G36/><T52/><D34/><U22/><E112/><V102/><F133/><W95/><G71/><T59/><D120/><U16/><E75/><V73/><F31/><W105/><G129/><T124/><D124/><U0/><E30/><V126/><F126/><W6/><G50/><T48/><D116/><U132/><E0/><V117/><F117/><W19/><G6/><T67/><D100/><U74/><E74/><V63/><F91/><W54/><G54/><T85/><D90/><U131/><E101/><V118/><F102/><W25/><G95/><T110/><D110/><U47/><E131/><V81/><F81/><W79/><G25/><T26/><REACH who="0" step="1"/><D21/><REACH who="0" ten="169,293,352,166" step="2"/><U24/><E134/><V93/><F118/><W103/><G103/><T109/><D109/><U114/><E114/><V49/><F93/><W119/><G119/><T29/><D29/><U123/><E123/><V121/><F121/><W108/><G108/><T56/><AGARI ba="1,2" hai="26,27,48,52,55,56,59,62,64,66,67,85,89,94" machi="56" ten="30,7900,0" yaku="1,1,0,1,8,1,54,1,53,0" doraHai="92" doraHaiUra="76" who="0" fromWho="0" sc="169,102,293,-21,352,-40,166,-21" /><INIT seed="7,0,0,4,4,71" ten="271,272,312,145" oya="3" hai0="88,113,6,7,130,12,42,104,53,128,107,110,77" hai1="81,126,11,30,99,85,49,114,52,45,108,23,73" hai2="133,67,17,41,103,82,109,97,50,22,122,124,4" hai3="10,98,61,31,106,58,29,2,63,70,87,36,118"/><W78/><G118/><T86/><D110/><U96/><E73/><V32/><F109/><W16/><G36/><T101/><D113/><U102/><E114/><V83/><F32/><W26/><G70/><T55/><D77/><N who="1" m="46255" /><E126/><V9/><F67/><W74/><G74/><T38/><D42/><U18/><E108/><V34/><F34/><W8/><G2/><T48/><D38/><U19/><E102/><V84/><F133/><W132/><G132/><T0/><D0/><U47/><E47/><V59/><F84/><W94/><G106/><T28/><D28/><N who="3" m="10825" /><G87/><T123/><D123/><U92/><E92/><V40/><F124/><W46/><G46/><T125/><D125/><U13/><E30/><V62/><F122/><W115/><G78/><T25/><D25/><AGARI ba="0,0" hai="11,13,18,19,23,25,45,49,52,96,99" m="46255" machi="25" ten="30,2000,0" yaku="8,1,54,1" doraHai="71" who="1" fromWho="0" sc="271,-20,272,20,312,0,145,0" owari="251,-15.0,292,9.0,312,41.0,145,-35.0" /></mjloggm>