<mjloggm ver="2.3"><GO type="169" lobby="0"/><UN n0="%E6%A3%AE%E4%B8%8B%E6%9C%AA%E6%95%A3%EF%BC%A0%E9%B3%B3%E5%87%B0" n1="%E3%83%88%E3%83%88%E3%83%AA%E5%85%88%E7%94%9F%31%39%E6%AD%B3" n2="%E7%89%8C%E6%B5%81%E5%AE%9A%E7%9F%B3%E6%9C%80%E9%AB%98" n3="%E3%81%98%E3%81%BF%E3%81%84%E3%81%A3%5A" dan="16,19,17,18" rate="2056.01,2345.45,2216.64,2227.39" sx="F,F,F,M"/><TAIKYOKU oya="0"/><INIT seed="0,0,0,4,5,6" ten="250,250,250,250" oya="0" hai0="127,49,5,31,114,89,113,42,93,23,52,100,120" hai1="121,109,45,110,91,90,132,61,20,79,63,30,40" hai2="119,102,56,75,92,111,95,67,57,106,66,59,14" hai3="70,123,82,28,15,3,84,41,105,77,72,62,2"/><T128/><D120/><U16/><E121/><V12/><F75/><W122/><G105/><T135/><D127/><U29/><E79/><V48/><F111/><N who="1" m="42505" /><E132/><V32/><F32/><W108/><G108/><T4/><D135/><U24/><E63/><V8/><F119/><W74/><G74/><T33/><D33/><U27/><E61/><V71/><F71/><W130/><G28/><N who="1" m="10858" /><E27/><V60/><F106/><W26/><G26/><T85/><D4/><U133/><E133/><V96/><F95/><W115/><G62/><T18/><D5/><U98/><E98/><V124/><F124/><W55/><G77/><T35/><D31/><U116/><E116/><V46/><F60/><W88/><G70/><T22/><D35/><U117/><E117/><V34/><F34/><W118/><G118/><T76/><D76/><U19/><E19/><N who="2" m="8583" /><F14/><W112/><G15/><T10/><D18/><U44/><E44/><V21/><F21/><W73/><G123/><T37/><D23/><U129/><E129/><V126/><F126/><W9/><G130/><T107/><D128/><U11/><E11/><V131/><F131/><W94/><G9/><T134/><D10/><U87/><E87/><V43/><AGARI ba="0,0" hai="43,46,48,56,57,59,66,67,92,96,102" m="8583" machi="43" ten="30,2000,0" yaku="8,1,52,1" doraHai="6" who="2" fromWho="2" sc="250,-10,250,-5,250,20,250,-5" /><INIT seed="1,0,0,5,1,97" ten="240,245,270,245" oya="1" hai0="82,83,90,32,68,47,75,19,106,122,58,95,57" hai1="22,115,30,44,36,5,51,64,123,129,67,81,133" hai2="66,119,65,132,93,105,85,20,42,8,118,102,87" hai3="62,9,104,113,0,55,124,78,126,71,2,53,84"/><U96/><E115/><V125/><F132/><W13/><G113/><T18/><D68/><U128/><E123/><V98/><F42/><W120/><G120/><T7/><D32/><U76/><E36/><V6/><F125/><W59/><G104/><T108/><D122/><U117/><E117/><V39/><F39/><W3/><G71/><T14/><D106/><U127/><E133/><V46/><F46/><W74/><G74/><T10/><D108/><U109/><E127/><N who="3" m="48682" /><G78/><T12/><D75/><U41/><E109/><V56/><F20/><W49/><G84/><T21/><D47/><U111/><E111/><V91/><F87/><W73/><G73/><T37/><D7/><U131/><E5/><V38/><F38/><W15/><G9/><T112/><D37/><U25/><REACH who="1" step="1"/><E96/><REACH who="1" ten="240,235,270,245" step="2"/><V114/><F114/><W101/><G101/><T110/><D112/><U77/><E77/><V1/><F119/><W94/><G94/><T29/><D110/><U33/><E33/><V121/><F118/><W134/><G134/><T17/><D95/><U43/><E43/><V100/><F121/><W63/><G63/><T52/><D83/><U72/><AGARI ba="0,1" hai="22,25,30,41,44,51,64,67,72,76,81,128,129,131" machi="72" ten="30,6000,0" yaku="1,1,0,1,19,1,53,0" doraHai="97" doraHaiUra="69" who="1" fromWho="1" sc="240,-20,235,70,270,-20,245,-20" /><INIT seed="1,1,0,4,5,45" ten="220,305,250,225" oya="1" hai0="100,89,21,19,26,133,24,113,123,135,85,29,52" hai1="73,69,87,31,23,8,131,75,79,125,109,110,17" hai2="84,103,128,13,30,122,68,15,82,33,44,126,42" hai3="38,121,11,46,4,104,80,129,112,43,115,119,90"/><U61/><E31/><V63/><F122/><W54/><G121/><T22/><D113/><U96/><E131/><V97/><F128/><W60/><G104/><T27/><D123/><U108/><E125/><V67/><F126/><W66/><G119/><T94/><D100/><U28/><E28/><V16/><F30/><W81/><G54/><T111/><D111/><U83/><E8/><V120/><F33/><W47/><G47/><T93/><D26/><U10/><E10/><V65/><F65/><W132/><G132/><T71/><D71/><U78/><E78/><V91/><F120/><W6/><G6/><T3/><D3/><U102/><E61/><V40/><F40/><W134/><G134/><T64/><D64/><U72/><E69/><V92/><REACH who="2" step="1"/><F16/><REACH who="2" ten="220,305,240,225" step="2"/><W50/><G129/><T34/><D34/><U107/><REACH who="1" step="1"/><E73/><REACH who="1" ten="220,295,240,225" step="2"/><V70/><F70/><W99/><G115/><T12/><D135/><U37/><E37/><AGARI ba="1,2" hai="13,15,37,42,44,63,67,68,82,84,91,92,97,103" machi="37" ten="30,3900,0" yaku="1,1,7,1,53,1" doraHai="45" doraHaiUra="57" who="2" fromWho="1" sc="220,0,295,-42,240,62,225,0" /><INIT seed="2,0,0,0,2,101" ten="220,253,302,225" oya="2" hai0="36,74,83,58,48,109,117,106,69,14,92,59,60" hai1="119,38,21,1,12,67,86,65,102,70,94,76,45" hai2="62,126,90,89,6,10,47,2,77,37,41,7,18" hai3="124,130,110,71,122,108,113,15,5,98,9,0,75"/><V16/><F126/><W26/><G75/><T111/><D14/><U3/><E119/><V82/><F7/><W96/><G71/><T54/><D92/><U4/><E38/><V42/><F41/><W107/><G122/><T56/><D83/><U80/><E70/><V134/><F134/><W63/><G124/><T40/><D74/><U133/><E133/><V118/><F62/><W104/><G113/><T8/><D8/><N who="1" m="4103" /><E3/><V25/><F118/><W29/><G63/><T35/><D35/><U97/><E1/><V125/><F125/><W19/><G130/><T30/><D30/><U52/><E21/><V68/><F68/><W20/><G98/><T34/><D34/><U91/><E76/><V128/><F128/><W129/><G96/><T27/><D27/><U17/><E17/><V49/><F49/><AGARI ba="0,0" hai="45,49,52,65,67,80,86,91,94,97,102" m="4103" machi="49" ten="30,2000,0" yaku="8,1,54,1" doraHai="101" who="1" fromWho="2" sc="220,0,253,20,302,-20,225,0" /><INIT seed="3,0,0,5,2,73" ten="220,273,282,225" oya="3" hai0="100,115,89,77,132,108,104,121,27,113,58,125,135" hai1="49,13,18,34,76,69,44,130,32,19,87,30,82" hai2="105,86,107,16,4,98,46,57,93,55,95,28,66" hai3="21,99,70,114,117,84,11,71,31,6,41,53,8"/><W120/><G114/><N who="0" m="43531" /><D121/><U20/><E130/><V126/><F4/><W45/><G120/><T123/><D123/><U43/><E69/><V62/><F28/><W124/><G117/><T68/><D68/><U127/><E30/><V25/><F126/><W56/><G124/><T129/><D125/><U29/><E127/><V61/><F86/><W92/><G84/><T33/><D58/><U101/><E29/><V106/><F98/><W116/><G116/><T78/><D129/><U91/><E101/><V23/><REACH who="2" step="1"/><F46/><REACH who="2" ten="220,273,272,225" step="2"/><W12/><G31/><N who="0" m="19711" /><D108/><U72/><REACH who="1" step="1"/><E19/><REACH who="1" ten="220,263,272,225" step="2"/><V60/><F60/><W51/><G6/><T39/><D132/><U109/><E109/><V59/><AGARI ba="0,2" hai="16,23,25,55,57,59,61,62,66,93,95,105,106,107" machi="59" ten="40,8000,1" yaku="1,1,0,1,54,1,53,2" doraHai="73" doraHaiUra="52" who="2" fromWho="2" sc="220,-20,263,-20,272,100,225,-40" /><INIT seed="4,0,0,1,0,120" ten="200,243,372,185" oya="0" hai0="128,38,124,49,99,60,79,19,104,107,116,61,34" hai1="21,74,31,91,66,80,131,0,28,11,123,93,17" hai2="8,47,125,69,16,84,44,77,54,95,72,121,22" hai3="27,135,97,82,56,13,86,5,24,102,4,96,110"/><T88/><D116/><U1/><E123/><V33/><F33/><W64/><G135/><T117/><D117/><U18/><E131/><V57/><F69/><W126/><G126/><T119/><D119/><U59/><E74/><V89/><F125/><W48/><G110/><T83/><D38/><U114/><E80/><V106/><F106/><W127/><G127/><T87/><D124/><U43/><E43/><V25/><F121/><W133/><G133/><T62/><D34/><U101/><E101/><V40/><F40/><W132/><G132/><T29/><D29/><U94/><E94/><V122/><F122/><W45/><G24/><T100/><D19/><U36/><E36/><V113/><F8/><W118/><G27/><T111/><D128/><U6/><E0/><V90/><F90/><W10/><G5/><T42/><D111/><U78/><E78/><V103/><F103/><W26/><G26/><T81/><D49/><U73/><E73/><V2/><F2/><W75/><G75/><T23/><D23/><U32/><E32/><V15/><F25/><W52/><G102/><T85/><REACH who="0" step="1"/><D42/><REACH who="0" ten="190,243,372,185" step="2"/><U50/><E50/><V51/><F51/><W71/><G118/><T46/><D46/><U109/><E109/><V41/><F41/><W30/><G30/><N who="1" m="11306" /><E21/><V65/><F47/><W20/><G20/><T108/><D108/><U70/><E18/><V105/><F44/><W35/><G35/><T67/><D67/><U129/><E17/><V115/><F65/><W134/><G134/><T39/><D39/><U92/><E129/><V53/><F22/><W58/><G45/><RYUUKYOKU ba="0,1" sc="190,30,243,-10,372,-10,185,-10" hai0="60,61,62,79,81,83,85,87,88,99,100,104,107" /><INIT seed="4,1,1,1,0,119" ten="220,233,362,175" oya="0" hai0="24,105,86,41,76,129,85,52,120,40,104,97,55" hai1="61,131,89,21,118,12,18,134,46,42,9,102,66" hai2="103,88,49,74,64,47,59,82,65,25,31,13,56" hai3="7,115,44,127,53,4,71,27,35,80,100,5,109"/><T48/><D120/><U0/><E118/><V51/><F103/><W92/><G71/><T36/><D36/><U110/><E110/><V1/><F1/><W113/><G109/><T50/><D24/><U123/><E131/><V106/><F106/><W75/><G127/><T23/><D23/><U68/><E134/><V45/><F13/><W37/><G75/><T60/><D60/><U72/><E72/><V95/><F82/><W2/><G80/><T111/><D111/><U67/><E67/><V78/><F78/><W22/><G35/><T63/><D63/><U87/><E102/><V77/><F77/><W15/><G15/><T90/><D90/><U93/><E0/><V69/><F74/><W96/><G2/><T122/><D76/><U79/><E79/><V112/><F112/><W43/><REACH who="3" step="1"/><G53/><REACH who="3" ten="220,233,362,165" step="2"/><T132/><D132/><U62/><E68/><V10/><F69/><W126/><G126/><T121/><D129/><U73/><E73/><V114/><F114/><W29/><AGARI ba="1,2" hai="4,5,7,22,27,29,37,43,44,92,96,100,113,115" machi="29" ten="30,2000,0" yaku="1,1,0,1,53,0" doraHai="119" doraHaiUra="32" who="3" fromWho="3" sc="220,-11,233,-6,362,-6,165,43" /><INIT seed="5,0,0,3,4,82" ten="209,227,356,208" oya="1" hai0="27,77,66,64,106,90,92,29,37,72,20,114,61" hai1="2,76,112,111,105,116,23,50,131,126,107,81,5" hai2="73,60,42,108,34,93,0,33,35,4,44,32,89" hai3="46,71,78,102,97,3,18,55,16,100,1,56,41"/><U26/><E116/><V63/><F35/><W94/><G71/><T95/><D106/><U45/><E112/><V38/><F73/><W129/><G129/><T128/><D37/><U10/><E126/><V104/><F104/><W52/><G78/><T87/><D114/><U99/><E99/><V62/><F108/><W48/><G102/><T36/><D36/><U98/><E98/><V22/><F22/><W118/><G118/><T68/><D128/><U74/><E111/><V91/><F93/><W53/><REACH who="3" step="1"/><G56/><REACH who="3" ten="209,227,356,198" step="2"/><T13/><D77/><U28/><REACH who="1" step="1"/><E131/><REACH who="1" ten="209,217,356,198" step="2"/><V21/><F21/><W58/><G58/><T109/><D20/><U11/><E11/><V117/><F117/><W115/><G115/><T110/><D109/><U15/><E15/><V79/><F33/><W19/><AGARI ba="0,2" hai="1,3,16,18,19,41,46,48,52,53,55,94,97,100" machi="19" ten="30,12000,2" yaku="1,1,0,1,54,2,53,3" doraHai="82" doraHaiUra="14" who="3" fromWho="3" sc="209,-30,217,-60,356,-30,198,140" /><INIT seed="6,0,0,0,1,98" ten="179,157,326,338" oya="2" hai0="131,29,86,88,9,109,4,73,83,127,71,43,108" hai1="85,54,23,16,120,63,28,122,110,135,132,60,3" hai2="125,65,129,14,59,39,22,55,82,119,13,18,99" hai3="97,133,81,30,101,6,8,34,51,25,5,62,35"/><V41/><F119/><W68/><G133/><N who="1" m="51274" /><E110/><V95/><F125/><W52/><G35/><T114/><D127/><U77/><E3/><V38/><F129/><W48/><G81/><T26/><D131/><U69/><E28/><V130/><F130/><W57/><G68/><T53/><D71/><U21/><E21/><V46/><F65/><W1/><REACH who="3" step="1"/><G6/><REACH who="3" ten="179,157,326,328" step="2"/><T20/><D109/><U123/><E69/><V106/><F82/><W96/><G96/><T91/><D108/><U47/><E85/><V89/><F106/><AGARI ba="0,1" hai="1,5,8,25,30,34,48,51,52,57,62,97,101,106" machi="106" ten="30,7700,0" yaku="1,1,7,1,52,1,54,1,53,0" doraHai="98" doraHaiUra="105" who="3" fromWho="2" sc="179,0,157,0,326,-77,328,87" /><INIT seed="7,0,0,5,2,48" ten="179,157,249,415" oya="3" hai0="107,100,128,55,20,12,34,57,87,129,130,117,75" hai1="70,86,44,21,134,123,43,22,2,104,113,110,84" hai2="23,54,28,133,3,30,64,91,67,73,118,27,36" hai3="63,47,85,66,71,60,121,89,68,45,99,15,82"/><W115/><G121/><T13/><D117/><U41/><E110/><V11/><F73/><W74/><G74/><T49/><D75/><U33/><E123/><V50/><F36/><W97/><G115/><T103/><D34/><U95/><E33/><V120/><F133/><W98/><G15/><N who="0" m="5707" /><D107/><U25/><E104/><V37/><F30/><W4/><G4/><T119/><D119/><U35/><E2/><V72/><F37/><W101/><G101/><N who="0" m="38987" /><D20/><N who="1" m="7787" /><E35/><V42/><F23/><W102/><G102/><T32/><D32/><U52/><E70/><V26/><F3/><W109/><G109/><T132/><D132/><U53/><E134/><V135/><F72/><W17/><G17/><T90/><D87/><N who="1" m="33323" /><E113/><V56/><F118/><W51/><G51/><T69/><D69/><U111/><E111/><V106/><F50/><W18/><G18/><T19/><D19/><U58/><E44/><V24/><F135/><W88/><G89/><AGARI ba="0,0" hai="49,55,57,89,90,128,129,130" m="38987,5707" machi="89" ten="40,2600,0" yaku="19,1,52,1" doraHai="48" who="0" fromWho="3" sc="179,26,157,0,249,0,415,-26" owari="205,-19.0,157,-34.0,249,5.0,389,48.0" /></mjloggm>