<mjloggm ver="2.3"><GO type="169" lobby="0"/><UN n0="%E3%83%88%E3%83%8B%E3%83%BC%E2%98%85%E5%BD%A1" n1="%E4%BA%BA%E7%94%9F%E3%83%95%E3%83%AB%E3%82%BC%E3%83%B3%E3%83%84" n2="%E3%81%BE%E3%81%82%E3%81%BC%E3%81%86%E5%A4%A7%E4%BD%90" n3="%E3%82%A6%E3%83%AB%E3%83%88%E3%83%A9%E7%AB%8B%E7%9B%B4" dan="17,16,17,18" rate="2173.10,2076.73,2156.59,2240.49" sx="M,M,F,M"/><TAIKYOKU oya="0"/><INIT seed="0,0,0,3,4,11" ten="250,250,250,250" oya="0" hai0="121,42,22,87,61,73,124,106,119,37,1,79,26" hai1="45,60,31,131,104,29,128,18,72,134,46,90,81" hai2="12,110,85,8,32,114,41,19,66,13,101,53,127" hai3="89,23,14,105,117,129,133,97,122,47,28,35,2"/><T95/><D121/><U0/><E0/><V92/><F114/><W25/><G117/><T86/><D119/><U108/><E104/><V74/><F74/><W27/><G129/><N who="1" m="49738" /><E108/><V33/><F110/><W70/><G70/><T96/><D1/><U109/><E109/><V55/><F66/><W39/><G2/><T49/><D37/><U51/><E134/><V88/><F41/><W77/><G77/><T132/><D106/><U82/><E60/><V52/><F127/><W130/><G133/><T21/><D21/><U115/><E115/><V48/><F101/><W107/><G39/><T125/><D61/><U83/><E72/><V10/><REACH who="2" step="1"/><F48/><REACH who="2" ten="250,250,240,250" step="2"/><W20/><G130/><T15/><D49/><U78/><E51/><V80/><F80/><W103/><G103/><T68/><D42/><U65/><E65/><V112/><F112/><W120/><G120/><T9/><D132/><U67/><E67/><V123/><F123/><W91/><G122/><T75/><D68/><U59/><E78/><V3/><F3/><W98/><G107/><T58/><D79/><U62/><E90/><V57/><F57/><W93/><G91/><N who="0" m="55423" /><D58/><U40/><E40/><V84/><F84/><N who="0" m="32298" /><D125/><U43/><E43/><V16/><AGARI ba="0,1" hai="8,10,12,13,16,19,32,33,52,53,55,85,88,92" machi="16" ten="30,16000,3" yaku="1,1,0,1,9,1,52,2,54,3,53,0" doraHai="11" doraHaiUra="76" who="2" fromWho="2" sc="250,-80,250,-40,240,170,250,-40" /><INIT seed="1,0,0,1,1,98" ten="170,210,410,210" oya="1" hai0="70,118,73,82,2,86,14,51,84,11,45,89,95" hai1="23,105,120,107,21,114,71,122,60,75,52,35,92" hai2="39,132,43,1,109,93,44,40,8,64,46,99,34" hai3="9,38,113,63,7,4,58,128,121,134,96,124,20"/><U76/><E114/><V53/><F34/><W133/><G38/><T27/><D70/><U0/><E35/><V81/><F109/><W100/><G121/><T62/><D118/><U110/><E0/><V116/><F116/><W104/><G113/><T66/><D2/><U130/><E110/><V61/><F132/><N who="3" m="50795" /><G128/><T88/><D73/><U83/><E130/><V30/><F30/><W97/><G124/><T36/><D36/><U111/><E111/><V28/><F28/><W126/><G126/><T5/><D27/><U77/><E77/><V80/><F53/><W72/><G72/><T3/><D3/><U68/><E122/><V24/><F24/><W48/><G48/><T65/><D62/><U85/><E120/><V127/><F127/><W15/><G20/><T117/><REACH who="0" step="1"/><D117/><REACH who="0" ten="160,210,410,210" step="2"/><U47/><E71/><V26/><F61/><W18/><G97/><T42/><AGARI ba="0,1" hai="5,11,14,42,45,51,65,66,82,84,86,88,89,95" machi="42" ten="20,12000,2" yaku="1,1,2,1,0,1,7,1,8,1,54,1,53,0" doraHai="98" doraHaiUra="103" who="0" fromWho="0" sc="160,130,210,-60,410,-30,210,-30" /><INIT seed="2,0,0,3,5,3" ten="290,150,380,180" oya="2" hai0="123,16,101,87,13,59,82,30,21,115,127,124,100" hai1="17,36,70,85,116,49,37,122,48,95,133,15,22" hai2="88,24,50,62,45,2,54,131,6,58,120,107,68" hai3="38,53,32,97,75,42,118,91,105,34,98,14,134"/><V46/><F120/><W126/><G118/><T27/><D123/><U86/><E116/><V106/><F131/><W94/><G75/><T29/><D29/><U44/><E122/><V130/><F130/><W76/><G76/><T18/><D18/><U43/><E70/><V74/><F74/><W28/><G126/><N who="0" m="48171" /><D59/><U71/><E71/><V47/><F24/><W110/><G110/><T119/><D115/><U5/><E133/><V26/><F26/><W128/><G28/><T12/><D12/><U114/><E114/><V111/><F111/><W33/><G14/><T102/><D119/><U135/><E135/><V40/><F40/><W129/><G42/><T35/><D102/><U89/><E5/><V56/><F68/><W63/><G134/><T0/><D0/><U113/><E113/><V79/><F79/><AGARI ba="0,0" hai="13,16,21,27,30,35,79,82,87,100,101" m="48171" machi="79" ten="30,2000,0" yaku="18,1,54,1" doraHai="3" who="0" fromWho="2" sc="290,20,150,0,380,-20,180,0" /><INIT seed="3,0,0,4,5,50" ten="310,150,360,180" oya="3" hai0="62,56,112,126,42,17,63,117,46,131,64,86,78" hai1="101,115,104,95,4,5,83,110,109,75,6,98,77" hai2="73,34,88,49,13,2,85,94,31,121,105,91,8" hai3="19,3,125,92,32,80,135,1,23,87,74,43,119"/><W72/><G119/><T18/><D117/><U39/><E39/><V69/><F69/><W130/><G32/><T129/><D126/><U26/><E115/><V60/><F73/><W59/><G43/><T84/><D112/><U21/><REACH who="1" step="1"/><E104/><REACH who="1" ten="310,140,360,180" step="2"/><V107/><F105/><W52/><G125/><T20/><D131/><U90/><E90/><V57/><F107/><W35/><G130/><T127/><D129/><U71/><E71/><V30/><F88/><N who="3" m="53279" /><G35/><T76/><D127/><U102/><E102/><V0/><F91/><W25/><G135/><T89/><D89/><U12/><E12/><V48/><F94/><W24/><G1/><T37/><D78/><U27/><E27/><V120/><F0/><W124/><G3/><T41/><D76/><U47/><E47/><V134/><F2/><W66/><G124/><T79/><D79/><U29/><AGARI ba="0,1" hai="4,5,6,21,26,29,75,77,83,95,98,101,109,110" machi="29" ten="30,2000,0" yaku="1,1,0,1,53,0" doraHai="50" doraHaiUra="67" who="1" fromWho="1" sc="310,-5,140,30,360,-5,180,-10" /><INIT seed="4,0,0,5,2,46" ten="305,170,355,170" oya="0" hai0="61,5,118,58,16,125,9,75,70,135,47,2,41" hai1="27,109,81,56,127,106,8,132,6,84,1,54,25" hai2="50,45,69,101,66,130,3,64,12,122,108,31,28" hai3="100,133,68,80,76,79,44,65,90,77,93,53,102"/><T113/><D118/><U11/><E109/><V116/><F108/><W119/><G68/><T114/><D135/><U121/><E132/><V43/><F3/><W112/><G65/><T124/><D75/><U111/><E111/><V86/><F122/><W22/><G133/><T62/><D70/><U89/><E121/><V96/><F130/><W85/><G119/><T110/><D110/><U17/><E106/><V60/><F66/><W36/><G36/><T38/><D16/><U26/><E127/><N who="0" m="48713" /><D58/><U51/><REACH who="1" step="1"/><E11/><REACH who="1" ten="305,160,355,170" step="2"/><V99/><F116/><W98/><G112/><AGARI ba="0,1" hai="2,5,9,38,41,47,61,62,112,113,114" m="48713" machi="112" ten="30,2900,0" yaku="15,1,18,1" doraHai="46" who="0" fromWho="3" sc="305,39,160,0,355,0,170,-29" /><INIT seed="4,1,0,3,0,50" ten="344,160,355,141" oya="0" hai0="8,38,104,108,23,19,130,113,101,100,17,103,0" hai1="6,119,107,31,7,25,73,28,67,63,112,72,95" hai2="3,58,77,125,85,12,90,81,132,116,105,2,131" hai3="111,37,97,86,99,92,55,16,114,122,41,121,4"/><T124/><D113/><U53/><E119/><V22/><F105/><W21/><G4/><T45/><D130/><U56/><E107/><V102/><F102/><W61/><G111/><T29/><D124/><U30/><E112/><V91/><F131/><W64/><G114/><T10/><D104/><U96/><E25/><V32/><F32/><W62/><G41/><T120/><D120/><N who="3" m="46185" /><G37/><T98/><D98/><U26/><E26/><V82/><F125/><W59/><G86/><T34/><D34/><U60/><E73/><V66/><F132/><W133/><G133/><T135/><D135/><U35/><E72/><V44/><F44/><W118/><G92/><T109/><D45/><U24/><E24/><V94/><F116/><W15/><G118/><T20/><D38/><U129/><E35/><V71/><F71/><AGARI ba="1,0" hai="15,16,21,55,59,61,62,64,71,97,99" m="46185" machi="71" ten="30,3900,0" yaku="13,1,52,1,54,1" doraHai="50" who="3" fromWho="2" sc="344,0,160,0,355,-42,141,42" /><INIT seed="5,0,0,4,2,5" ten="344,160,313,183" oya="1" hai0="11,111,83,56,73,89,68,34,103,81,13,99,105" hai1="116,58,9,36,39,0,71,2,113,120,27,125,93" hai2="102,29,33,69,42,96,57,118,91,65,31,123,129" hai3="20,28,101,87,24,80,3,95,47,106,38,26,133"/><U88/><E71/><V10/><F123/><W108/><G108/><T67/><D111/><U37/><E120/><V109/><F109/><W22/><G3/><T19/><D73/><U134/><E116/><V7/><F118/><W16/><G106/><T66/><D66/><U92/><E113/><V115/><F57/><W15/><G133/><T100/><D100/><U84/><E134/><V122/><F91/><W77/><G38/><T79/><D79/><U32/><E125/><V54/><F54/><W104/><G104/><T70/><D34/><U50/><E93/><V132/><F29/><W46/><REACH who="3" step="1"/><G26/><REACH who="3" ten="344,160,313,173" step="2"/><T98/><D105/><U55/><REACH who="1" step="1"/><E9/><REACH who="1" ten="344,150,313,173" step="2"/><V8/><F10/><W114/><G114/><T127/><D11/><U86/><E86/><V76/><F8/><W74/><G74/><T112/><D112/><U53/><E53/><V23/><F115/><W4/><G4/><T62/><D127/><U1/><E1/><V48/><F7/><W64/><G64/><T14/><D67/><U12/><E12/><V17/><F65/><W60/><G60/><T130/><D13/><U52/><E52/><V35/><F132/><W40/><G40/><T90/><D14/><U45/><E45/><V43/><F42/><W25/><G25/><T121/><D62/><U72/><E72/><V110/><F43/><W135/><G135/><T61/><D61/><U18/><E18/><V117/><F17/><W51/><G51/><T41/><D19/><U21/><E21/><V75/><F23/><W49/><G49/><T44/><D44/><U128/><E128/><V94/><F129/><RYUUKYOKU ba="0,2" sc="344,-15,150,15,313,-15,173,15" hai1="0,2,27,32,36,37,39,50,55,58,84,88,92" hai3="15,16,20,22,24,28,46,47,77,80,87,95,101" /><INIT seed="5,1,2,2,3,64" ten="329,165,298,188" oya="1" hai0="101,8,36,6,19,115,38,129,59,52,15,34,30" hai1="23,46,128,87,51,9,94,37,84,107,28,89,63" hai2="112,126,27,124,32,4,22,102,118,47,43,92,123" hai3="90,91,78,16,62,106,120,96,0,26,67,131,86"/><U113/><E107/><V77/><F123/><W41/><G0/><T79/><D115/><U56/><E37/><V71/><F118/><W10/><G120/><T11/><D129/><U5/><E113/><V70/><F112/><W2/><G131/><T135/><D101/><U104/><E104/><V68/><F77/><W29/><G41/><T1/><D135/><U21/><E128/><V81/><F81/><W54/><G54/><T49/><REACH who="0" step="1"/><D79/><REACH who="0" ten="319,165,298,188" step="2"/><U48/><E84/><V97/><F32/><W61/><G78/><T55/><D55/><N who="1" m="34207" /><E28/><V114/><F114/><W72/><G29/><T105/><D105/><U75/><E75/><V17/><REACH who="2" step="1"/><F4/><REACH who="2" ten="319,165,288,188" step="2"/><W18/><G72/><T127/><D127/><U24/><E5/><V132/><F132/><W109/><G106/><T3/><D3/><U60/><E94/><V12/><F12/><W35/><G2/><T58/><D58/><U103/><E24/><AGARI ba="1,4" hai="1,6,8,11,15,19,24,30,34,36,38,49,52,59" machi="24" ten="40,2600,0" yaku="1,1,54,1,53,0" doraHai="64" doraHaiUra="80" who="0" fromWho="1" sc="319,69,165,-29,288,0,188,0" /><INIT seed="6,0,0,3,5,86" ten="388,136,288,188" oya="2" hai0="1,88,77,102,126,69,132,43,45,95,120,101,64" hai1="25,73,97,72,117,12,0,42,58,50,89,98,83" hai2="128,107,110,28,99,52,114,66,111,16,94,106,47" hai3="44,36,115,30,91,71,130,41,26,67,4,18,22"/><V84/><F114/><W56/><G130/><T63/><D120/><U6/><E0/><V127/><F128/><W85/><G4/><T81/><D1/><U24/><E117/><V8/><F66/><W134/><G134/><T48/><D132/><U17/><E6/><V55/><F28/><W54/><G115/><T68/><D68/><U125/><E125/><V118/><F84/><W105/><G105/><T10/><D10/><U90/><E73/><V21/><F8/><W116/><G116/><T35/><D35/><U62/><E72/><V60/><F127/><W70/><G67/><T29/><D29/><U108/><E108/><N who="2" m="41515" /><F47/><W121/><G30/><T5/><D5/><U49/><E83/><V122/><F118/><W32/><G32/><T31/><D31/><U19/><E42/><V39/><F39/><W129/><G129/><T112/><D112/><U104/><E104/><N who="2" m="39979" /><F60/><W46/><G46/><T27/><D126/><U20/><E98/><V96/><F122/><W34/><G34/><T76/><D76/><U78/><E78/><V74/><F74/><W37/><G37/><T131/><D131/><U80/><E97/><N who="2" m="37451" /><F94/><W109/><G109/><T57/><D95/><U23/><E80/><V82/><F82/><W119/><G119/><T13/><D81/><U87/><E87/><V65/><F65/><W75/><G75/><T38/><D64/><N who="1" m="38999" /><E25/><AGARI ba="0,0" hai="16,21,25,52,55" m="37451,39979,41515" machi="25" ten="30,5800,0" yaku="10,1,54,2" doraHai="86" who="2" fromWho="1" sc="388,0,136,-58,288,58,188,0" /><INIT seed="6,1,0,0,3,5" ten="388,78,346,188" oya="2" hai0="94,25,53,93,50,45,12,55,77,131,9,41,73" hai1="100,104,68,80,26,47,110,116,8,123,107,49,38" hai2="10,37,71,84,3,120,60,62,106,118,103,90,128" hai3="56,30,121,46,134,126,111,113,27,66,97,23,22"/><V102/><F120/><W28/><G111/><T14/><D131/><U44/><E110/><V24/><F118/><W18/><G121/><T67/><D67/><U29/><E123/><V42/><F128/><W108/><G108/><T117/><D117/><U7/><E116/><V4/><F37/><W105/><G105/><T0/><D0/><U64/><E38/><V88/><F42/><W79/><G79/><T6/><D73/><U40/><E47/><V72/><F72/><W63/><G126/><T48/><D77/><U115/><E115/><V21/><F62/><W99/><G134/><T127/><D41/><U96/><E80/><V52/><F106/><W87/><G113/><T95/><D127/><U109/><E109/><V54/><F90/><W124/><G124/><T81/><D81/><U130/><E130/><V75/><F75/><W32/><G87/><T133/><D133/><U132/><E132/><V17/><F54/><W129/><G129/><T20/><D14/><U82/><E82/><V34/><F34/><W122/><G122/><T51/><D45/><U125/><E125/><V16/><F17/><AGARI ba="1,0" hai="6,9,12,17,20,25,48,50,51,53,55,93,94,95" machi="17" ten="40,2600,0" yaku="8,1,52,1" doraHai="5" who="0" fromWho="2" sc="388,29,78,0,346,-29,188,0" /><INIT seed="7,0,0,4,3,55" ten="417,78,317,188" oya="3" hai0="73,11,107,16,94,74,127,91,82,9,98,99,90" hai1="85,12,35,77,22,79,132,110,4,124,88,63,43" hai2="54,113,128,26,45,41,42,70,131,95,5,40,33" hai3="57,122,106,44,60,126,2,86,100,36,109,6,123"/><W119/><G119/><T102/><D127/><U34/><E124/><V31/><F70/><W14/><G2/><T76/><D73/><U134/><E132/><V71/><F71/><W17/><G6/><T133/><D133/><U93/><E134/><V62/><F5/><W120/><G126/><T24/><D91/><U37/><E110/><V13/><F13/><W92/><G106/><T3/><D3/><U112/><E112/><V114/><F95/><W108/><G44/><T8/><REACH who="0" step="1"/><D24/><REACH who="0" ten="407,78,317,188" step="2"/><U96/><E37/><V78/><F78/><W130/><G36/><T50/><D50/><U80/><E43/><V23/><F33/><W104/><G104/><T1/><D1/><U25/><E79/><V97/><F97/><W7/><G7/><T67/><D67/><U75/><E75/><V46/><F114/><W66/><G130/><N who="2" m="49705" /><F113/><W64/><G64/><T129/><D129/><U56/><E12/><AGARI ba="0,1" hai="8,9,11,12,16,74,76,82,90,94,98,99,102,107" machi="12" ten="40,2600,0" yaku="1,1,54,1,53,0" doraHai="55" doraHaiUra="81" who="0" fromWho="1" sc="407,36,78,-26,317,0,188,0" owari="443,54.0,52,-45.0,317,12.0,188,-21.0" /></mjloggm>