<mjloggm ver="2.3"><GO type="169" lobby="0"/><UN n0="%E3%81%AC%E3%81%8F%E3%82%82%E3%82%8A" n1="%E3%82%A6%E3%83%AB%E3%83%88%E3%83%A9%E7%AB%8B%E7%9B%B4" n2="%E3%82%B7%E3%83%B3%E3%83%97%E3%83%AB%E3%81%AA%E3%83%AF%E3%82%AD%E3%82%AC" n3="%E3%82%8A%E3%82%81%E3%82%8D" dan="16,18,19,16" rate="2149.19,2243.60,2212.11,2083.87" sx="M,M,M,M"/><TAIKYOKU oya="0"/><INIT seed="0,0,0,1,5,51" ten="250,250,250,250" oya="0" hai0="83,24,18,98,135,14,70,6,93,39,41,77,101" hai1="40,49,75,117,20,112,103,29,100,17,86,47,2" hai2="45,85,128,25,72,13,52,59,126,37,71,82,46" hai3="94,81,99,22,95,26,50,107,27,115,73,102,118"/><T129/><D70/><U62/><E75/><V44/><F71/><W91/><G115/><T53/><D129/><U113/><E2/><V7/><F128/><W69/><G69/><T38/><D135/><U60/><E117/><V10/><F126/><W33/><G118/><T5/><D24/><U78/><E29/><V111/><F111/><W109/><G109/><T31/><D31/><U108/><E108/><V43/><F25/><W106/><G33/><T30/><D30/><U67/><E113/><V3/><F13/><W66/><G66/><T119/><D119/><U88/><E78/><N who="2" m="44359" /><F85/><W42/><G26/><T132/><D132/><U124/><E124/><V23/><F23/><W97/><G81/><T35/><D35/><U56/><E62/><AGARI ba="0,0" hai="3,7,10,37,43,44,45,46,52,59,62" m="44359" machi="62" ten="30,3900,0" yaku="25,1,52,1,54,1" doraHai="51" who="2" fromWho="1" sc="250,0,250,-39,250,39,250,0" /><INIT seed="1,0,0,4,0,85" ten="250,211,289,250" oya="1" hai0="33,103,19,17,56,129,107,15,99,105,78,61,75" hai1="60,1,108,121,113,91,72,100,97,23,119,31,130" hai2="112,135,116,22,38,30,94,51,57,132,96,8,106" hai3="90,62,7,109,6,92,24,3,122,0,44,16,47"/><U95/><E1/><V114/><F38/><W89/><G122/><T46/><D33/><U35/><E35/><V111/><F106/><W58/><G109/><T64/><D129/><U70/><E119/><V128/><F116/><W18/><G24/><T124/><D124/><U101/><E113/><N who="2" m="43627" /><F111/><W93/><G58/><T65/><D105/><U53/><E108/><V76/><F76/><W39/><G62/><T81/><D46/><U36/><E36/><AGARI ba="0,0" hai="0,3,6,7,16,18,36,39,44,47,89,90,92,93" machi="36" ten="25,8000,1" yaku="22,2,52,2,54,1" doraHai="85" who="3" fromWho="1" sc="250,0,211,-80,289,0,250,80" /><INIT seed="2,0,0,3,3,48" ten="250,131,289,330" oya="2" hai0="61,90,78,7,51,106,38,17,72,76,93,81,22" hai1="39,47,55,33,108,124,126,64,107,54,57,37,101" hai2="82,87,41,135,120,3,103,6,133,92,15,95,60" hai3="20,12,27,11,28,31,77,46,121,104,21,123,129"/><V30/><F120/><W97/><G129/><T52/><D38/><N who="1" m="14347" /><E33/><V2/><F41/><W73/><G77/><T110/><D106/><U50/><E101/><V109/><F30/><W10/><G73/><T98/><D110/><U128/><E107/><V118/><F118/><W68/><G68/><T119/><D119/><U71/><E108/><V96/><F109/><W0/><G46/><T102/><D7/><U40/><E128/><V84/><F92/><W45/><G45/><T53/><D78/><U105/><E105/><V49/><F49/><W125/><G97/><T24/><D61/><N who="1" m="40335" /><E40/><V69/><F15/><W8/><G104/><T65/><D102/><U34/><E34/><V25/><F25/><N who="3" m="16423" /><G123/><T42/><REACH who="0" step="1"/><D65/><REACH who="0" ten="240,131,289,330" step="2"/><U99/><E99/><V9/><F96/><W66/><G66/><T88/><D88/><U14/><E14/><V70/><F103/><W79/><G121/><T75/><D75/><U113/><E113/><V131/><F87/><W35/><G79/><T29/><D29/><U85/><E85/><V94/><F84/><W114/><G114/><T127/><D127/><U89/><E89/><V43/><F6/><N who="3" m="1095" /><G125/><T36/><D36/><U83/><E83/><V63/><F82/><W74/><G74/><T18/><D18/><AGARI ba="0,1" hai="10,11,12,18,21,27,31,35" m="1095,16423" machi="18" ten="30,12000,2" yaku="24,1,35,5" doraHai="48" who="3" fromWho="0" sc="240,-120,131,0,289,0,330,130" /><INIT seed="3,0,0,3,5,66" ten="120,131,289,460" oya="3" hai0="43,78,44,115,65,99,60,85,0,15,135,57,4" hai1="129,24,1,104,6,89,20,3,25,109,77,88,59" hai2="74,12,31,82,100,102,9,93,17,112,80,113,41" hai3="130,122,75,118,38,11,94,19,46,18,98,83,35"/><W7/><G118/><T92/><D135/><U2/><E104/><V81/><F74/><W107/><G122/><T68/><D115/><U10/><E77/><V63/><F41/><W131/><G107/><T42/><D0/><U132/><E132/><V105/><F31/><W51/><G38/><T87/><D57/><U22/><E59/><V64/><F105/><W133/><G35/><T40/><D44/><U30/><E109/><V127/><F127/><W124/><G83/><T49/><D49/><U45/><E45/><V114/><REACH who="2" step="1"/><F93/><REACH who="2" ten="120,131,279,460" step="2"/><W50/><G75/><T79/><D42/><U103/><E129/><N who="3" m="49162" /><G133/><T14/><D43/><U61/><E30/><V90/><F90/><N who="3" m="55639" /><G124/><T86/><D40/><U69/><E89/><V33/><F33/><W29/><G29/><T76/><REACH who="0" step="1"/><D4/><REACH who="0" ten="110,131,279,460" step="2"/><U110/><E6/><V116/><F116/><W106/><G7/><T128/><D128/><U73/><E110/><V53/><F53/><W34/><G34/><T126/><D126/><U121/><E121/><V16/><F16/><W37/><G19/><T52/><D52/><U5/><E1/><V84/><F84/><W21/><G18/><T125/><D125/><U119/><E2/><V101/><F101/><AGARI ba="0,2" hai="14,15,60,65,68,76,78,79,85,86,87,92,99,101" machi="101" ten="40,5200,0" yaku="1,1,52,1,53,1" doraHai="66" doraHaiUra="91" who="0" fromWho="2" sc="110,72,131,0,279,-52,460,0" /><INIT seed="4,0,0,2,1,39" ten="182,131,227,460" oya="0" hai0="1,65,74,105,8,72,31,25,35,29,114,97,50" hai1="64,17,108,41,68,30,59,94,85,130,6,54,32" hai2="118,40,51,107,84,15,129,88,111,127,27,126,23" hai3="13,77,2,115,123,121,18,116,106,112,21,128,89"/><T3/><D114/><N who="3" m="43561" /><G2/><T80/><D29/><U66/><E108/><V132/><F107/><W28/><G116/><T71/><D50/><U47/><E130/><V96/><F111/><W99/><G128/><T83/><D83/><U122/><E6/><V7/><F129/><W43/><G77/><N who="0" m="44071" /><D74/><U119/><E119/><V101/><F118/><W73/><G73/><T102/><D8/><U37/><E122/><V53/><F101/><N who="3" m="62783" /><G28/><T36/><D36/><U60/><E30/><V124/><F53/><W92/><G43/><T55/><D55/><U22/><E32/><V49/><F96/><AGARI ba="0,0" hai="13,18,21,89,92,96,121,123" m="62783,43561" machi="96" ten="30,1000,0" yaku="15,1" doraHai="39" who="3" fromWho="2" sc="182,0,131,0,227,-10,460,10" /><INIT seed="5,0,0,2,0,10" ten="182,131,217,470" oya="1" hai0="51,40,101,48,29,11,117,87,130,83,99,27,1" hai1="111,133,114,84,68,53,4,77,61,42,86,52,37" hai2="94,35,50,72,82,2,95,26,9,129,54,120,108" hai3="93,24,58,89,73,22,123,97,13,76,34,80,81"/><U3/><E114/><V62/><F108/><W88/><G123/><T131/><D117/><U7/><E133/><V85/><F120/><W49/><G34/><T96/><D1/><U105/><E105/><V60/><F72/><W0/><G0/><T115/><D115/><U124/><E124/><V25/><F2/><W5/><G49/><T121/><D121/><U39/><E111/><V106/><F35/><W23/><G58/><T30/><D11/><U103/><E103/><V128/><F9/><W32/><G32/><N who="0" m="20543" /><D30/><U43/><E3/><V21/><F106/><W92/><G81/><T55/><D40/><N who="1" m="15403" /><E61/><N who="2" m="23659" /><F82/><W70/><G70/><T65/><D65/><U116/><E68/><V119/><F119/><W8/><G24/><N who="2" m="9321" /><F85/><AGARI ba="0,0" hai="5,8,13,22,23,73,76,80,85,88,89,92,93,97" machi="85" ten="30,3900,0" yaku="7,1,52,1,54,1" doraHai="10" who="3" fromWho="2" sc="182,0,131,0,217,-39,470,39" /><INIT seed="6,0,0,1,4,48" ten="182,131,178,509" oya="2" hai0="42,62,35,63,112,4,105,85,71,133,33,61,65" hai1="77,46,58,74,0,106,90,92,82,83,84,50,16" hai2="12,127,6,51,126,13,123,1,38,41,132,68,93" hai3="39,95,109,114,134,60,79,111,131,130,70,91,64"/><V54/><F123/><W23/><G134/><T75/><D75/><U67/><E0/><V10/><F68/><W25/><G39/><T117/><D105/><U115/><E106/><V53/><F132/><W29/><G79/><T24/><D133/><U59/><E115/><V49/><F41/><W28/><G28/><T44/><D4/><U76/><E67/><V52/><F93/><W81/><G81/><T129/><D112/><U47/><E47/><V104/><F38/><W97/><REACH who="3" step="1"/><G114/><REACH who="3" ten="182,131,178,499" step="2"/><T2/><D117/><U8/><E77/><V103/><F126/><W98/><G98/><T31/><D31/><U36/><E36/><V110/><F127/><W128/><AGARI ba="0,1" hai="23,25,29,60,64,70,91,95,97,109,111,128,130,131" machi="128" ten="30,4000,0" yaku="1,1,0,1,19,1,53,0" doraHai="48" doraHaiUra="37" who="3" fromWho="3" sc="182,-10,131,-10,178,-20,499,50" /><INIT seed="7,0,0,5,4,70" ten="172,121,158,549" oya="3" hai0="73,56,84,79,92,68,80,20,97,48,88,120,37" hai1="12,28,10,63,44,108,126,25,121,85,57,55,64" hai2="129,18,40,58,51,33,72,116,74,95,124,45,1" hai3="113,96,39,83,36,86,109,5,82,32,67,65,0"/><W22/><G32/><T16/><D37/><U133/><E126/><V7/><F116/><W31/><G0/><T62/><D120/><U131/><E131/><V2/><F33/><W19/><G5/><T21/><D68/><U119/><E133/><V13/><F124/><W111/><G31/><T47/><D73/><U27/><E119/><V38/><F129/><W8/><G8/><T99/><D99/><U103/><E108/><N who="3" m="41546" /><G113/><T24/><D21/><U89/><E121/><V122/><F122/><W127/><G127/><T115/><D115/><U50/><E103/><V100/><F7/><W41/><G96/><T66/><D48/><U15/><E28/><V61/><F38/><N who="3" m="14379" /><G41/><T17/><D17/><U75/><E75/><V125/><F125/><W132/><G132/><T117/><D117/><U69/><E69/><V112/><F112/><W105/><G105/><T54/><D97/><U91/><E15/><V6/><F6/><W29/><G29/><T77/><D16/><N who="1" m="8215" /><E91/><V35/><F35/><W130/><G130/><T34/><D34/><U46/><E46/><V94/><F74/><W9/><G9/><T104/><D47/><U11/><E11/><N who="2" m="6463" /><F72/><W98/><G98/><T71/><D104/><U135/><E135/><V102/><F1/><W60/><G86/><T14/><D84/><U107/><E107/><V106/><F2/><W114/><G114/><T123/><D123/><U118/><E118/><V30/><F30/><W78/><G78/><T49/><D77/><U52/><E55/><N who="2" m="34015" /><F106/><W128/><G128/><T3/><D3/><U87/><E87/><V93/><AGARI ba="0,0" hai="40,45,51,93,94,95,100,102" m="34015,6463" machi="93" ten="30,2000,0" yaku="5,1,8,1" doraHai="70" who="2" fromWho="2" sc="172,-5,121,-5,158,20,549,-10" owari="167,-23.0,116,-38.0,178,-2.0,539,63.0" /></mjloggm>