<mjloggm ver="2.3"><GO type="169" lobby="0"/><UN n0="%E3%83%88%E3%83%88%E3%83%AA%E5%85%88%E7%94%9F%31%39%E6%AD%B3" n1="%E3%81%88%E3%81%9E%E3%81%98%E3%82%8D%E3%81%86" n2="%48%45%41%44" n3="%37%66%75%6B%75%6A%69%6E" dan="19,16,16,16" rate="2360.65,2143.01,2085.91,2130.57" sx="F,M,M,M"/><TAIKYOKU oya="0"/><INIT seed="0,0,0,4,4,30" ten="250,250,250,250" oya="0" hai0="123,77,107,109,91,121,132,74,27,101,86,97,66" hai1="75,102,36,88,111,90,100,44,48,115,94,103,14" hai2="50,80,68,12,127,21,55,19,112,96,108,31,47" hai3="133,89,122,7,117,61,57,45,124,37,92,78,131"/><T29/><D66/><U9/><E36/><V4/><F112/><W13/><G117/><T106/><D132/><U60/><E75/><V72/><F68/><W11/><G124/><T34/><D107/><U33/><E111/><V2/><F108/><W79/><G131/><T126/><D109/><U25/><E60/><V62/><F62/><W58/><G122/><T0/><D0/><U59/><E59/><V114/><F114/><W116/><G116/><T42/><D126/><U129/><E129/><V84/><F72/><W93/><G93/><N who="0" m="54519" /><D42/><U16/><E115/><V119/><F119/><W104/><G104/><T10/><D10/><U63/><E63/><V26/><F96/><W69/><G69/><T8/><D8/><U105/><E105/><V51/><F127/><W41/><G58/><T135/><D135/><U43/><REACH who="1" step="1"/><E94/><REACH who="1" ten="250,240,250,250" step="2"/><V38/><F38/><W113/><G133/><T83/><AGARI ba="0,1" hai="27,29,34,74,77,83,97,101,106,121,123" m="54519" machi="83" ten="30,3000,0" yaku="24,1,52,1" doraHai="30" who="0" fromWho="0" sc="250,40,240,-10,250,-10,250,-10" /><INIT seed="0,1,0,2,4,106" ten="290,230,240,240" oya="0" hai0="18,54,50,56,64,81,52,121,30,46,84,48,122" hai1="31,72,69,99,104,80,4,8,107,78,16,111,11" hai2="21,132,76,59,117,97,129,5,22,135,75,79,28" hai3="29,123,58,6,74,86,62,101,7,3,83,94,102"/><T55/><D64/><U27/><E111/><V40/><F129/><W9/><G123/><T110/><D110/><U45/><E69/><V34/><F5/><W23/><G7/><T32/><D55/><U35/><E99/><V130/><F130/><W14/><G94/><T89/><REACH who="0" step="1"/><D18/><REACH who="0" ten="280,230,240,240" step="2"/><U39/><E16/><V103/><F40/><W61/><G61/><T2/><D2/><U118/><E118/><V100/><F117/><W96/><G3/><T116/><D116/><U127/><E127/><V105/><F132/><W41/><G62/><T113/><D113/><U98/><E98/><V20/><F135/><W38/><G96/><T134/><D134/><U120/><E120/><V131/><F131/><W92/><G102/><T68/><D68/><U17/><E17/><V114/><F103/><W108/><G101/><T1/><D1/><N who="1" m="15" /><E11/><V112/><F112/><W37/><G9/><T53/><D53/><U85/><E85/><V36/><F97/><W82/><G86/><T115/><D115/><U42/><AGARI ba="1,1" hai="27,31,35,39,42,45,72,78,80,104,107" m="15" machi="42" ten="30,7900,0" yaku="25,1,33,2,52,1" doraHai="106" who="1" fromWho="1" sc="280,-40,230,92,240,-21,240,-21" /><INIT seed="1,0,0,2,0,90" ten="240,322,219,219" oya="1" hai0="112,99,80,75,78,81,25,96,121,30,34,38,124" hai1="18,71,108,95,133,70,53,28,41,104,48,35,79" hai2="129,109,118,117,44,115,15,119,98,40,69,57,56" hai3="102,114,131,87,33,39,23,73,47,11,42,54,97"/><U132/><E104/><V58/><F15/><W134/><G114/><T2/><D112/><U120/><E120/><V29/><F29/><W111/><G33/><T68/><D68/><U88/><E41/><V66/><F98/><W89/><G73/><T110/><D110/><U83/><E18/><V85/><F85/><W60/><G131/><T19/><D124/><U1/><E1/><V17/><F17/><W10/><G134/><N who="1" m="51818" /><E28/><V94/><F94/><W45/><G23/><T3/><D38/><U8/><E8/><V107/><F107/><W37/><G111/><T92/><D121/><U116/><E35/><V106/><F106/><W36/><G60/><T123/><D123/><U61/><E61/><N who="2" m="40143" /><F109/><W24/><G24/><T113/><D113/><U122/><E108/><V13/><F13/><W7/><G11/><T0/><D99/><N who="1" m="57831" /><E116/><V86/><F86/><W6/><G10/><T20/><D80/><U125/><E125/><V55/><F115/><W16/><G16/><T74/><D74/><N who="1" m="43511" /><E122/><V12/><F12/><W26/><G26/><T14/><D2/><U32/><E32/><V84/><F84/><W4/><G87/><T126/><D126/><U72/><E72/><V22/><F22/><W9/><G9/><T52/><D52/><U82/><E82/><V91/><F55/><W77/><G7/><T50/><D50/><U105/><E105/><V101/><F118/><W65/><G6/><T100/><AGARI ba="0,0" hai="0,3,14,19,20,25,30,34,75,78,81,92,96,100" machi="100" ten="20,2700,0" yaku="0,1,7,1,52,1" doraHai="90" who="0" fromWho="0" sc="240,27,322,-13,219,-7,219,-7" /><INIT seed="2,0,0,4,0,38" ten="267,309,212,212" oya="2" hai0="92,118,50,35,42,78,104,46,22,129,15,133,126" hai1="89,24,52,68,131,33,122,65,125,120,106,95,32" hai2="82,99,3,17,81,96,30,109,26,21,67,25,57" hai3="39,113,69,12,102,54,83,74,1,2,0,34,98"/><V64/><F3/><W86/><G113/><T8/><D35/><U80/><E106/><V55/><F109/><W51/><G39/><T134/><D104/><U114/><E114/><V115/><F115/><W127/><G127/><T40/><D126/><U13/><E125/><V48/><F81/><W73/><G34/><T5/><D129/><U121/><E131/><V31/><F82/><W77/><G12/><T88/><D78/><U101/><E24/><V123/><F123/><W36/><G36/><T44/><D22/><U7/><E101/><V14/><F26/><W90/><G69/><T93/><D118/><U79/><E65/><V63/><F67/><W105/><REACH who="3" step="1"/><G77/><REACH who="3" ten="267,309,212,202" step="2"/><T66/><D133/><U124/><E124/><V20/><REACH who="2" step="1"/><F31/><REACH who="2" ten="267,309,202,202" step="2"/><W103/><G103/><T10/><D134/><U135/><E135/><V110/><F110/><W56/><AGARI ba="0,2" hai="0,1,2,51,54,56,73,74,83,86,90,98,102,105" machi="56" ten="30,4000,0" yaku="1,1,0,1,53,1" doraHai="38" doraHaiUra="47" who="3" fromWho="3" sc="267,-10,309,-10,202,-20,202,60" /><INIT seed="3,0,0,2,5,114" ten="257,299,182,262" oya="3" hai0="67,64,37,51,3,8,66,121,82,85,10,15,20" hai1="46,101,25,16,26,98,126,38,127,118,93,61,14" hai2="115,135,34,116,76,129,105,49,125,62,29,28,117" hai3="36,111,104,48,97,89,9,30,45,18,134,122,13"/><W56/><G122/><T23/><D121/><U47/><E61/><V71/><F115/><W44/><G36/><T120/><D37/><U0/><E0/><V40/><F76/><W35/><G134/><T68/><D68/><U11/><E118/><V12/><F12/><W65/><G111/><T124/><D124/><N who="1" m="47659" /><E38/><V27/><F135/><W95/><G104/><T63/><D120/><U33/><E33/><V78/><F78/><W70/><G70/><T43/><D63/><U72/><E72/><V7/><F7/><W91/><G30/><T21/><D3/><U52/><E46/><N who="3" m="18026" /><G35/><T1/><D1/><U41/><E41/><V60/><F34/><W17/><G65/><T96/><D51/><AGARI ba="0,0" hai="11,14,16,25,26,47,51,52,93,98,101" m="47659" machi="51" ten="30,3900,0" yaku="18,1,54,2" doraHai="114" who="1" fromWho="0" sc="257,-39,299,39,182,0,262,0" /><INIT seed="4,0,0,4,3,35" ten="218,338,182,262" oya="0" hai0="81,118,67,80,28,27,16,40,95,45,12,20,115" hai1="52,60,70,61,69,38,88,77,92,134,110,24,56" hai2="125,46,54,26,96,109,64,48,94,93,59,18,76" hai3="130,89,55,114,73,53,91,113,39,84,13,82,1"/><T127/><D118/><U135/><E110/><V121/><F121/><W57/><G39/><T6/><D115/><N who="3" m="44041" /><G130/><T2/><D127/><U66/><E38/><V30/><F125/><W100/><G73/><T19/><D67/><U122/><E122/><V9/><F76/><W108/><G108/><T101/><D19/><U75/><E24/><V3/><F109/><W14/><G100/><T4/><D95/><U17/><E17/><V10/><F18/><W15/><G1/><T87/><D101/><U25/><E25/><V90/><F3/><W34/><G34/><T5/><D2/><U33/><E33/><V133/><F94/><W29/><G29/><T7/><N who="0" m="1024" /><DORA hai="36" /><T42/><D45/><U117/><E117/><V58/><F133/><N who="1" m="50697" /><E77/><V86/><F86/><N who="3" m="50391" /><G57/><T104/><D104/><U41/><E75/><V85/><F85/><W23/><G23/><N who="0" m="15487" /><D80/><AGARI ba="0,0" hai="13,14,15,53,55,80,84,91" m="50391,44041" machi="80" ten="30,1000,0" yaku="15,1" doraHai="35,36" who="3" fromWho="0" sc="218,-10,338,0,182,0,262,10" /><INIT seed="5,0,0,2,2,58" ten="208,338,182,272" oya="1" hai0="1,82,85,40,113,36,126,83,54,2,117,9,105" hai1="102,122,50,23,10,35,96,135,72,77,51,64,66" hai2="24,38,14,132,62,18,88,42,97,94,68,65,12" hai3="124,56,86,69,63,20,48,95,121,80,11,57,75"/><U110/><E35/><V32/><F132/><W29/><G121/><T52/><D117/><U59/><E122/><V67/><F67/><W19/><G124/><T112/><D105/><U5/><E135/><V39/><F42/><W3/><G75/><T47/><D126/><U44/><E72/><V128/><F128/><W84/><G69/><T27/><D27/><U111/><E77/><V49/><F49/><W71/><G71/><T129/><D129/><U81/><E81/><V98/><F97/><W79/><G29/><T107/><D82/><U13/><E23/><V0/><F0/><W43/><G11/><T26/><D26/><U93/><E50/><V119/><F119/><W41/><G3/><T78/><D107/><U30/><E30/><V8/><REACH who="2" step="1"/><F12/><REACH who="2" ten="208,338,172,272" step="2"/><W6/><G48/><T101/><D1/><U114/><E66/><V131/><F131/><W108/><G43/><T73/><D101/><U125/><E125/><V17/><F17/><W127/><G19/><T4/><D85/><U123/><E123/><V76/><F76/><W87/><G79/><T92/><D92/><U100/><E100/><V31/><AGARI ba="0,1" hai="8,14,18,24,31,32,38,39,62,65,68,88,94,98" machi="31" ten="30,7900,0" yaku="1,1,0,1,52,1,54,1,53,0" doraHai="58" doraHaiUra="103" who="2" fromWho="2" sc="208,-20,338,-39,172,89,272,-20" /><INIT seed="6,0,0,2,1,122" ten="188,299,261,252" oya="2" hai0="85,100,133,115,69,78,106,48,130,6,55,90,98" hai1="86,89,129,113,127,93,102,103,12,60,77,11,4" hai2="118,76,44,10,80,107,105,67,70,99,134,25,91" hai3="83,111,108,110,16,82,56,32,9,112,66,35,50"/><V39/><F134/><W61/><G112/><T75/><D69/><U135/><E113/><V0/><F25/><W27/><G50/><T128/><D115/><U65/><E135/><V19/><F91/><W57/><G57/><T28/><D133/><U53/><E129/><V73/><F19/><W126/><G126/><T40/><D40/><U23/><E127/><V51/><F51/><W81/><REACH who="3" step="1"/><G27/><REACH who="3" ten="188,299,261,242" step="2"/><T26/><D48/><U74/><E53/><V15/><F44/><W116/><G116/><T92/><D55/><U125/><E125/><V37/><F67/><W46/><G46/><T52/><D52/><U124/><E124/><V36/><F36/><W63/><G63/><T33/><REACH who="0" step="1"/><D6/><REACH who="0" ten="178,299,261,242" step="2"/><U62/><E4/><V117/><F39/><W24/><G24/><T1/><D1/><U68/><E68/><V29/><F0/><W34/><G34/><T30/><D30/><U47/><E65/><V84/><F29/><W88/><G88/><T64/><D64/><U123/><E89/><V38/><F37/><W101/><G101/><T104/><D104/><U109/><E102/><V132/><F38/><W54/><G54/><T8/><D8/><U18/><E103/><V87/><F10/><W7/><G7/><T20/><D20/><U96/><E23/><V95/><F70/><W14/><AGARI ba="0,2" hai="9,14,16,32,35,56,61,66,81,82,83,108,110,111" machi="14" ten="40,12000,2" yaku="1,1,0,1,52,3,54,1,53,0" doraHai="122" doraHaiUra="72" who="3" fromWho="3" sc="178,-30,299,-30,261,-60,242,140" /><INIT seed="7,0,0,1,4,60" ten="148,269,201,382" oya="3" hai0="71,39,129,94,119,109,20,32,126,83,120,11,41" hai1="124,1,102,21,132,34,104,125,110,80,43,63,40" hai2="37,46,30,130,108,73,85,55,2,58,101,105,87" hai3="69,114,13,45,10,112,66,82,65,103,33,59,133"/><W22/><G133/><T115/><RYUUKYOKU type="yao9" ba="0,0" sc="148,0,269,0,201,0,382,0" hai0="11,20,32,39,41,71,83,94,109,115,119,120,126,129" /><INIT seed="7,1,0,4,2,107" ten="148,269,201,382" oya="3" hai0="28,109,15,52,103,134,5,86,24,0,3,114,4" hai1="79,112,105,34,16,75,119,64,113,97,85,115,63" hai2="36,55,58,94,68,62,23,125,9,51,65,46,7" hai3="59,89,116,19,35,120,122,48,95,74,72,17,49"/><W29/><G116/><T33/><D109/><U108/><E108/><V20/><F125/><W56/><G29/><T11/><D103/><N who="1" m="62703" /><E119/><V38/><F94/><W39/><G39/><T8/><D134/><U81/><E34/><V14/><F38/><W135/><G95/><T10/><D86/><U132/><E132/><V69/><F69/><W82/><G135/><T2/><D114/><U53/><E16/><V84/><F84/><W30/><G30/><T88/><D88/><U98/><E98/><V71/><F68/><W44/><G35/><T41/><D41/><AGARI ba="1,0" hai="7,9,14,20,23,36,41,46,51,55,58,62,65,71" machi="41" ten="40,2600,0" yaku="24,2" doraHai="107" who="2" fromWho="0" sc="148,-29,269,0,201,29,382,0" owari="119,-38.0,269,7.0,230,-17.0,382,48.0" /></mjloggm>