<mjloggm ver="2.3"><GO type="169" lobby="0"/><UN n0="%E5%9B%BD%E5%A3%AB%E7%84%A1%E6%95%B5" n1="%E3%83%88%E3%83%88%E3%83%AA%E5%85%88%E7%94%9F%31%39%E6%AD%B3" n2="%E4%BB%A3%E6%89%93%E3%81%A1%E3%81%AE%E7%A5%9E%E6%A7%98" n3="%E7%AB%8B%E7%9B%B4%E5%A5%BD%E6%A3%92%40%E5%BF%98" dan="16,19,16,16" rate="2089.08,2282.07,2147.26,2156.81" sx="M,F,M,M"/><TAIKYOKU oya="0"/><INIT seed="0,0,0,2,3,67" ten="250,250,250,250" oya="0" hai0="95,116,8,81,13,96,15,9,63,32,23,45,50" hai1="27,7,98,130,133,105,87,114,0,38,86,89,5" hai2="43,106,12,47,123,125,102,46,85,14,88,82,30" hai3="71,68,3,83,128,34,129,29,57,131,65,64,78"/><T10/><D32/><U97/><E38/><V41/><F123/><W124/><G124/><T52/><D116/><U107/><E27/><V37/><F125/><W70/><G3/><T74/><D74/><U134/><E0/><V2/><F2/><W122/><G122/><T21/><D81/><U72/><E72/><V127/><F127/><W111/><G111/><T16/><D63/><U69/><E89/><V11/><F30/><W22/><G22/><N who="0" m="8203" /><D15/><U1/><E1/><V109/><F109/><W90/><G90/><AGARI ba="0,0" hai="8,9,10,13,16,45,50,52,90,95,96" m="8203" machi="90" ten="30,5800,0" yaku="8,1,54,2" doraHai="67" who="0" fromWho="3" sc="250,58,250,0,250,0,250,-58" /><INIT seed="0,1,0,2,1,64" ten="308,250,250,192" oya="0" hai0="3,131,56,44,37,132,120,118,2,116,52,114,7" hai1="77,100,8,5,15,4,90,80,14,24,66,25,67" hai2="69,42,76,48,130,45,105,81,95,117,124,61,41" hai3="123,103,27,23,47,51,31,39,54,53,94,50,40"/><T89/><D120/><U33/><E100/><V38/><F105/><W70/><G123/><T73/><D73/><U57/><E90/><V119/><F95/><W19/><G70/><T35/><D35/><U111/><E111/><V121/><F121/><W32/><G32/><T75/><D75/><U55/><E33/><V78/><F78/><W17/><G39/><T112/><D37/><U113/><E113/><V16/><F124/><W30/><G40/><T133/><D44/><U83/><E77/><V21/><F42/><W49/><G49/><N who="0" m="30735" /><D89/><U108/><E108/><V98/><F98/><W13/><G94/><T60/><D60/><U97/><E97/><V126/><F38/><W10/><REACH who="3" step="1"/><G103/><REACH who="3" ten="308,250,250,182" step="2"/><T72/><D114/><U106/><E83/><V0/><F126/><W135/><G135/><N who="0" m="51787" /><D112/><U28/><E80/><V110/><F110/><W20/><G20/><T26/><D72/><U128/><E57/><AGARI ba="1,1" hai="10,13,17,19,23,27,30,31,47,50,51,53,54,57" machi="57" ten="30,3900,0" yaku="1,1,7,1,8,1,53,0" doraHai="64" doraHaiUra="88" who="3" fromWho="1" sc="308,0,250,-42,250,0,182,52" /><INIT seed="1,0,0,3,0,75" ten="308,208,250,234" oya="1" hai0="134,36,10,103,89,122,17,43,96,18,131,106,20" hai1="31,113,64,25,55,23,51,38,41,1,98,125,45" hai2="116,135,133,83,67,8,119,123,19,99,88,53,2" hai3="126,28,9,87,63,115,57,33,16,112,79,80,91"/><U72/><E113/><V59/><F67/><W128/><G126/><T85/><D122/><U58/><E125/><V82/><F123/><W117/><G128/><T30/><D134/><N who="2" m="51210" /><F83/><W69/><G69/><T24/><D131/><U61/><E72/><V94/><F82/><W7/><G117/><T121/><D121/><U22/><E1/><V65/><F65/><W66/><G33/><T81/><REACH who="0" step="1"/><D10/><REACH who="0" ten="298,208,250,234" step="2"/><U118/><E118/><V44/><F119/><W95/><G112/><T102/><D102/><U26/><E98/><V60/><F116/><W74/><G115/><T127/><D127/><U92/><E92/><V108/><F8/><W105/><G105/><T42/><D42/><U35/><REACH who="1" step="1"/><E25/><REACH who="1" ten="298,198,250,234" step="2"/><V4/><F94/><W90/><G95/><T110/><D110/><U34/><E34/><V54/><F99/><W48/><G9/><T62/><D62/><U6/><E6/><V100/><F4/><W5/><G7/><T49/><D49/><U104/><E104/><V73/><F60/><W56/><G5/><T101/><D101/><U46/><AGARI ba="0,2" hai="22,23,26,31,35,38,41,45,46,51,55,58,61,64" machi="46" ten="20,7800,0" yaku="1,1,0,1,7,1,53,1" doraHai="75" doraHaiUra="27" who="1" fromWho="1" sc="298,-26,198,98,250,-26,234,-26" /><INIT seed="1,1,0,4,2,132" ten="272,296,224,208" oya="1" hai0="108,94,127,71,57,101,16,67,74,128,4,91,73" hai1="14,11,96,112,79,44,69,47,100,21,28,102,34" hai2="111,58,7,35,26,130,60,124,122,33,10,134,116" hai3="115,121,110,88,61,86,125,2,72,90,65,89,53"/><U31/><E112/><V17/><F116/><W126/><G115/><T43/><D71/><U103/><E69/><V1/><F122/><W80/><G121/><T30/><D108/><U23/><E34/><V109/><F58/><W99/><G2/><T62/><D128/><U52/><E79/><V51/><F51/><W63/><G110/><N who="2" m="41993" /><F60/><W95/><G72/><T19/><D101/><U25/><E96/><V46/><F46/><W78/><G53/><T113/><D113/><U77/><E77/><V18/><F130/><W0/><G0/><T75/><D43/><U92/><E92/><V48/><F48/><W68/><REACH who="3" step="1"/><G63/><REACH who="3" ten="272,296,224,198" step="2"/><T20/><D75/><U133/><E52/><V117/><F117/><W135/><G135/><T13/><D74/><U104/><E133/><V76/><F134/><W29/><G29/><T120/><D73/><U6/><E104/><V38/><F76/><W15/><G15/><T54/><D120/><U37/><E37/><V105/><F38/><W22/><G22/><T36/><D36/><U49/><E49/><V119/><F105/><W8/><G8/><T12/><D54/><U123/><E123/><V5/><F119/><W98/><G98/><N who="0" m="57695" /><D30/><U129/><E129/><V59/><F10/><W39/><G39/><T107/><D107/><U93/><E28/><V55/><F55/><W9/><G9/><T41/><D41/><U32/><E23/><V97/><F97/><W131/><G131/><T3/><D3/><U42/><E21/><V56/><F1/><W83/><G83/><T70/><D20/><U27/><E11/><V85/><F35/><RYUUKYOKU ba="1,1" sc="272,-10,296,-10,224,-10,198,30" hai3="61,65,68,78,80,86,88,89,90,95,99,125,126" /><INIT seed="2,2,1,3,2,28" ten="262,286,214,228" oya="2" hai0="89,109,87,8,55,18,15,98,81,93,2,95,30" hai1="59,39,113,134,110,133,121,33,94,12,11,53,97" hai2="19,58,49,45,77,52,104,122,92,0,20,130,90" hai3="106,80,22,47,62,17,69,54,13,9,107,82,61"/><V123/><F104/><W116/><G116/><T63/><D109/><U91/><E113/><V83/><F0/><W124/><G124/><T108/><D108/><U99/><E110/><V129/><F45/><W105/><G69/><T24/><D2/><U38/><E121/><V32/><F32/><W41/><G54/><T31/><D95/><U75/><E75/><V132/><F132/><N who="1" m="50793" /><E99/><V46/><F46/><W64/><G64/><T86/><D86/><U48/><E33/><V118/><F118/><W14/><G61/><T85/><D85/><U111/><E111/><V96/><F130/><W76/><G62/><T40/><D40/><U4/><AGARI ba="2,1" hai="4,11,12,38,39,48,53,59,91,94,97" m="50793" machi="4" ten="30,1100,0" yaku="20,1" doraHai="28" who="1" fromWho="1" sc="262,-5,286,27,214,-7,228,-5" /><INIT seed="3,0,0,5,4,47" ten="257,313,207,223" oya="3" hai0="76,67,27,49,34,30,134,126,53,33,107,103,45" hai1="28,109,93,51,88,23,117,96,127,90,46,112,5" hai2="95,83,125,61,78,52,37,41,91,56,29,87,94" hai3="18,21,44,0,115,8,72,81,92,68,104,70,71"/><W32/><G104/><T82/><D134/><U120/><E120/><V116/><F116/><W65/><G32/><T31/><D126/><U63/><E112/><V9/><F125/><W86/><G115/><T38/><D38/><U80/><E127/><V135/><F135/><W26/><G72/><T4/><D4/><U105/><E105/><V113/><F113/><W58/><G92/><T110/><D110/><U130/><E109/><V102/><F29/><W97/><G97/><T24/><D67/><U79/><E130/><V114/><F114/><W108/><G108/><T43/><D103/><U118/><E5/><V73/><F9/><W13/><G0/><T75/><D107/><U59/><E90/><V119/><F119/><N who="1" m="45577" /><E23/><V133/><F133/><W40/><G58/><T14/><REACH who="0" step="1"/><D14/><REACH who="0" ten="247,313,207,223" step="2"/><U106/><E106/><V6/><F6/><W25/><G65/><T20/><D20/><U129/><E129/><V77/><F102/><W17/><G25/><T19/><D19/><U1/><E1/><V50/><F37/><W89/><REACH who="3" step="1"/><G71/><REACH who="3" ten="247,313,207,213" step="2"/><T16/><D16/><U55/><E28/><V69/><F69/><W12/><G12/><T57/><D57/><U64/><E64/><V62/><F56/><W100/><G100/><T74/><D74/><N who="1" m="43127" /><E59/><V22/><F73/><W122/><G122/><T2/><D2/><U128/><E128/><V101/><F101/><W85/><G85/><T7/><D7/><U35/><E63/><V11/><F62/><W54/><G54/><AGARI ba="0,2" hai="24,27,30,31,33,34,43,45,49,53,54,75,76,82" machi="54" ten="40,5200,0" yaku="1,1,9,1,52,1,53,0" doraHai="47" doraHaiUra="10" who="0" fromWho="3" sc="247,72,313,0,207,0,213,-52" /><INIT seed="4,0,0,0,1,66" ten="319,313,207,161" oya="0" hai0="50,85,122,83,92,67,1,62,59,34,97,26,109" hai1="52,3,18,5,103,6,93,45,87,100,75,125,30" hai2="31,96,40,105,99,63,110,24,13,121,72,27,7" hai3="0,23,94,117,41,54,104,55,134,39,78,108,76"/><T33/><D1/><U15/><E75/><V120/><F110/><W74/><G104/><T111/><D122/><U106/><E3/><V58/><F72/><W12/><G108/><N who="0" m="41547" /><D50/><N who="1" m="28751" /><E106/><V107/><F40/><W80/><G0/><T53/><D26/><U10/><E30/><V123/><F105/><W131/><G117/><T116/><D116/><U38/><E38/><V86/><F86/><W11/><G131/><T98/><D53/><U47/><E47/><V21/><F107/><W48/><G134/><T43/><D43/><U88/><E125/><V112/><F112/><W114/><G114/><T128/><D128/><U42/><E42/><V36/><F36/><W73/><G39/><T124/><D124/><U44/><E44/><V81/><F81/><W69/><G69/><T77/><D98/><N who="1" m="59471" /><E103/><AGARI ba="0,0" hai="33,34,59,62,67,77,83,85,92,97,103" m="41547" machi="103" ten="30,1500,0" yaku="10,1" doraHai="66" who="0" fromWho="1" sc="319,15,313,-15,207,0,161,0" /><INIT seed="4,1,0,0,2,79" ten="334,298,207,161" oya="0" hai0="67,14,93,127,78,129,113,65,64,74,114,69,87" hai1="43,11,0,57,59,3,39,99,37,5,31,45,107" hai2="58,49,104,76,29,73,90,53,92,50,34,121,118" hai3="48,68,55,125,20,1,42,80,77,82,52,110,106"/><T8/><D129/><U89/><E0/><V86/><F121/><W126/><G110/><T124/><D69/><U24/><E39/><V18/><F118/><W54/><G106/><T75/><D75/><U94/><REACH who="1" step="1"/><E107/><REACH who="1" ten="334,288,207,161" step="2"/><V62/><F104/><W15/><G1/><T97/><D74/><U21/><AGARI ba="1,1" hai="3,5,11,21,24,31,37,43,45,57,59,89,94,99" machi="21" ten="20,5200,0" yaku="1,1,2,1,0,1,7,1,53,0" doraHai="79" doraHaiUra="117" who="1" fromWho="1" sc="334,-27,288,65,207,-14,161,-14" /><INIT seed="5,0,0,0,1,62" ten="307,353,193,147" oya="1" hai0="83,34,21,19,42,81,84,116,92,10,79,48,114" hai1="72,47,71,57,0,124,110,133,50,85,89,76,113" hai2="123,7,4,13,95,73,108,59,104,43,128,101,58" hai3="117,97,52,60,96,27,45,18,44,109,131,94,40"/><U102/><E0/><V5/><F108/><W37/><G109/><T91/><D34/><U125/><E71/><V51/><F123/><W93/><G131/><T20/><D116/><U23/><E110/><V36/><F104/><W41/><G117/><T82/><D114/><U32/><E32/><V3/><F73/><W63/><G27/><T55/><D42/><U39/><E39/><V1/><F128/><W127/><G18/><T87/><D10/><U90/><E113/><V30/><F36/><W33/><G33/><T66/><D66/><U132/><E102/><V38/><F38/><W65/><G127/><N who="1" m="48714" /><E72/><V115/><F30/><W103/><G41/><T75/><D75/><U64/><E76/><V6/><F115/><W29/><G29/><T112/><D112/><U86/><E23/><V2/><F43/><W99/><G94/><T74/><D74/><U77/><E47/><V67/><F101/><W119/><G119/><T121/><D121/><U24/><E24/><V98/><F1/><W11/><G11/><T135/><D135/><N who="1" m="51787" /><E50/><V16/><F51/><W126/><G126/><T118/><D118/><U122/><E122/><V22/><F2/><W46/><G46/><N who="0" m="28055" /><D21/><U35/><E35/><V120/><F120/><W88/><G103/><T100/><D100/><U111/><E111/><V25/><F3/><W14/><G14/><AGARI ba="0,0" hai="14,19,20,79,81,82,83,84,87,91,92" m="28055" machi="14" ten="30,1000,0" yaku="8,1" doraHai="62" who="0" fromWho="3" sc="307,10,353,0,193,0,147,-10" /><INIT seed="6,0,0,0,0,9" ten="317,353,193,137" oya="2" hai0="3,73,48,27,67,116,8,74,134,5,115,133,76" hai1="102,80,43,37,107,71,7,56,28,39,55,4,81" hai2="117,66,6,31,111,126,42,127,120,26,110,20,51" hai3="125,104,118,121,35,106,83,52,14,98,60,21,2"/><V108/><F66/><W65/><G118/><T25/><D116/><U101/><E71/><V135/><F117/><W86/><G35/><T62/><D115/><U10/><E28/><V19/><F42/><W63/><G2/><T82/><D48/><U13/><E4/><V0/><F51/><W17/><G125/><N who="2" m="47625" /><F120/><W46/><G121/><T38/><D38/><U29/><E29/><V91/><F91/><W49/><G98/><T72/><D27/><U36/><E43/><V103/><F103/><W123/><G123/><T130/><D130/><U132/><E132/><N who="0" m="50793" /><D25/><U95/><E107/><V113/><F135/><W96/><G96/><T50/><D50/><U1/><E1/><V23/><F113/><W34/><G34/><T64/><D64/><U58/><E55/><V100/><F100/><W24/><G24/><T109/><D109/><U92/><E102/><V122/><F122/><W16/><G17/><T22/><D22/><U15/><E101/><V41/><F41/><W87/><G63/><T75/><D73/><U47/><E36/><V44/><F44/><W33/><G33/><T68/><AGARI ba="0,0" hai="3,5,8,62,67,68,72,74,75,76,82" m="50793" machi="68" ten="30,2000,0" yaku="20,1,23,1" doraHai="9" who="0" fromWho="0" sc="317,20,353,-5,193,-10,137,-5" /><INIT seed="7,0,0,1,2,121" ten="337,348,183,132" oya="3" hai0="69,74,112,129,67,81,111,72,46,106,4,56,40" hai1="39,12,35,5,21,55,29,135,88,80,19,126,117" hai2="104,89,108,59,7,133,15,118,62,38,66,58,127" hai3="3,83,103,94,134,8,1,0,96,63,28,130,128"/><W49/><G134/><T18/><D111/><U24/><E39/><V65/><F104/><W102/><G28/><T44/><D106/><U105/><E105/><V30/><F118/><W64/><G83/><T9/><D129/><N who="3" m="49769" /><G49/><T109/><D109/><U68/><E68/><V122/><F108/><W73/><G73/><T32/><D32/><U13/><E135/><V27/><F133/><W11/><G103/><T76/><D18/><U107/><E107/><V100/><F100/><W50/><G50/><T36/><D56/><AGARI ba="0,0" hai="0,1,3,8,11,56,63,64,94,96,102" m="49769" machi="56" ten="40,2000,0" yaku="19,1" doraHai="121" who="3" fromWho="0" sc="337,-20,348,0,183,0,132,20" /><INIT seed="7,1,0,2,0,59" ten="317,348,183,152" oya="3" hai0="37,63,122,35,12,11,119,54,126,30,5,82,96" hai1="107,94,95,74,0,38,135,7,16,43,55,81,101" hai2="50,9,86,45,25,80,115,129,73,14,51,40,53" hai3="76,60,99,36,84,62,130,68,61,19,64,93,127"/><W106/><G106/><T103/><D122/><U90/><E55/><V57/><F73/><W66/><G36/><T8/><D119/><U133/><E16/><V92/><F115/><W72/><G130/><T56/><D37/><U104/><E7/><V105/><F105/><N who="1" m="40521" /><E0/><V29/><F92/><N who="1" m="35369" /><E43/><V124/><F124/><W46/><G72/><T78/><D126/><U22/><E22/><N who="2" m="15543" /><F129/><W49/><G127/><T20/><D35/><U69/><E69/><V134/><F134/><N who="1" m="51209" /><E101/><V83/><F86/><W26/><G68/><T108/><D108/><U110/><E38/><V131/><F131/><W4/><G4/><AGARI ba="1,0" hai="4,9,14,40,45,50,51,53,57,80,83" m="15543" machi="4" ten="30,1000,0" yaku="8,1" doraHai="59" who="2" fromWho="3" sc="317,0,348,0,183,13,152,-13" owari="317,12.0,348,44.0,196,-20.0,139,-36.0" /></mjloggm>