<mjloggm ver="2.3"><GO type="169" lobby="0"/><UN n0="%4F%53%43%37%37%37" n1="%E3%82%A6%E3%83%AB%E3%83%88%E3%83%A9%E7%AB%8B%E7%9B%B4" n2="%E2%96%BD%E4%B8%8E%E4%BD%9C%28%E3%81%8A%E3%81%AB%E3%81%8E%E3%82%8A" n3="%E3%81%BD%E3%82%93%E5%A4%A7%E7%94%9F" dan="16,18,17,16" rate="2086.73,2243.19,2172.89,2084.13" sx="M,M,M,M"/><TAIKYOKU oya="0"/><INIT seed="0,0,0,5,3,104" ten="250,250,250,250" oya="0" hai0="115,124,93,129,126,134,55,80,101,22,74,29,20" hai1="13,131,84,91,86,72,23,120,31,107,17,132,125" hai2="116,76,77,111,109,52,78,81,62,95,59,70,63" hai3="127,26,5,73,14,27,64,94,11,48,0,47,38"/><T75/><D134/><U123/><E107/><V117/><F95/><W114/><G114/><T96/><D115/><U21/><E72/><N who="2" m="43143" /><F70/><W60/><G127/><N who="0" m="48683" /><D129/><U35/><E125/><V33/><F63/><W112/><G112/><T8/><D80/><U43/><E35/><V66/><F66/><W39/><G94/><T28/><D8/><U50/><E43/><V65/><F65/><W54/><G73/><N who="0" m="27659" /><D55/><U51/><E131/><V79/><F33/><W89/><G0/><T100/><D100/><U7/><E132/><V36/><F116/><W135/><G135/><T6/><D6/><U82/><E7/><V44/><F117/><W12/><G5/><T68/><D68/><U25/><E120/><V19/><F77/><W3/><G11/><T87/><D87/><N who="1" m="50679" /><E123/><V41/><F78/><W1/><G54/><T40/><D40/><U15/><E86/><V69/><F79/><W85/><G85/><T90/><D101/><U88/><E84/><V105/><F69/><W119/><G119/><T118/><D118/><U24/><E88/><V97/><F41/><W92/><G89/><T45/><D45/><U122/><E122/><V67/><F44/><W30/><G47/><T53/><D53/><U42/><E42/><V4/><F52/><W83/><G83/><T130/><D130/><U46/><E46/><V37/><F4/><W61/><G1/><T34/><D34/><U128/><E128/><V103/><F103/><W99/><G3/><T32/><D32/><U10/><E10/><V98/><F67/><W106/><G64/><T113/><D113/><U58/><E58/><RYUUKYOKU ba="0,0" sc="250,15,250,15,250,-15,250,-15" hai0="20,22,28,29,90,93,96" hai1="13,15,17,21,23,24,25,31,50,51" /><INIT seed="0,1,0,1,2,38" ten="265,265,235,235" oya="0" hai0="4,52,131,102,18,132,60,87,48,98,88,106,15" hai1="89,7,105,44,56,8,82,22,110,40,66,3,11" hai2="35,29,69,53,121,6,134,72,75,130,65,100,73" hai3="83,24,27,114,50,76,30,67,86,90,124,0,133"/><T117/><D132/><U59/><E105/><V34/><F121/><W17/><G114/><T13/><D131/><U5/><E110/><V81/><F130/><W120/><G120/><T31/><D117/><U123/><E123/><V119/><F134/><W129/><G129/><T97/><D60/><U92/><E22/><V94/><F81/><W103/><G133/><T41/><D98/><U104/><E104/><V47/><F6/><W79/><G124/><T23/><D31/><U68/><E82/><V37/><F53/><W1/><G103/><T26/><D4/><U85/><E68/><V112/><F112/><W43/><G67/><T28/><D28/><U109/><E66/><V49/><F49/><W25/><G30/><T116/><D41/><U10/><E109/><V126/><F29/><W64/><G64/><T74/><D74/><U36/><REACH who="1" step="1"/><E10/><REACH who="1" ten="265,255,235,235" step="2"/><V46/><F65/><W70/><G70/><T20/><D20/><U19/><E19/><V51/><F69/><W57/><G17/><T99/><D116/><U115/><E115/><V62/><F119/><W63/><G76/><T77/><D77/><U111/><E111/><V12/><F35/><W61/><G79/><T122/><D122/><U33/><E33/><V14/><F34/><W42/><G83/><T127/><D127/><U16/><E16/><V21/><F21/><W54/><G25/><T32/><D32/><U107/><E107/><V55/><F126/><W58/><G24/><T96/><D106/><U128/><E128/><V39/><F73/><W71/><G27/><T80/><D102/><U84/><E84/><RYUUKYOKU ba="1,1" sc="265,15,255,15,235,-15,235,-15" hai0="13,15,18,23,26,48,52,80,87,88,96,97,99" hai1="3,5,7,8,11,36,40,44,56,59,85,89,92" /><INIT seed="0,2,1,0,2,20" ten="280,270,220,220" oya="0" hai0="6,116,117,53,30,52,29,95,33,125,91,123,100" hai1="107,132,89,73,85,104,65,81,93,79,76,39,18" hai2="26,129,45,122,5,7,21,128,58,74,42,124,87" hai3="72,56,109,88,17,131,1,99,34,121,68,48,43"/><T24/><D125/><U102/><E39/><V101/><F122/><W69/><G1/><T9/><D123/><U28/><E18/><V78/><F124/><W22/><G34/><T71/><D71/><U96/><E28/><N who="2" m="17487" /><F74/><W126/><G121/><T15/><D100/><U2/><E65/><V64/><F101/><W55/><G126/><T90/><D90/><U16/><E16/><V41/><F128/><W108/><G72/><T62/><D29/><U97/><E2/><V133/><F133/><W27/><G131/><T113/><D113/><U67/><E67/><V10/><F10/><W120/><G120/><T3/><D3/><U98/><E132/><V92/><F92/><N who="3" m="56711" /><G43/><N who="2" m="16393" /><F45/><W13/><G13/><T66/><D66/><U4/><E4/><V114/><F114/><W127/><G127/><T115/><D115/><U134/><E134/><V57/><F129/><W50/><G50/><T59/><D53/><U80/><E102/><V130/><F130/><W84/><G84/><AGARI ba="2,1" hai="6,9,15,24,30,33,52,59,62,84,91,95,116,117" machi="84" ten="30,5800,0" yaku="7,1,52,1,54,1" doraHai="20" who="0" fromWho="3" sc="280,74,270,0,220,0,220,-64" /><AGARI ba="2,0" hai="73,76,79,80,81,84,85,89,93,96,97,98,104,107" machi="84" ten="40,12000,2" yaku="35,6" doraHai="20" who="1" fromWho="3" sc="354,0,270,120,220,0,156,-120" /><INIT seed="0,3,0,1,4,132" ten="354,390,220,36" oya="0" hai0="3,73,20,125,55,59,130,87,135,118,39,104,57" hai1="32,13,18,1,26,34,0,65,50,38,37,72,28" hai2="47,35,121,127,89,94,97,117,69,49,2,67,123" hai3="53,105,100,116,54,126,70,99,112,74,52,61,120"/><T133/><D3/><U111/><E65/><V76/><F2/><N who="1" m="1129" /><E50/><V77/><F35/><N who="1" m="13353" /><E72/><V16/><F117/><W75/><G116/><T81/><D104/><U98/><E98/><V43/><F127/><W46/><G112/><T82/><D125/><U124/><E38/><V51/><F51/><W85/><G120/><T36/><D118/><U48/><E48/><V79/><F67/><W108/><G108/><T62/><D73/><U128/><E37/><V5/><F5/><W101/><G126/><T56/><D130/><U24/><E124/><V88/><F69/><W64/><G101/><T22/><D57/><U83/><E83/><V9/><REACH who="2" step="1"/><F89/><REACH who="2" ten="354,390,210,36" step="2"/><W12/><G46/><T6/><D6/><U40/><E128/><V33/><F33/><W11/><REACH who="3" step="1"/><G85/><REACH who="3" ten="354,390,210,26" step="2"/><T119/><D119/><U93/><E111/><V63/><F63/><W131/><G131/><T29/><D62/><U109/><E109/><V25/><F25/><W86/><G86/><T115/><D87/><U21/><E26/><V80/><F80/><W58/><G58/><T30/><REACH who="0" step="1"/><D55/><REACH who="0" ten="344,390,210,26" step="2"/><U60/><E60/><V114/><F114/><AGARI ba="3,3" hai="20,22,29,30,36,39,56,59,81,82,114,115,133,135" machi="114" ten="25,18000,2" yaku="1,1,2,1,22,2,53,2" doraHai="132" doraHaiUra="129" who="0" fromWho="2" sc="344,219,390,0,210,-189,26,0" /><INIT seed="0,4,0,3,5,60" ten="563,390,21,26" oya="0" hai0="41,14,113,107,101,1,127,13,52,16,63,96,6" hai1="129,11,28,32,33,118,122,49,46,135,61,45,95" hai2="82,23,38,91,121,43,112,53,134,40,59,3,44" hai3="84,126,80,26,77,90,89,99,125,35,73,8,110"/><T56/><D127/><N who="3" m="48649" /><G110/><T39/><D113/><U133/><E118/><V79/><F121/><W108/><G108/><T119/><D119/><U27/><E122/><V130/><F112/><W58/><G8/><T111/><D111/><U104/><E104/><V51/><F130/><W76/><G58/><T114/><D114/><U86/><E129/><V68/><F134/><N who="1" m="51209" /><E33/><V74/><F68/><W97/><G26/><T4/><D1/><U102/><E11/><V15/><F3/><W88/><G35/><T25/><D39/><U109/><E109/><V12/><F43/><W93/><G77/><T64/><D41/><U124/><E124/><V47/><F47/><W117/><G117/><T30/><D30/><U128/><E128/><V75/><F75/><W132/><G132/><T29/><D29/><U18/><E18/><V17/><F91/><AGARI ba="4,0" hai="73,76,80,84,88,89,90,91,93,97,99" m="48649" machi="91" ten="30,7700,0" yaku="18,1,34,2,54,1" doraHai="60" who="3" fromWho="2" sc="563,0,390,0,21,-89,26,89" owari="563,66.0,390,19.0,-68,-57.0,115,-28.0" /></mjloggm>