<mjloggm ver="2.3"><GO type="169" lobby="0"/><UN n0="%E3%81%8A%E3%82%80%E3%82%89%E3%81%84%E3%81%99" n1="%E3%83%88%E3%83%88%E3%83%AA%E5%85%88%E7%94%9F%31%39%E6%AD%B3" n2="%E3%82%A8%E3%83%83%E3%83%95%E3%82%A7%E3%83%AB%E5%A1%94" n3="%E6%9C%A8%E5%8E%9F%E8%B1%AA%E4%B8%80" dan="16,19,16,16" rate="2146.57,2257.21,2091.88,2114.88" sx="M,F,M,M"/><TAIKYOKU oya="0"/><INIT seed="0,0,0,3,2,17" ten="250,250,250,250" oya="0" hai0="93,6,70,9,62,44,106,46,15,53,16,69,115" hai1="35,33,134,5,124,34,75,13,97,47,114,57,26" hai2="8,111,127,133,0,77,12,2,84,96,78,129,103" hai3="76,104,66,55,30,126,120,79,99,48,86,117,42"/><T10/><D106/><U54/><E75/><V63/><F111/><W89/><G117/><T74/><D115/><U49/><E134/><V108/><F108/><W112/><G112/><T31/><D74/><U1/><E114/><V80/><F133/><W50/><G126/><T105/><D105/><U81/><E1/><V23/><F129/><W132/><G132/><T92/><D31/><U110/><E110/><V41/><F41/><W125/><G125/><T119/><D119/><U36/><E124/><V130/><F78/><W87/><G66/><T7/><D62/><U20/><E81/><V113/><F113/><W43/><G30/><T24/><D15/><U116/><E116/><V135/><F130/><W107/><G99/><T58/><D58/><U67/><E97/><V37/><F37/><W121/><G89/><T3/><D53/><AGARI ba="0,0" hai="42,43,48,50,53,55,76,79,86,87,104,107,120,121" machi="53" ten="25,1600,0" yaku="22,2" doraHai="17" who="3" fromWho="0" sc="250,-16,250,0,250,0,250,16" /><INIT seed="1,0,0,0,0,22" ten="234,250,250,266" oya="1" hai0="72,61,39,96,122,18,55,13,34,66,83,19,2" hai1="48,27,26,32,53,44,128,35,24,65,114,116,92" hai2="85,129,60,4,126,59,40,37,23,12,115,123,7" hai3="58,43,17,120,86,134,11,80,64,9,56,75,89"/><U111/><E114/><V14/><F123/><W57/><G120/><T47/><D122/><U71/><E116/><V1/><F115/><W28/><G134/><T106/><D2/><U70/><E128/><V131/><F85/><W52/><G64/><T101/><D34/><U95/><E111/><V125/><F40/><W104/><G104/><T109/><D109/><U132/><E132/><V15/><F37/><W41/><G28/><T54/><D19/><U21/><E21/><V68/><F68/><W79/><G52/><T91/><D39/><U20/><E20/><V10/><F59/><W87/><G75/><T0/><D0/><U135/><E135/><V25/><F60/><W127/><G127/><N who="2" m="48649" /><F7/><W3/><G3/><T45/><D45/><U33/><REACH who="1" step="1"/><E65/><REACH who="1" ten="234,240,250,266" step="2"/><V16/><AGARI ba="0,1" hai="1,4,10,12,14,15,16,23,25,129,131" m="48649" machi="16" ten="40,8000,1" yaku="18,1,34,2,52,1,54,1" doraHai="22" who="2" fromWho="2" sc="234,-20,240,-40,250,90,266,-20" /><INIT seed="2,0,0,1,0,20" ten="214,200,340,246" oya="2" hai0="9,73,65,40,46,55,97,129,104,26,118,50,59" hai1="85,108,93,128,88,67,116,24,15,131,58,47,48" hai2="90,133,134,100,76,96,28,1,121,3,38,102,44" hai3="16,110,87,92,43,79,23,10,120,53,57,81,115"/><V6/><F121/><W112/><G120/><T0/><D129/><N who="1" m="49739" /><E116/><V62/><F76/><W103/><G110/><T86/><D73/><U4/><E108/><V33/><F90/><W68/><G68/><T21/><D118/><U61/><E4/><V72/><F72/><W122/><G122/><T78/><D65/><U2/><E15/><V19/><F19/><W125/><G43/><T5/><D78/><U70/><E2/><V66/><F6/><W42/><G42/><T95/><D86/><U7/><E7/><V111/><F102/><W56/><G125/><T14/><D104/><U11/><E11/><V37/><F111/><W54/><G10/><T130/><D130/><U132/><E132/><V32/><F44/><W30/><G30/><T84/><D84/><U49/><E70/><V77/><F77/><W126/><G126/><T91/><D0/><U71/><E71/><V51/><F28/><W99/><G115/><T69/><D69/><U109/><E109/><V83/><F3/><W127/><G127/><T63/><D21/><U45/><E45/><V41/><F1/><W124/><G124/><T12/><D14/><U105/><E105/><V98/><F134/><W107/><G112/><T25/><AGARI ba="0,0" hai="5,9,12,25,26,40,46,50,55,59,63,91,95,97" machi="25" ten="30,7900,0" yaku="0,1,8,1,52,2" doraHai="20" who="0" fromWho="0" sc="214,79,200,-20,340,-39,246,-20" /><INIT seed="3,0,0,2,2,88" ten="293,180,301,226" oya="3" hai0="82,49,96,21,129,83,120,113,56,53,31,13,102" hai1="42,10,84,43,57,87,4,39,73,41,52,77,111" hai2="55,105,61,76,6,121,74,126,65,68,132,46,22" hai3="64,81,36,60,27,130,119,78,15,38,93,133,0"/><W124/><G119/><T89/><D120/><U85/><E111/><V62/><F105/><W26/><G0/><T128/><D113/><U95/><E73/><V51/><F6/><W3/><G3/><T80/><D89/><U11/><E39/><V118/><F76/><W108/><G130/><T28/><D13/><U123/><E123/><V79/><F22/><W70/><G108/><T90/><D90/><N who="1" m="53711" /><E4/><V135/><F121/><W47/><G47/><T16/><D31/><U110/><E110/><V7/><F7/><W99/><G15/><T106/><REACH who="0" step="1"/><D28/><REACH who="0" ten="283,180,301,226" step="2"/><U100/><E100/><V59/><F118/><W71/><G26/><T92/><D92/><U98/><E98/><V32/><F32/><W116/><G27/><T63/><D63/><N who="1" m="36263" /><E77/><V20/><F79/><W45/><G116/><T48/><D48/><U54/><E10/><V50/><F50/><W17/><G38/><T58/><D58/><U134/><E11/><V103/><F59/><W66/><G36/><T112/><D112/><U107/><E107/><V14/><F51/><W101/><G78/><T37/><D37/><U75/><E75/><V109/><F74/><W67/><G99/><T117/><D117/><U35/><E35/><V97/><F97/><W44/><G93/><T40/><D40/><U127/><E84/><V25/><F62/><W122/><G60/><T34/><D34/><U86/><E87/><V9/><F61/><W12/><G12/><T125/><D125/><U18/><E127/><V72/><F126/><W94/><G124/><T115/><D115/><U104/><E104/><V23/><F14/><RYUUKYOKU ba="0,1" sc="283,30,180,-10,301,-10,226,-10" hai0="16,21,49,53,56,80,82,83,96,102,106,128,129" /><INIT seed="4,1,1,2,3,97" ten="313,170,291,216" oya="0" hai0="84,18,100,124,23,32,103,16,53,3,33,42,57" hai1="1,106,62,10,71,17,127,14,85,25,111,28,66" hai2="74,94,41,40,105,121,114,113,36,29,88,50,9" hai3="115,104,116,8,54,35,131,45,37,43,55,87,11"/><T64/><D3/><U101/><E111/><V2/><F105/><W126/><G116/><T90/><D124/><U110/><E110/><V13/><F74/><W72/><G72/><T123/><D123/><U112/><E127/><V65/><F2/><W86/><G35/><T129/><D129/><U93/><E112/><N who="2" m="43115" /><F36/><W49/><G115/><T120/><D120/><U80/><E93/><V68/><F29/><W82/><G126/><T44/><D64/><U119/><E1/><V21/><F21/><W27/><G104/><T20/><D33/><U46/><E46/><V0/><F0/><W83/><G27/><N who="0" m="14727" /><D32/><U39/><E39/><V52/><F121/><W81/><G131/><T59/><D44/><U91/><E119/><V133/><F65/><W58/><REACH who="3" step="1"/><G55/><REACH who="3" ten="313,170,291,206" step="2"/><T77/><D42/><U4/><E106/><V128/><F128/><W109/><G109/><T7/><D53/><U132/><E25/><V30/><F41/><W15/><G15/><T61/><D7/><U56/><E4/><V98/><F40/><W75/><G75/><T96/><D77/><U118/><E118/><V67/><F52/><W79/><G79/><T24/><D24/><U34/><E34/><V117/><F117/><W76/><G76/><T92/><D61/><U22/><E62/><V130/><F130/><W6/><G6/><T69/><D69/><U5/><E71/><V95/><F68/><W31/><G31/><T73/><D73/><U135/><E28/><V107/><F107/><W89/><G89/><T70/><D70/><U122/><E91/><N who="2" m="55647" /><F30/><W48/><G48/><T99/><D90/><RYUUKYOKU ba="1,2" sc="313,-10,170,-10,291,-10,206,30" hai3="8,11,37,43,45,49,54,58,81,82,83,86,87" /><INIT seed="5,2,2,0,2,135" ten="303,160,281,236" oya="1" hai0="115,71,32,11,41,3,118,111,109,78,21,81,55" hai1="4,38,88,85,80,39,116,17,107,2,132,19,92" hai2="117,28,34,63,22,86,14,75,98,95,54,76,58" hai3="50,130,101,29,114,20,90,87,127,134,59,110,7"/><U33/><E116/><V0/><F0/><W119/><G110/><T97/><D118/><U122/><E122/><V105/><F117/><W5/><G119/><T99/><D32/><U65/><E107/><V24/><F75/><W23/><G134/><T46/><D71/><U35/><E132/><V30/><F105/><W69/><G69/><T106/><D55/><U77/><E65/><V124/><F34/><W64/><G114/><T60/><D60/><U96/><E35/><V49/><F14/><W70/><G70/><T129/><D21/><U53/><E33/><V57/><F76/><W61/><G130/><T12/><D115/><U15/><E53/><V45/><F86/><W108/><G108/><T113/><D113/><U56/><E56/><V44/><F30/><W84/><G101/><N who="0" m="62767" /><D99/><U52/><E52/><N who="2" m="31887" /><F124/><W8/><G127/><T9/><D9/><U26/><E26/><V72/><F72/><W47/><G29/><T102/><D102/><AGARI ba="2,2" hai="22,24,28,44,45,54,58,63,95,98,102" m="31887" machi="102" ten="30,2000,0" yaku="8,1,54,1" doraHai="135" who="2" fromWho="0" sc="303,-26,160,0,281,46,236,0" /><INIT seed="6,0,0,1,3,106" ten="277,160,327,236" oya="2" hai0="82,31,0,58,111,61,44,27,133,49,68,86,50" hai1="97,90,135,51,48,56,134,116,125,8,24,92,41" hai2="130,21,78,26,108,40,10,109,19,95,105,87,30" hai3="99,122,102,129,114,131,126,123,75,117,2,36,52"/><V18/><F105/><W77/><G36/><T118/><D133/><U112/><E116/><V81/><F130/><N who="3" m="49675" /><G117/><T83/><D111/><N who="2" m="42570" /><F40/><W100/><G126/><T6/><D68/><U71/><E71/><V45/><F45/><W34/><G34/><T119/><D6/><U59/><E125/><V23/><F10/><W57/><G2/><T42/><D0/><U104/><E112/><V80/><F95/><N who="3" m="58495" /><G102/><T120/><D120/><U73/><E104/><V35/><F35/><W98/><G98/><T54/><D83/><U55/><E8/><V91/><F23/><W13/><G13/><T14/><D14/><U65/><E24/><V103/><F103/><W128/><G114/><T67/><D118/><U32/><E32/><V121/><F121/><W17/><G17/><T85/><D119/><U70/><E73/><AGARI ba="0,0" hai="18,19,21,26,30,73,78,80,81,87,91" m="42570" machi="73" ten="30,2900,0" yaku="10,1,52,1" doraHai="106" who="2" fromWho="1" sc="277,0,160,-29,327,29,236,0" /><INIT seed="6,1,0,1,4,48" ten="277,131,356,236" oya="2" hai0="79,22,83,25,46,99,69,106,120,62,60,65,16" hai1="75,102,113,34,123,27,37,15,94,11,23,64,55" hai2="42,91,29,52,49,77,115,51,110,100,109,107,66" hai3="117,103,32,82,54,24,21,78,40,2,88,28,3"/><V67/><F115/><W84/><G117/><T20/><D120/><U124/><E34/><V7/><F77/><W36/><G103/><T43/><D62/><U26/><E75/><V72/><F72/><W76/><G36/><T93/><D106/><U126/><E37/><V86/><F42/><W131/><G131/><T41/><D22/><U68/><E64/><V116/><F49/><W14/><G40/><T87/><REACH who="0" step="1"/><D46/><REACH who="0" ten="267,131,356,236" step="2"/><U57/><E123/><V39/><F107/><W96/><G21/><T134/><D134/><U119/><E119/><V33/><F116/><W19/><G32/><T45/><D45/><U70/><E113/><V6/><F33/><W132/><G132/><T135/><D135/><U73/><E23/><V130/><F67/><W63/><G63/><T118/><D118/><U133/><E133/><V5/><F66/><W111/><G111/><T35/><D35/><U8/><E68/><V85/><F110/><W18/><G3/><T74/><D74/><U71/><E73/><V0/><F0/><W97/><G2/><T104/><D104/><U31/><E70/><V4/><F109/><W121/><G121/><T105/><D105/><U92/><E71/><V129/><F129/><W10/><G10/><T112/><D112/><U50/><E11/><V80/><F130/><W114/><G114/><T47/><D47/><U98/><E31/><V13/><F29/><W61/><G28/><T53/><D53/><U17/><REACH who="1" step="1"/><E94/><REACH who="1" ten="267,121,356,236" step="2"/><N who="2" m="54639" /><F39/><W12/><G82/><T58/><D58/><U122/><E122/><V89/><N who="2" m="1024" /><DORA hai="127" /><V101/><F52/><W30/><G54/><RYUUKYOKU ba="1,2" sc="267,15,121,15,356,-15,236,-15" hai0="16,20,25,41,43,60,65,69,79,83,87,93,99" hai1="8,15,17,26,27,50,55,57,92,98,102,124,126" /><INIT seed="7,2,2,5,5,33" ten="282,136,341,221" oya="3" hai0="86,73,41,101,95,50,24,106,3,91,55,37,51" hai1="18,60,113,109,8,13,46,125,47,133,115,124,89" hai2="58,118,75,132,20,21,71,70,120,7,80,27,25" hai3="62,126,61,9,107,1,130,64,39,36,35,44,93"/><W40/><G107/><T105/><D3/><U52/><E89/><V117/><F58/><W38/><G35/><T110/><D110/><U122/><E109/><V100/><F7/><W2/><G62/><T42/><D37/><U11/><E122/><V30/><F100/><W5/><G130/><T54/><D73/><U4/><E133/><V76/><F132/><W128/><G128/><T56/><D24/><U87/><E87/><V131/><F131/><W66/><G66/><T94/><D101/><U123/><E123/><V17/><REACH who="2" step="1"/><F120/><REACH who="2" ten="282,136,331,221" step="2"/><W72/><G5/><T103/><D106/><U14/><E47/><V69/><AGARI ba="2,3" hai="17,20,21,25,27,30,69,70,71,75,76,80,117,118" machi="69" ten="30,7900,0" yaku="1,1,2,1,0,1,53,1" doraHai="33" doraHaiUra="12" who="2" fromWho="2" sc="282,-22,136,-22,331,115,221,-41" owari="260,6.0,114,-39.0,446,55.0,180,-22.0" /></mjloggm>