<mjloggm ver="2.3"><GO type="169" lobby="0"/><UN n0="%E3%83%88%E3%83%88%E3%83%AA%E5%85%88%E7%94%9F%31%39%E6%AD%B3" n1="%E7%A0%B2%E3%81%AE%E4%B8%8A%E3%81%AE%E3%81%82%E3%81%AE%E5%A8%98" n2="%E3%82%A6%E3%83%AB%E3%83%88%E3%83%A9%E7%AB%8B%E7%9B%B4" n3="%E3%82%BF%E3%83%9E%E3%83%8D%E3%82%AE" dan="19,16,18,16" rate="2294.80,2091.96,2248.70,2114.98" sx="F,F,M,M"/><TAIKYOKU oya="0"/><INIT seed="0,0,0,0,5,103" ten="250,250,250,250" oya="0" hai0="81,80,121,8,24,0,55,53,15,107,20,133,51" hai1="35,74,33,54,73,63,46,130,58,120,88,122,114" hai2="34,108,14,85,47,1,31,91,28,77,42,87,9" hai3="78,135,69,57,127,4,112,105,84,115,92,7,75"/><T113/><D113/><U41/><E114/><V71/><F71/><W48/><G69/><T76/><D121/><U61/><E130/><V82/><F1/><W17/><G75/><T6/><D133/><U62/><E73/><V11/><F34/><W2/><G105/><T95/><D107/><U38/><E74/><V93/><F108/><W94/><G94/><T102/><D0/><U98/><E33/><V22/><F22/><W65/><G7/><T10/><D10/><U50/><E35/><V3/><F3/><W37/><G37/><T129/><D129/><U29/><REACH who="1" step="1"/><E29/><REACH who="1" ten="250,240,250,250" step="2"/><V119/><F119/><W27/><G115/><T45/><D76/><U32/><E32/><V97/><F31/><W23/><G112/><T44/><D102/><U13/><E13/><V19/><F28/><W106/><G78/><T12/><D12/><U99/><E99/><V100/><F14/><W52/><G2/><T43/><D24/><U124/><E124/><V5/><F19/><W83/><G17/><T90/><D20/><U40/><E40/><V60/><F5/><W26/><G4/><T64/><D64/><U79/><E79/><V96/><F11/><W89/><G65/><T30/><D30/><U125/><E125/><V21/><F9/><W109/><G127/><T59/><D53/><U128/><E128/><V72/><F21/><W25/><G23/><T70/><D43/><U68/><E68/><V67/><F100/><W18/><G25/><T117/><D70/><U126/><E126/><V131/><F131/><W104/><G26/><T123/><D123/><U101/><E101/><RYUUKYOKU ba="0,1" sc="250,-10,240,30,250,-10,250,-10" hai1="38,41,46,50,54,58,61,62,63,88,98,120,122" /><INIT seed="1,1,1,3,3,56" ten="240,270,240,240" oya="1" hai0="36,27,98,15,78,101,80,41,32,81,102,114,63" hai1="111,108,64,95,31,97,57,71,11,130,77,48,100" hai2="14,5,90,68,83,25,28,52,126,99,53,55,91" hai3="65,1,131,107,54,34,116,22,13,60,73,132,12"/><U67/><E130/><V85/><F68/><W49/><G34/><T106/><D114/><U119/><E119/><V88/><F126/><W75/><G1/><T4/><D101/><U110/><E77/><V23/><F99/><W17/><G107/><T16/><D4/><U18/><E31/><V89/><F14/><W59/><G131/><T45/><D78/><U66/><E71/><V74/><F74/><W35/><G35/><T42/><D42/><U115/><E115/><V86/><REACH who="2" step="1"/><F5/><REACH who="2" ten="240,270,230,240" step="2"/><W30/><G116/><T129/><D129/><U39/><E39/><V128/><F128/><W134/><G13/><T123/><D123/><U62/><E48/><V21/><F21/><W43/><G73/><T10/><D32/><U44/><E44/><V105/><F105/><W51/><G75/><T40/><D106/><U2/><E2/><V26/><F26/><W112/><G112/><T118/><D27/><U72/><E72/><V82/><AGARI ba="1,2" hai="23,25,28,52,53,55,82,83,85,86,88,89,90,91" machi="82" ten="30,12000,2" yaku="1,1,0,1,9,1,8,1,54,2,53,0" doraHai="56" doraHaiUra="38" who="2" fromWho="2" sc="240,-31,270,-61,230,143,240,-31" /><INIT seed="2,0,0,0,1,31" ten="209,209,373,209" oya="2" hai0="37,98,17,115,78,114,32,70,67,1,107,43,118" hai1="28,113,9,30,40,45,131,84,25,54,21,10,19" hai2="55,135,97,119,110,56,79,13,4,15,11,2,96" hai3="83,74,60,68,106,77,127,93,23,91,65,121,39"/><V63/><F119/><W111/><G111/><T123/><D17/><U86/><E113/><N who="0" m="43017" /><D78/><U88/><E131/><V132/><F110/><W126/><G121/><T109/><D109/><U61/><E84/><V66/><F79/><W117/><G117/><T7/><D43/><U26/><E61/><V95/><F66/><W64/><G64/><T41/><D67/><U73/><E73/><V102/><REACH who="2" step="1"/><F97/><REACH who="2" ten="209,209,363,209" step="2"/><W112/><G65/><T99/><D98/><U94/><E54/><V27/><F27/><W76/><G77/><T82/><D99/><U20/><REACH who="1" step="1"/><E19/><REACH who="1" ten="209,199,363,209" step="2"/><V59/><F59/><W34/><G76/><T89/><D118/><U87/><E87/><V44/><F44/><W33/><G74/><T90/><D41/><U14/><E14/><AGARI ba="0,2" hai="2,4,11,13,14,15,55,56,63,95,96,102,132,135" machi="14" ten="40,2000,0" yaku="1,1,53,0" doraHai="31" doraHaiUra="120" who="2" fromWho="1" sc="209,0,199,-20,363,40,209,0" /><INIT seed="2,1,0,0,2,23" ten="209,179,403,209" oya="2" hai0="74,124,120,71,47,53,11,28,49,126,83,37,17" hai1="67,12,81,105,66,65,45,111,100,129,112,78,79" hai2="38,26,63,15,18,97,62,36,22,27,135,80,90" hai3="92,77,50,127,42,134,52,101,122,102,30,21,51"/><V98/><F135/><W116/><G122/><T14/><D120/><U34/><E112/><V9/><F38/><W91/><G116/><T110/><D71/><U133/><E111/><V109/><F36/><W95/><G77/><N who="0" m="44471" /><D37/><U48/><E133/><V69/><F109/><W89/><G134/><T86/><D28/><U57/><E129/><V106/><F106/><W119/><G119/><T76/><D76/><U46/><E34/><V114/><F114/><W35/><G35/><T82/><D110/><U24/><E105/><V4/><F69/><W125/><G42/><T94/><D94/><U56/><E100/><V130/><F130/><W54/><G21/><T2/><D2/><U70/><E70/><V103/><F103/><W75/><REACH who="3" step="1"/><G30/><REACH who="3" ten="209,179,403,199" step="2"/><T58/><D126/><U43/><E78/><V39/><F22/><W131/><G131/><T44/><D124/><U93/><E79/><V84/><F39/><W7/><G7/><T6/><D6/><U41/><E41/><V118/><F4/><W115/><G115/><T29/><D29/><U99/><E43/><V113/><F113/><W72/><AGARI ba="1,1" hai="50,51,52,54,72,75,89,91,92,95,101,102,125,127" machi="72" ten="25,8000,1" yaku="1,1,0,1,22,2,54,1,53,0" doraHai="23" doraHaiUra="8" who="3" fromWho="3" sc="209,-21,179,-21,403,-41,199,93" /><INIT seed="3,0,0,3,3,97" ten="188,158,362,292" oya="3" hai0="44,89,53,35,27,121,115,29,10,127,102,117,84" hai1="59,24,119,15,88,39,114,61,22,122,1,104,6" hai2="2,96,133,0,56,52,83,110,17,125,108,57,12" hai3="71,63,78,118,11,28,5,105,7,95,55,47,130"/><W30/><G105/><T98/><D117/><U36/><E114/><V40/><F40/><W18/><G130/><T34/><D121/><U65/><E122/><V111/><F125/><W43/><G78/><T19/><D127/><U113/><E113/><V135/><F83/><W126/><G118/><T109/><D115/><U86/><E119/><V32/><F32/><W66/><G55/><T72/><D72/><U51/><E104/><V80/><F80/><W64/><G64/><T94/><D109/><U123/><E123/><V129/><F96/><W68/><G68/><T99/><D35/><U134/><E134/><N who="2" m="51211" /><F129/><W4/><G95/><T77/><D77/><U107/><E107/><V131/><F131/><W103/><G103/><T60/><D102/><U87/><E1/><N who="2" m="619" /><F52/><W38/><REACH who="3" step="1"/><G126/><REACH who="3" ten="188,158,362,282" step="2"/><T128/><D128/><U14/><E65/><V79/><F79/><W16/><G16/><T120/><D120/><U54/><E54/><V101/><F101/><W58/><G58/><T42/><D53/><U81/><E59/><V21/><AGARI ba="0,1" hai="12,17,21,56,57,108,110,111" m="619,51211" machi="21" ten="40,2700,0" yaku="14,1,20,1" doraHai="97" who="2" fromWho="2" sc="188,-7,158,-7,362,37,282,-13" /><INIT seed="4,0,0,0,5,113" ten="181,151,399,269" oya="0" hai0="77,60,135,57,127,25,47,131,9,34,8,15,0" hai1="129,40,75,95,85,32,35,44,83,51,14,13,43" hai2="46,70,24,72,102,98,133,101,92,97,76,96,99" hai3="45,17,100,103,4,39,55,19,116,130,128,71,61"/><T125/><D131/><N who="3" m="50217" /><G116/><T110/><D135/><U86/><E129/><V81/><F70/><W53/><G4/><T107/><D107/><U123/><E75/><V105/><F46/><W52/><G39/><T109/><D77/><U119/><E123/><V7/><F24/><W62/><G45/><T21/><D47/><U79/><E119/><V104/><F7/><W50/><G50/><T112/><D0/><U65/><E65/><V28/><F28/><W49/><G49/><T54/><D34/><U30/><E43/><V66/><F66/><N who="3" m="41423" /><G62/><T41/><D112/><U69/><E69/><V126/><F133/><W118/><G118/><T68/><D41/><U108/><E108/><N who="0" m="41577" /><D68/><U18/><E30/><V90/><F126/><N who="0" m="48138" /><D15/><U106/><E106/><AGARI ba="0,0" hai="72,76,81,90,92,96,97,98,99,101,102,104,105,106" machi="106" ten="40,12000,2" yaku="35,6" doraHai="113" who="2" fromWho="1" sc="181,0,151,-120,399,120,269,0" /><INIT seed="5,0,0,0,3,117" ten="181,31,519,269" oya="1" hai0="56,100,76,87,106,99,32,95,121,31,24,115,108" hai1="39,52,70,4,134,28,89,62,122,85,128,110,119" hai2="98,7,127,75,22,34,45,48,93,83,29,97,112" hai3="71,42,6,9,96,78,101,43,107,5,14,118,132"/><U135/><E119/><V126/><F34/><W13/><G71/><T57/><D108/><U73/><E128/><V40/><F7/><W72/><G132/><N who="1" m="50730" /><E110/><V54/><F112/><W103/><G118/><T82/><D115/><U20/><E73/><V105/><F105/><W94/><G78/><T69/><D121/><U53/><E39/><V124/><F75/><W55/><G55/><N who="1" m="21066" /><E4/><V131/><F131/><W81/><G81/><T116/><D116/><U86/><E86/><V38/><F83/><W91/><G72/><N who="0" m="43271" /><D69/><U23/><E28/><V120/><F120/><W68/><G68/><T19/><D19/><U125/><E125/><V46/><F93/><W102/><G107/><T63/><D63/><U37/><E37/><V11/><F11/><AGARI ba="0,0" hai="5,6,9,11,13,14,42,43,91,94,96,101,102,103" machi="11" ten="40,2600,0" yaku="9,1,8,1" doraHai="117" who="3" fromWho="2" sc="181,0,31,0,519,-26,269,26" /><INIT seed="6,0,0,3,0,17" ten="181,31,493,295" oya="2" hai0="34,12,1,40,49,24,70,58,102,94,6,86,128" hai1="82,83,130,61,113,109,16,25,33,100,96,56,15" hai2="27,46,123,14,55,22,81,80,57,19,11,116,28" hai3="8,2,118,45,18,85,42,73,37,26,52,129,98"/><V13/><F116/><W48/><G98/><N who="0" m="59735" /><D34/><U20/><E130/><V7/><F46/><W53/><G129/><T32/><D32/><U114/><E109/><V29/><F123/><W135/><G135/><T72/><D72/><U41/><E41/><V110/><F110/><W65/><G65/><T54/><D1/><U44/><E44/><V63/><REACH who="2" step="1"/><F29/><REACH who="2" ten="181,31,483,295" step="2"/><W64/><G45/><T66/><D128/><U104/><E113/><V84/><F84/><W0/><G85/><T132/><D86/><U39/><E114/><V126/><F126/><W105/><G118/><T107/><D132/><U51/><E39/><V3/><F3/><W38/><G37/><T92/><D40/><U10/><E51/><V89/><F89/><W36/><G48/><T77/><D49/><U78/><E78/><V106/><F106/><W5/><G2/><T97/><D107/><U74/><E74/><V68/><F68/><W71/><G105/><T4/><D70/><U30/><REACH who="1" step="1"/><E33/><AGARI ba="0,1" hai="7,11,13,14,19,22,27,28,33,55,57,63,80,81" machi="33" ten="30,5800,0" yaku="1,1,7,1,52,1,53,0" doraHai="17" doraHaiUra="117" who="2" fromWho="1" sc="181,0,31,-58,483,68,295,0" owari="181,-22.0,-27,-53.0,551,65.0,295,10.0" /></mjloggm>