<mjloggm ver="2.3"><GO type="169" lobby="0"/><UN n0="%E9%81%A1%E8%A1%8C" n1="%E3%82%A6%E3%83%AB%E3%83%88%E3%83%A9%E7%AB%8B%E7%9B%B4" n2="%E3%83%AD%E3%83%83%E3%82%AF%E3%81%AE%E7%A5%9E%E6%A7%98" n3="%E4%BA%BA%E5%9E%8B%E9%9B%BB%E8%84%B3%E6%94%BE%E9%8A%83%E6%A9%9F" dan="17,18,17,16" rate="2165.11,2222.19,2151.07,2105.81" sx="M,M,M,M"/><TAIKYOKU oya="0"/><INIT seed="0,0,0,2,5,82" ten="250,250,250,250" oya="0" hai0="38,112,59,79,5,9,87,98,108,72,28,83,13" hai1="92,6,95,114,89,126,105,51,118,111,27,33,85" hai2="81,41,58,117,125,110,67,46,54,8,131,116,17" hai3="18,26,121,64,86,60,97,127,19,2,31,14,80"/><T61/><D112/><U124/><E6/><V55/><F17/><W25/><G2/><T22/><D38/><U71/><E71/><V35/><F35/><W56/><G127/><N who="1" m="48682" /><E105/><V133/><F8/><W40/><G40/><T24/><D108/><U132/><E118/><N who="2" m="45675" /><F125/><W100/><G121/><T30/><D98/><U37/><E37/><N who="2" m="21807" /><F81/><W45/><G45/><T29/><REACH who="0" step="1"/><D72/><REACH who="0" ten="240,250,250,250" step="2"/><U134/><E111/><V84/><F110/><W120/><G120/><T74/><D74/><U66/><E114/><V63/><F84/><W49/><G86/><T39/><D39/><U78/><E85/><V102/><F102/><W65/><G100/><T47/><D47/><U43/><E134/><V109/><F109/><W104/><G97/><T0/><D0/><U11/><E132/><V115/><F133/><W21/><G80/><T101/><D101/><U23/><E95/><V48/><F115/><W15/><G104/><T77/><D77/><U90/><E78/><V122/><F122/><W94/><G94/><T16/><D16/><U69/><E92/><V50/><F131/><W96/><G96/><T7/><D7/><U12/><E90/><V3/><F3/><W106/><G106/><T93/><D93/><U88/><E88/><V53/><AGARI ba="0,1" hai="48,50,53,54,55,58,63,67" m="21807,45675" machi="53" ten="30,4000,0" yaku="12,1,34,2" doraHai="82" who="2" fromWho="2" sc="240,-20,250,-10,250,50,250,-10" /><INIT seed="1,0,0,3,0,54" ten="220,240,300,240" oya="1" hai0="48,92,127,124,17,51,130,30,43,97,64,108,76" hai1="85,82,34,24,23,44,125,72,79,133,29,5,110" hai2="135,126,114,55,47,67,70,120,15,69,99,115,71" hai3="77,36,68,109,59,41,128,83,33,31,95,11,0"/><U119/><E119/><V19/><F99/><W18/><G68/><N who="2" m="26217" /><F15/><W2/><G109/><T122/><D108/><U52/><E110/><V42/><F19/><W113/><G113/><N who="2" m="43017" /><F120/><W27/><G128/><T32/><D76/><U96/><E125/><V134/><F126/><W103/><G41/><T26/><D130/><U57/><E133/><N who="2" m="50699" /><F55/><W84/><G36/><T63/><D122/><U7/><E72/><V100/><F100/><W22/><G11/><T12/><D124/><U73/><E73/><V75/><F75/><W28/><G28/><T118/><D127/><U53/><E96/><V91/><F91/><W89/><G103/><T25/><D25/><U65/><E34/><V9/><F9/><W40/><G40/><T8/><D43/><U80/><E80/><V132/><N who="2" m="50707" /><V6/><DORA hai="46" /><F6/><N who="1" m="2057" /><E44/><V56/><N who="2" m="26225" /><V21/><DORA hai="81" /><F21/><W45/><G45/><T60/><D32/><U86/><E86/><V94/><F94/><W87/><REACH who="3" step="1"/><G59/><REACH who="3" ten="220,240,300,230" step="2"/><T39/><D30/><U88/><E79/><V112/><F112/><W35/><G35/><T129/><D129/><U98/><E98/><V4/><F4/><W116/><G116/><T3/><D118/><U38/><E38/><N who="2" m="21975" /><F56/><W61/><G61/><AGARI ba="0,1" hai="23,24,29,52,53,57,61,65,82,85,88" m="2057" machi="61" ten="30,12000,1" yaku="8,1,52,2,54,2" doraHai="54,46,81" who="1" fromWho="3" sc="220,0,240,130,300,0,230,-120" /><INIT seed="1,1,0,3,1,14" ten="220,370,300,110" oya="1" hai0="130,19,52,30,107,64,110,93,33,29,74,13,87" hai1="126,65,83,60,57,62,84,39,111,36,59,68,21" hai2="112,119,94,6,51,134,95,10,42,28,88,24,26" hai3="32,77,124,132,98,55,9,78,128,17,43,66,101"/><U31/><E126/><V50/><F119/><W99/><G32/><T46/><D74/><U125/><E125/><V34/><F134/><W75/><G124/><T61/><D107/><U63/><E31/><V15/><F112/><W16/><G128/><T103/><D130/><U91/><E111/><V20/><F42/><W97/><G132/><T100/><D110/><U135/><E135/><V118/><F118/><W106/><G9/><T131/><D131/><U47/><E47/><V69/><F69/><W27/><G75/><T37/><D37/><U114/><E114/><V120/><F120/><W56/><G66/><T12/><D33/><U82/><E82/><V41/><F41/><W23/><G43/><T3/><D3/><U108/><E108/><V40/><F95/><W105/><G101/><T81/><D13/><U89/><E89/><V67/><F67/><W7/><G7/><T0/><D0/><U48/><E48/><V54/><F54/><W133/><G133/><T2/><D2/><U102/><E102/><N who="0" m="38953" /><D93/><U71/><E21/><V92/><F92/><W96/><G105/><T72/><D72/><U25/><E25/><V4/><F40/><W129/><G106/><T104/><D104/><U127/><E127/><V121/><F4/><W11/><N who="3" m="24576" /><DORA hai="70" /><W122/><G129/><T35/><D35/><U22/><E22/><V49/><F121/><W76/><G122/><T116/><D116/><U1/><E1/><V5/><F5/><W18/><G11/><N who="0" m="6559" /><D64/><N who="1" m="38943" /><E71/><V53/><F34/><W73/><G73/><T80/><D80/><U38/><E68/><V86/><F53/><RYUUKYOKU ba="1,0" sc="220,-30,370,10,300,10,110,10" hai1="36,38,39,57,62,63,65,83,84,91" hai2="6,10,15,20,24,26,28,49,50,51,86,88,94" hai3="16,17,18,23,27,55,56,76,77,78" /><INIT seed="1,2,0,5,3,68" ten="190,380,310,120" oya="1" hai0="81,25,97,107,55,98,131,103,1,0,47,124,30" hai1="87,123,127,57,78,16,5,99,52,28,77,118,8" hai2="90,26,21,44,115,71,40,70,112,14,102,2,58" hai3="72,113,7,46,89,38,15,121,111,75,82,109,128"/><U100/><E118/><V95/><F2/><W39/><G121/><T116/><D116/><U66/><E123/><V37/><F102/><W9/><G113/><N who="2" m="43593" /><F14/><W13/><G128/><T76/><D124/><U104/><E127/><V53/><F95/><W43/><G15/><T64/><D64/><U3/><E28/><N who="2" m="17487" /><F90/><W74/><G89/><T85/><D131/><U93/><E66/><V61/><AGARI ba="2,0" hai="37,40,44,53,58,61,70,71" m="17487,43593" machi="61" ten="30,2000,0" yaku="11,1,52,1" doraHai="68" who="2" fromWho="2" sc="190,-7,380,-12,310,26,120,-7" /><INIT seed="2,0,0,3,0,71" ten="183,368,336,113" oya="2" hai0="95,47,32,0,104,2,110,134,6,120,68,43,17" hai1="126,57,63,124,49,90,86,117,45,9,92,129,59" hai2="44,48,113,119,84,72,52,33,111,4,13,22,5" hai3="78,102,118,93,61,125,38,115,105,127,100,91,109"/><V133/><F113/><W74/><G61/><T106/><D120/><U54/><E117/><V62/><F119/><W60/><G60/><T46/><D68/><U121/><E129/><V25/><F72/><W12/><G12/><T16/><D32/><U27/><E121/><V21/><F33/><W107/><G118/><T11/><D110/><U66/><E27/><V26/><F133/><W55/><G55/><T88/><D134/><U1/><E1/><V108/><F84/><N who="3" m="52455" /><G38/><T77/><D77/><U20/><E20/><V132/><F132/><W94/><G109/><N who="2" m="42057" /><F62/><W76/><G115/><T80/><D80/><U29/><E29/><N who="2" m="17583" /><F13/><W24/><G24/><T19/><D2/><U116/><E116/><V122/><F122/><W58/><G58/><T51/><REACH who="0" step="1"/><D47/><REACH who="0" ten="173,368,336,113" step="2"/><U114/><E45/><V87/><F87/><AGARI ba="0,1" hai="0,6,11,16,17,19,43,46,51,87,88,95,104,106" machi="87" ten="40,8000,1" yaku="1,1,2,1,54,2,53,0" doraHai="71" doraHaiUra="98" who="0" fromWho="2" sc="173,90,368,0,336,-80,113,0" /><INIT seed="3,0,0,5,0,11" ten="263,368,256,113" oya="3" hai0="72,95,9,94,74,54,100,98,5,99,97,28,35" hai1="57,71,61,123,17,36,102,65,101,22,80,10,56" hai2="126,69,8,84,79,128,106,120,41,111,110,77,51" hai3="0,109,81,3,16,50,118,83,108,125,113,62,52"/><W20/><G118/><T6/><D35/><U67/><E36/><V38/><F38/><W75/><G113/><T107/><D28/><U70/><E123/><V59/><F69/><W121/><G121/><T2/><D6/><U63/><E10/><V103/><F120/><W130/><G130/><T135/><D135/><U37/><E37/><V133/><F128/><W122/><G122/><T124/><D124/><U114/><E80/><N who="3" m="30794" /><G75/><T85/><D85/><U90/><E90/><V115/><F115/><W92/><G92/><T76/><D76/><U18/><E22/><V87/><F8/><W14/><G62/><T44/><D44/><U73/><E114/><V45/><F133/><W105/><G105/><T24/><D24/><U66/><E66/><V127/><F106/><W116/><G116/><T15/><D54/><U26/><E26/><V31/><F103/><W64/><G64/><T119/><D119/><U1/><E73/><V30/><F79/><W89/><G89/><T19/><D98/><U129/><E129/><V27/><F77/><W33/><G33/><T32/><D32/><U60/><E63/><V13/><F127/><W23/><G125/><T43/><D43/><U21/><E1/><V47/><F126/><W88/><G23/><N who="0" m="11775" /><D107/><U40/><E21/><V53/><F41/><AGARI ba="0,0" hai="17,18,40,41,56,57,60,61,65,67,70,71,101,102" machi="41" ten="25,1600,0" yaku="22,2" doraHai="11" who="1" fromWho="2" sc="263,0,368,16,256,-16,113,0" /><INIT seed="4,0,0,4,1,83" ten="263,384,240,113" oya="0" hai0="19,127,38,66,26,94,63,123,39,33,133,114,42" hai1="78,13,1,0,117,49,41,106,80,119,130,109,68" hai2="51,59,47,132,58,102,120,16,17,135,75,82,18" hai3="72,118,100,116,12,74,92,65,62,27,122,48,128"/><T71/><D123/><U53/><E106/><V88/><F120/><W67/><G122/><T37/><D114/><U110/><E13/><V126/><F126/><W107/><G128/><T81/><D127/><U56/><E0/><V52/><F102/><W50/><G107/><T103/><D133/><N who="2" m="51274" /><F75/><W22/><G74/><T54/><D54/><U14/><E14/><V95/><F82/><W46/><G72/><T43/><D81/><U44/><E1/><V91/><F91/><W61/><G12/><T40/><D19/><N who="2" m="4866" /><V55/><DORA hai="5" /><F55/><W69/><G116/><T20/><D20/><U11/><E119/><V8/><F8/><W101/><G118/><T60/><D60/><U10/><E117/><V29/><F29/><N who="3" m="17655" /><G69/><T2/><D2/><U32/><E68/><V77/><F77/><W7/><G7/><T35/><REACH who="0" step="1"/><D26/><REACH who="0" ten="253,384,240,113" step="2"/><U86/><E53/><V98/><AGARI ba="0,1" hai="47,51,52,58,59,88,95,98" m="4866,51274" machi="98" ten="40,8000,1" yaku="20,1,54,3" doraHai="83,5" who="2" fromWho="2" sc="253,-40,384,-20,240,90,113,-20" /><INIT seed="5,0,0,4,1,37" ten="213,364,330,93" oya="1" hai0="94,87,124,66,111,122,45,123,98,43,85,132,15" hai1="108,119,47,25,26,117,131,110,70,22,27,96,97" hai2="82,101,69,106,83,28,53,19,35,60,9,38,20" hai3="100,52,10,24,68,134,79,65,91,128,58,56,33"/><U17/><E70/><V55/><F38/><W121/><G121/><N who="0" m="46091" /><D111/><N who="1" m="42539" /><E47/><V7/><F35/><W64/><G128/><T13/><D66/><N who="3" m="25705" /><G33/><T6/><D124/><U40/><E40/><V81/><F28/><W113/><G68/><T5/><D15/><N who="1" m="9535" /><E97/><V99/><F69/><W74/><G74/><T102/><D132/><U116/><E96/><V104/><F60/><W90/><G134/><T8/><D6/><U31/><E131/><V67/><F67/><W18/><G79/><T16/><D5/><U41/><E41/><V89/><F89/><N who="3" m="33803" /><G100/><T125/><D125/><U54/><E54/><V39/><F39/><AGARI ba="0,0" hai="8,13,16,39,43,45,85,87,94,98,102" m="46091" machi="39" ten="30,3900,0" yaku="13,1,52,1,54,1" doraHai="37" who="0" fromWho="2" sc="213,39,364,0,330,-39,93,0" /><INIT seed="6,0,0,5,2,82" ten="252,364,291,93" oya="2" hai0="95,128,27,35,87,85,6,80,40,59,124,131,26" hai1="58,20,2,45,107,114,56,134,74,72,19,125,0" hai2="41,1,12,60,110,30,122,63,8,46,33,71,42" hai3="77,99,7,92,34,18,86,31,66,11,21,4,49"/><V57/><F122/><W15/><G66/><T96/><D124/><U121/><E107/><V119/><F119/><W101/><G34/><T64/><D40/><U111/><E45/><V132/><F1/><W16/><G31/><T61/><D6/><U76/><E76/><V29/><F132/><W69/><G69/><T53/><D35/><U22/><E19/><V133/><F133/><W24/><G49/><T23/><D53/><U113/><E134/><V68/><F110/><W135/><G135/><T83/><D83/><AGARI ba="0,0" hai="4,7,11,15,16,18,21,24,77,83,86,92,99,101" machi="83" ten="40,5200,0" yaku="8,1,52,1,54,1" doraHai="82" who="3" fromWho="0" sc="252,-52,364,0,291,0,93,52" /><INIT seed="7,0,0,5,3,20" ten="200,364,291,145" oya="3" hai0="94,69,11,72,105,63,50,59,49,126,111,31,55" hai1="131,88,37,33,103,8,47,57,84,21,81,25,4" hai2="2,125,134,9,120,1,54,36,45,85,29,35,15" hai3="12,112,133,58,87,27,66,114,118,48,43,14,0"/><W62/><G118/><T129/><D105/><U127/><E33/><V38/><F85/><W18/><G0/><N who="2" m="105" /><F54/><W101/><G133/><T100/><D111/><U96/><E57/><V107/><F45/><N who="3" m="25663" /><G101/><T5/><D72/><U65/><E65/><V77/><F107/><W74/><G87/><T22/><D126/><U23/><E127/><V116/><F38/><W34/><G74/><T89/><D100/><U122/><E47/><V40/><F36/><W46/><G46/><T51/><D129/><U26/><E131/><V28/><F77/><W115/><G34/><T76/><D76/><U132/><E132/><V70/><F70/><W117/><G117/><T90/><D69/><U44/><E44/><V91/><F134/><W78/><G78/><T64/><D64/><U135/><E37/><V52/><F116/><W79/><G79/><T3/><REACH who="0" step="1"/><D94/><REACH who="0" ten="190,364,291,145" step="2"/><U86/><E135/><V17/><F125/><W102/><G102/><T32/><D32/><U98/><E103/><V93/><F35/><W108/><G108/><T92/><D92/><U119/><E119/><V53/><F40/><W110/><G110/><T39/><D39/><U61/><E81/><V123/><F93/><W109/><G109/><T83/><D83/><U56/><E88/><V106/><F91/><W6/><G6/><T16/><D16/><U10/><E4/><V7/><F106/><W128/><G128/><T41/><D41/><U24/><E122/><V124/><F124/><W68/><G68/><T104/><D104/><U42/><E42/><V82/><F7/><W30/><G30/><N who="2" m="11881" /><F82/><W67/><G66/><RYUUKYOKU ba="0,1" sc="190,10,364,-30,291,10,145,10" hai0="3,5,11,22,31,49,50,51,55,59,63,89,90" hai2="9,15,17,52,53,120,123" hai3="12,14,18,27,58,62,67,112,114,115" /><INIT seed="7,1,1,4,2,52" ten="200,334,301,155" oya="3" hai0="71,122,30,28,101,92,95,53,103,125,133,75,13" hai1="33,42,90,123,105,129,117,6,77,121,127,31,3" hai2="116,111,25,91,55,99,108,107,118,82,126,72,96" hai3="34,85,1,74,0,113,83,132,32,60,93,106,19"/><W68/><G113/><T15/><D75/><U38/><E90/><V119/><F25/><W7/><G132/><T47/><D71/><U2/><E117/><V35/><F35/><W65/><G106/><T61/><D122/><U115/><E115/><V128/><F55/><W29/><G74/><T110/><D110/><N who="2" m="42026" /><F126/><W97/><G19/><T4/><D125/><U67/><E127/><V120/><F128/><W62/><G62/><T51/><D133/><U80/><E129/><V135/><F135/><W54/><G54/><T59/><D95/><U58/><E58/><V134/><F134/><W112/><G112/><T94/><D94/><U70/><E67/><V37/><F37/><W57/><G68/><T114/><D114/><U87/><E70/><V41/><F41/><W84/><G84/><T79/><D79/><U86/><E42/><V89/><F120/><W131/><G131/><T21/><D92/><U27/><E38/><V45/><F45/><W48/><G48/><T69/><D69/><U56/><E56/><V64/><F64/><W36/><G36/><T66/><D13/><U102/><E2/><N who="3" m="1130" /><G7/><T23/><D23/><U130/><E130/><V76/><F99/><W98/><G29/><N who="0" m="11371" /><D21/><U44/><E3/><V14/><F14/><W9/><G9/><AGARI ba="1,1" hai="4,9,15,47,51,53,59,61,66,101,103" m="11371" machi="9" ten="30,2000,0" yaku="8,1,52,1" doraHai="52" who="0" fromWho="3" sc="200,33,334,0,301,0,155,-23" owari="233,-17.0,334,44.0,301,10.0,132,-37.0" /></mjloggm>