<mjloggm ver="2.3"><GO type="169" lobby="0"/><UN n0="%49%51%31%38%30%E7%9C%9F%E5%89%A3%E6%A7%98" n1="%E3%81%B9%E3%81%B9%2E" n2="%E3%82%A6%E3%83%AB%E3%83%88%E3%83%A9%E7%AB%8B%E7%9B%B4" n3="%E6%84%9B%E3%81%A8%E5%B9%B3%E5%92%8C%E3%81%A8%E5%83%95" dan="16,16,18,16" rate="2139.39,2127.05,2234.63,2056.16" sx="M,M,M,M"/><TAIKYOKU oya="0"/><INIT seed="0,0,0,4,5,57" ten="250,250,250,250" oya="0" hai0="110,56,123,30,15,102,107,28,37,109,95,70,50" hai1="89,90,33,18,115,35,134,112,40,113,25,79,6" hai2="135,117,105,43,75,24,20,125,116,106,63,67,77" hai3="3,48,46,72,51,31,92,22,86,5,73,132,29"/><T126/><D123/><U32/><E79/><V82/><F43/><W7/><G132/><T104/><D70/><U84/><E40/><V111/><F111/><N who="0" m="42506" /><D37/><U114/><E134/><V81/><F81/><W87/><G92/><T61/><D126/><U62/><E6/><V103/><F135/><W108/><G108/><T39/><D39/><U0/><E0/><V91/><F91/><W9/><G3/><T88/><D50/><U76/><E76/><V121/><F121/><W11/><REACH who="3" step="1"/><G22/><REACH who="3" ten="250,250,250,240" step="2"/><T23/><D107/><U130/><E115/><V64/><F106/><W94/><G94/><T122/><D104/><U41/><E114/><V13/><F105/><W49/><G49/><T119/><D119/><U69/><E113/><V78/><F117/><W118/><G118/><T101/><D122/><U74/><E112/><V12/><F116/><W96/><G96/><N who="0" m="57447" /><D101/><U42/><E33/><V131/><F103/><W26/><G26/><T66/><D102/><U127/><E35/><V128/><F24/><W14/><G14/><T59/><D56/><U68/><E32/><V124/><F12/><W36/><G36/><T54/><D66/><U38/><E38/><V65/><F65/><W60/><G60/><T55/><D54/><U98/><E69/><N who="2" m="42143" /><F67/><W100/><G100/><T8/><D23/><U58/><E68/><V45/><F20/><W52/><G52/><T17/><AGARI ba="0,1" hai="8,15,17,28,30,55,59,61" m="57447,42506" machi="17" ten="30,11700,0" yaku="14,1,10,1,52,1,54,1" doraHai="57" who="0" fromWho="0" sc="250,127,250,-39,250,-39,240,-39" /><INIT seed="0,1,0,0,2,57" ten="377,211,211,201" oya="0" hai0="3,19,100,48,2,133,128,20,8,12,30,134,68" hai1="130,85,132,1,88,66,32,6,129,39,125,61,53" hai2="126,77,118,94,95,73,56,41,38,87,22,110,37" hai3="105,65,103,131,44,111,76,46,117,81,97,122,11"/><T69/><D100/><U23/><E32/><V107/><F107/><W63/><G117/><T55/><D128/><U84/><E39/><V79/><F73/><W104/><G111/><T31/><D48/><U4/><E132/><N who="0" m="50793" /><D55/><U114/><E114/><V28/><F56/><W67/><G131/><N who="1" m="50186" /><E125/><V121/><F41/><W127/><G127/><T47/><D47/><U80/><E23/><V135/><F22/><W113/><G113/><T5/><D68/><N who="1" m="42063" /><E1/><N who="0" m="9" /><D69/><U83/><E53/><V86/><F38/><W25/><G105/><T36/><D36/><U0/><E0/><AGARI ba="1,0" hai="0,5,8,12,19,20,30,31" m="9,50793" machi="0" ten="30,5800,0" yaku="20,1,34,2" doraHai="57" who="0" fromWho="1" sc="377,61,211,-61,211,0,201,0" /><INIT seed="0,2,0,0,0,87" ten="438,150,211,201" oya="0" hai0="48,119,1,124,32,86,54,127,115,96,100,12,7" hai1="111,8,47,90,113,6,33,53,76,43,106,61,83" hai2="99,72,91,59,65,95,4,112,41,107,36,42,102" hai3="74,5,68,135,104,116,28,108,34,77,66,134,52"/><T84/><D119/><U126/><E111/><V29/><F112/><W55/><G116/><T58/><D115/><U103/><E33/><V121/><F121/><W97/><G108/><T46/><D1/><U2/><E113/><V93/><F36/><W128/><G5/><T120/><D120/><U19/><E126/><N who="0" m="48169" /><D32/><U94/><E19/><V16/><F72/><W114/><G114/><T44/><D7/><U62/><E53/><V117/><F107/><W92/><G104/><N who="0" m="63495" /><D12/><U125/><E103/><V69/><F69/><W89/><G128/><T24/><D24/><U132/><E106/><V22/><F29/><W40/><G28/><T3/><D3/><U39/><E125/><V73/><F73/><W80/><G34/><T129/><D129/><U14/><E14/><N who="2" m="9495" /><F4/><W50/><G135/><T64/><D64/><U17/><E132/><V11/><F11/><W109/><G134/><T88/><D84/><U56/><E17/><V98/><F117/><W9/><G109/><T81/><AGARI ba="2,0" hai="44,46,48,54,58,81,86,88" m="63495,48169" machi="81" ten="30,6000,0" yaku="18,1,52,1,54,1" doraHai="87" who="0" fromWho="0" sc="438,66,150,-22,211,-22,201,-22" /><INIT seed="0,3,0,4,3,66" ten="504,128,189,179" oya="0" hai0="92,79,59,129,133,20,62,56,21,2,88,64,26" hai1="120,76,70,117,49,86,33,5,127,97,122,78,58" hai2="38,113,124,115,95,106,121,65,28,109,1,82,40" hai3="27,57,98,10,45,105,42,37,130,101,44,31,63"/><T84/><D129/><U7/><E117/><V116/><F95/><W81/><G130/><T54/><D133/><U22/><E33/><V51/><F51/><W108/><G108/><T90/><D2/><U112/><E127/><V110/><F82/><W30/><G81/><T60/><D79/><U73/><E73/><V74/><F65/><W13/><G45/><T53/><D64/><U6/><E112/><V68/><F40/><W71/><G27/><T3/><D3/><U11/><E22/><V39/><F28/><W131/><G131/><T75/><D75/><U14/><E97/><V67/><F67/><W85/><G85/><T114/><D114/><U46/><E58/><V107/><F107/><W16/><REACH who="3" step="1"/><G71/><REACH who="3" ten="504,128,189,169" step="2"/><T29/><REACH who="0" step="1"/><D90/><REACH who="0" ten="494,128,189,169" step="2"/><U35/><E76/><V128/><F113/><W36/><G36/><T24/><D24/><U0/><E78/><V4/><F39/><W83/><G83/><T96/><D96/><U102/><E0/><V32/><F4/><W89/><G89/><T18/><D18/><U41/><E5/><V48/><F48/><W34/><G34/><AGARI ba="3,2" hai="20,21,26,29,34,53,54,56,59,60,62,84,88,92" machi="34" ten="30,11600,0" yaku="1,1,7,1,9,1,54,1,53,0" doraHai="66" doraHaiUra="69" who="0" fromWho="3" sc="494,145,128,0,189,0,169,-125" /><INIT seed="0,4,0,1,1,125" ten="639,128,189,44" oya="0" hai0="59,17,20,77,11,35,126,24,122,60,32,105,73" hai1="99,129,124,114,1,131,79,118,9,55,53,12,0" hai2="120,65,22,50,135,49,26,37,97,13,44,134,5" hai3="47,96,62,66,3,72,23,94,132,69,38,63,25"/><T4/><D105/><U86/><E118/><V93/><F65/><W2/><G132/><N who="2" m="50729" /><F120/><W70/><G72/><T36/><D122/><U67/><E124/><V51/><F5/><W10/><G10/><T56/><D126/><U27/><E114/><V109/><F13/><W110/><G110/><T88/><D36/><U30/><E67/><V81/><F81/><W111/><G111/><T101/><D101/><U84/><E99/><V46/><F37/><W68/><G38/><T106/><D106/><U74/><E74/><V103/><F109/><W34/><G47/><T83/><D56/><U15/><E15/><V87/><F87/><N who="1" m="33321" /><E79/><V43/><F43/><W64/><G70/><T100/><D100/><U119/><E119/><V16/><AGARI ba="4,0" hai="16,22,26,44,46,49,50,51,93,97,103" m="50729" machi="16" ten="30,2000,0" yaku="20,1,54,1" doraHai="125" who="2" fromWho="2" sc="639,-14,128,-9,189,32,44,-9" /><INIT seed="1,0,0,2,1,35" ten="625,119,221,35" oya="1" hai0="34,96,22,20,27,44,38,103,72,119,60,131,47" hai1="98,65,63,53,56,97,68,19,58,31,13,82,10" hai2="77,66,48,64,86,85,100,12,14,114,7,23,26" hai3="28,124,94,95,109,3,70,90,102,6,113,111,9"/><U39/><E39/><V36/><F36/><W21/><G113/><T132/><D119/><U76/><E31/><V43/><F100/><W74/><G70/><T45/><D38/><U108/><E108/><N who="3" m="41546" /><G74/><T5/><D72/><U15/><E15/><V16/><F114/><W1/><G124/><T83/><D34/><U130/><E130/><V115/><F115/><W55/><G55/><T46/><D45/><U62/><REACH who="1" step="1"/><E68/><REACH who="1" ten="625,109,221,35" step="2"/><V42/><F14/><W88/><G102/><T105/><D103/><U49/><E49/><V69/><F69/><W129/><G129/><T17/><D131/><U125/><E125/><V80/><F48/><W54/><G28/><T133/><D133/><U89/><E89/><V120/><F12/><W118/><G118/><T135/><D132/><U25/><E25/><V8/><F26/><W59/><G90/><T116/><D135/><U30/><E30/><V2/><F120/><W107/><G88/><T61/><D27/><U33/><E33/><V18/><F7/><W99/><G3/><T122/><D5/><U93/><E93/><V92/><F92/><W79/><G79/><T24/><D24/><U128/><E128/><V29/><F2/><W134/><G134/><T57/><D116/><U117/><E117/><V127/><F127/><W32/><G32/><T101/><D122/><U112/><E112/><V75/><F29/><W52/><G21/><T37/><D20/><U81/><E81/><V121/><F121/><W126/><G126/><T87/><D37/><U41/><E41/><V40/><F23/><W11/><G95/><N who="0" m="58527" /><D22/><U91/><E91/><RYUUKYOKU ba="0,1" sc="625,-10,109,30,221,-10,35,-10" hai1="10,13,19,53,56,58,62,63,65,76,82,97,98" /><INIT seed="1,1,1,4,4,36" ten="615,139,211,25" oya="1" hai0="31,29,46,81,44,70,87,3,120,96,110,58,116" hai1="11,14,26,25,57,97,112,104,52,98,79,20,10" hai2="119,91,117,95,74,4,33,15,132,130,66,9,71" hai3="62,92,47,30,76,78,90,124,67,54,85,134,56"/><U121/><E112/><V50/><F74/><W73/><G134/><T2/><D70/><U83/><E121/><V127/><F33/><W118/><G124/><T94/><D116/><U133/><E133/><V24/><F132/><W111/><G118/><T41/><D110/><U6/><E10/><V113/><F71/><W53/><G111/><T68/><D68/><U28/><E26/><V22/><F66/><W59/><G30/><T89/><D120/><U48/><REACH who="1" step="1"/><E104/><REACH who="1" ten="615,129,211,25" step="2"/><V63/><F113/><W40/><G73/><AGARI ba="1,2" hai="6,11,14,20,25,28,48,52,57,73,79,83,97,98" machi="73" ten="30,12000,1" yaku="1,1,2,1,7,1,54,1,53,1" doraHai="36" doraHaiUra="18" who="1" fromWho="3" sc="615,0,129,143,211,0,25,-123" owari="615,72.0,272,7.0,211,-19.0,-98,-60.0" /></mjloggm>