<mjloggm ver="2.3"><GO type="169" lobby="0"/><UN n0="%E3%83%88%E3%83%88%E3%83%AA%E5%85%88%E7%94%9F%31%39%E6%AD%B3" n1="%E3%81%B5%E3%81%8F%E3%82%84%E3%82%93" n2="%E3%81%BB%E3%81%A8%E3%81%B0%E3%81%97%E3%82%8B%E3%81%8B%E3%81%95%E3%81%94" n3="%3A%44%75%63%61%3A" dan="19,16,16,17" rate="2290.98,2142.55,2090.89,2172.29" sx="F,M,M,M"/><TAIKYOKU oya="0"/><INIT seed="0,0,0,4,3,11" ten="250,250,250,250" oya="0" hai0="33,55,52,71,72,119,54,76,100,23,110,126,125" hai1="73,0,117,84,27,123,7,132,6,34,112,30,104" hai2="50,83,118,77,4,26,10,44,80,101,78,108,116" hai3="103,109,99,29,38,14,122,106,22,91,102,56,107"/><T113/><D113/><U105/><E73/><V35/><F101/><W57/><G109/><T97/><D33/><U24/><E117/><N who="2" m="45163" /><F108/><W1/><G1/><T90/><D71/><U133/><E123/><V31/><F78/><W115/><G115/><T61/><D110/><U42/><E112/><V95/><F95/><W58/><G122/><T64/><D119/><U20/><E42/><N who="2" m="24855" /><F77/><W19/><G38/><T128/><D128/><U47/><E47/><V120/><F120/><W134/><G134/><N who="1" m="51818" /><E84/><V59/><F59/><W130/><G130/><T75/><D90/><U18/><E0/><AGARI ba="0,0" hai="0,4,10,26,31,35,80,83" m="24855,45163" machi="0" ten="30,1000,0" yaku="12,1" doraHai="11" who="2" fromWho="1" sc="250,0,250,-10,250,10,250,0" /><INIT seed="1,0,0,1,1,9" ten="250,240,260,250" oya="1" hai0="47,12,78,88,101,77,14,53,113,70,125,36,108" hai1="15,3,127,16,48,124,104,40,66,123,7,119,133" hai2="69,24,89,116,1,25,91,109,92,0,98,112,60" hai3="45,5,26,75,11,74,83,80,131,79,102,46,29"/><U71/><E119/><V21/><F116/><W38/><G131/><T32/><D113/><U87/><E123/><V51/><F112/><W84/><G102/><T99/><D32/><U129/><E104/><V54/><F109/><W50/><G38/><T17/><D70/><U55/><E129/><V82/><F25/><W132/><G132/><T27/><D108/><U73/><E73/><V107/><F107/><W121/><G121/><T20/><D125/><N who="1" m="48203" /><E40/><V31/><F91/><W57/><G57/><T4/><D101/><U44/><E133/><V94/><F94/><W135/><G135/><T126/><D126/><U103/><E103/><V64/><F82/><W76/><G84/><T100/><D100/><U85/><E7/><V56/><AGARI ba="0,0" hai="0,1,21,24,31,51,54,56,60,64,69,89,92,98" machi="56" ten="20,1500,0" yaku="0,1,7,1" doraHai="9" who="2" fromWho="2" sc="250,-4,240,-7,260,15,250,-4" /><INIT seed="2,0,0,3,1,109" ten="246,233,275,246" oya="2" hai0="50,135,81,10,130,27,87,59,47,17,28,11,24" hai1="77,64,94,93,1,105,127,21,22,19,45,122,38" hai2="99,16,15,125,126,60,72,113,106,49,4,26,2" hai3="76,118,133,67,58,86,116,6,66,44,82,3,111"/><V84/><F72/><W29/><G111/><T92/><D130/><U12/><E105/><V74/><F74/><W128/><G128/><T20/><D135/><U30/><E1/><V96/><F113/><W101/><G133/><T25/><D59/><U33/><E127/><N who="2" m="48651" /><F26/><W65/><G29/><T115/><D92/><U103/><E122/><V5/><F2/><W80/><G101/><T107/><D107/><U85/><E33/><V42/><F60/><W63/><G44/><T34/><D115/><U97/><E64/><V69/><F69/><W78/><G6/><N who="2" m="2665" /><F84/><W95/><G3/><T123/><D25/><U110/><E110/><V57/><F106/><W56/><G95/><T102/><D102/><U100/><E100/><V40/><F57/><W53/><REACH who="3" step="1"/><G58/><REACH who="3" ten="246,233,275,236" step="2"/><T75/><D123/><U79/><E93/><V36/><F36/><W39/><G39/><T14/><D28/><U124/><E124/><V32/><F42/><W104/><G104/><T43/><D34/><U55/><E38/><V83/><F32/><W88/><G88/><T0/><D0/><U108/><E108/><V70/><F70/><W48/><G48/><T37/><D37/><U91/><E30/><V73/><F40/><W52/><G52/><T31/><D31/><U134/><E134/><V129/><F49/><W7/><G7/><T119/><D43/><U23/><E55/><V61/><F129/><W8/><G8/><T51/><D51/><U120/><E45/><V98/><F61/><W41/><G41/><N who="0" m="24943" /><D11/><N who="1" m="6559" /><E120/><V112/><F112/><W68/><G68/><T71/><D71/><U9/><E9/><RYUUKYOKU ba="0,1" sc="246,-15,233,15,275,-15,236,15" hai1="21,22,23,77,79,85,91,94,97,103" hai3="53,56,63,65,66,67,76,78,80,82,86,116,118" /><INIT seed="3,1,1,5,5,40" ten="231,248,260,251" oya="3" hai0="23,121,120,97,7,25,100,27,64,6,118,113,63" hai1="60,26,55,112,78,2,66,96,127,107,43,62,128" hai2="77,134,123,29,52,116,1,106,18,28,68,124,135" hai3="72,42,34,5,39,70,45,104,103,61,53,49,108"/><W36/><G72/><T30/><D118/><U114/><E2/><V48/><F116/><W122/><G122/><T44/><D113/><U8/><E78/><V79/><F68/><W105/><G34/><T46/><D120/><U56/><E127/><V133/><F123/><W119/><G119/><T86/><D121/><U80/><E80/><V54/><F124/><W129/><G129/><T117/><D117/><U102/><E128/><V69/><F69/><W98/><G108/><T19/><D86/><U125/><E125/><V71/><F71/><W0/><G105/><T16/><D63/><U65/><E8/><V76/><F106/><W130/><G130/><T38/><D64/><U15/><E15/><V9/><F54/><W131/><G131/><T50/><D38/><U59/><E43/><V74/><F74/><W22/><G22/><N who="0" m="13511" /><D30/><U92/><E26/><V81/><F81/><W83/><G83/><T47/><D50/><U132/><E132/><V57/><F18/><W101/><G101/><T89/><D100/><U14/><E14/><V88/><F88/><W4/><G0/><T24/><D27/><U11/><E11/><V95/><F95/><AGARI ba="1,1" hai="6,7,19,23,24,44,46,47,89,95,97" m="13511" machi="95" ten="30,8000,1" yaku="8,1,52,3,54,1" doraHai="40" who="0" fromWho="2" sc="231,93,248,0,260,-83,251,0" /><INIT seed="4,0,0,3,1,92" ten="324,248,177,251" oya="0" hai0="17,126,10,91,59,68,127,70,42,106,18,11,102" hai1="130,131,47,12,105,103,9,58,0,66,119,132,86" hai2="108,44,63,79,49,124,16,26,7,133,123,43,54" hai3="97,46,36,6,45,28,50,67,55,13,116,93,104"/><T52/><D42/><U99/><E119/><V81/><F108/><W98/><G116/><T51/><D91/><U114/><E132/><V111/><F111/><W120/><G120/><T56/><D102/><U88/><E0/><V96/><F133/><W134/><G134/><T69/><D106/><U112/><E47/><V5/><F123/><W113/><G113/><N who="1" m="43626" /><E58/><N who="2" m="35287" /><F124/><N who="0" m="47658" /><D59/><U64/><E64/><V75/><F75/><W117/><G117/><T87/><D87/><U61/><E61/><V2/><F2/><W62/><G28/><T21/><D18/><N who="1" m="8463" /><E66/><V125/><F125/><W128/><G128/><T34/><D34/><U101/><E101/><V72/><F72/><W78/><G78/><T41/><D41/><U84/><E84/><N who="2" m="48191" /><F96/><N who="3" m="36971" /><G104/><T77/><D77/><U40/><E40/><V122/><F122/><W30/><G30/><T118/><D118/><U19/><E19/><V74/><F74/><W35/><G35/><T107/><D107/><U73/><E73/><V37/><F37/><W60/><G36/><T8/><D70/><U38/><E38/><V129/><F129/><W100/><G45/><T23/><D17/><U57/><E57/><V53/><F43/><W135/><G135/><T4/><D69/><U65/><E65/><V3/><F3/><W109/><G109/><T95/><D68/><U110/><E110/><V89/><F89/><W25/><G25/><T82/><D56/><U20/><E20/><AGARI ba="0,0" hai="5,7,16,20,26,44,49,53" m="48191,35287" machi="20" ten="30,2000,0" yaku="8,1,54,1" doraHai="92" who="2" fromWho="1" sc="324,0,248,-20,177,20,251,0" /><INIT seed="5,0,0,2,1,97" ten="324,228,197,251" oya="1" hai0="81,76,83,55,91,109,134,38,45,132,35,50,47" hai1="133,22,92,86,62,124,131,75,6,70,94,1,63" hai2="100,46,15,5,26,79,43,41,11,25,9,33,112" hai3="17,93,128,130,28,40,74,115,16,72,44,51,21"/><U77/><E75/><V69/><F69/><W129/><G115/><T108/><D35/><U78/><E124/><V98/><F112/><W126/><G126/><T32/><D32/><U58/><E131/><V89/><F79/><W101/><G28/><T113/><D113/><U27/><E133/><N who="0" m="51305" /><D91/><U59/><E70/><V29/><F26/><N who="3" m="14631" /><G17/><T54/><D81/><U48/><E48/><V87/><F11/><W110/><G110/><N who="0" m="42603" /><D38/><U118/><E1/><V4/><F4/><W119/><G119/><T57/><D55/><U73/><E6/><V60/><F60/><W18/><G18/><T85/><AGARI ba="0,0" hai="45,47,50,54,57,76,83,85" m="42603,51305" machi="85" ten="30,1100,0" yaku="20,1" doraHai="97" who="0" fromWho="0" sc="324,11,228,-5,197,-3,251,-3" /><INIT seed="6,0,0,3,0,122" ten="335,223,194,248" oya="2" hai0="17,50,49,112,82,110,10,43,102,130,98,0,35" hai1="117,30,107,23,101,24,54,18,38,57,37,27,80" hai2="94,92,14,99,88,108,81,42,119,87,7,116,115" hai3="127,40,11,3,125,28,96,53,63,73,46,20,22"/><V13/><F115/><W129/><G73/><T74/><D110/><U84/><E117/><V5/><F108/><W4/><G129/><T32/><D112/><U131/><E131/><V6/><F42/><W39/><G96/><T64/><D130/><U95/><E107/><V113/><F113/><W120/><G120/><T86/><D74/><U100/><E95/><V91/><F119/><W8/><G8/><T59/><D49/><U16/><E38/><V12/><F116/><W104/><G104/><T133/><D133/><U2/><E2/><V55/><F55/><W70/><G70/><T29/><D29/><U48/><E37/><V62/><F62/><W105/><G105/><T123/><D123/><U134/><E134/><V9/><REACH who="2" step="1"/><F81/><REACH who="2" ten="335,223,184,248" step="2"/><W124/><G63/><T109/><D43/><U66/><E66/><V118/><F118/><W114/><G114/><T26/><D109/><U44/><E44/><V135/><F135/><W69/><G69/><T19/><D82/><U15/><E80/><V111/><F111/><W121/><G121/><T47/><D47/><U103/><E84/><V72/><F72/><W68/><G68/><T31/><D86/><U60/><E60/><V79/><F79/><W132/><G132/><T56/><D64/><U34/><REACH who="1" step="1"/><E101/><REACH who="1" ten="335,213,184,248" step="2"/><V128/><F128/><W97/><G53/><T61/><D61/><U52/><E52/><V83/><F83/><W36/><G36/><T71/><D102/><U58/><E58/><V126/><F126/><W45/><G45/><T67/><D59/><U78/><E78/><V21/><F21/><AGARI ba="0,2" hai="15,16,18,21,23,24,27,30,34,48,54,57,100,103" machi="21" ten="30,3900,0" yaku="1,1,7,1,54,1,53,0" doraHai="122" doraHaiUra="85" who="1" fromWho="2" sc="335,0,213,59,184,-39,248,0" /><INIT seed="7,0,0,3,5,30" ten="335,272,145,248" oya="3" hai0="121,0,4,29,33,99,25,19,77,14,103,88,52" hai1="108,129,28,27,63,22,17,76,114,44,95,131,111" hai2="35,51,122,89,54,115,60,37,81,104,86,83,132" hai3="72,113,24,61,116,102,101,9,13,124,10,105,67"/><W79/><G116/><T65/><D121/><U134/><E76/><V69/><F37/><W85/><G113/><T50/><D77/><U42/><E114/><V49/><F115/><W92/><G72/><T130/><D130/><N who="1" m="49675" /><E63/><V39/><F39/><W68/><G124/><T110/><D110/><U20/><E95/><V57/><F104/><W18/><G105/><T125/><D125/><U91/><E91/><V96/><F122/><W41/><G41/><T62/><D88/><U55/><E55/><V128/><F128/><W5/><G24/><T64/><D62/><U12/><E134/><V45/><F132/><W74/><G74/><T26/><D99/><U119/><E119/><V84/><F69/><W43/><G43/><T6/><D103/><U87/><E87/><V1/><F1/><W31/><G31/><T16/><D64/><U56/><E56/><V100/><F35/><W107/><G107/><T75/><D65/><U71/><E71/><V98/><F100/><W23/><G10/><T21/><D75/><U78/><E78/><V135/><F135/><W80/><REACH who="3" step="1"/><G92/><REACH who="3" ten="335,272,145,238" step="2"/><T58/><D0/><U66/><E66/><V109/><F109/><W112/><G112/><T11/><AGARI ba="0,1" hai="4,6,11,14,16,19,21,25,26,29,33,50,52,58" machi="11" ten="20,8000,1" yaku="0,1,7,1,52,1,54,2" doraHai="30" who="0" fromWho="0" sc="335,90,272,-20,145,-20,238,-40" owari="425,52.0,252,5.0,125,-37.0,198,-20.0" /></mjloggm>