<mjloggm ver="2.3"><GO type="169" lobby="0"/><UN n0="%E3%83%88%E3%83%88%E3%83%AA%E5%85%88%E7%94%9F%31%39%E6%AD%B3" n1="%E7%94%98%E3%81%84%E3%83%9E%E3%83%83%E7%BC%B6" n2="%E3%82%A4%E3%83%81%E3%83%AD%E3%82%AF%E3%82%B6%E3%83%B3%E3%83%8B" n3="%74%61%63%6F%73" dan="19,16,17,17" rate="2283.36,2085.44,2192.72,2180.90" sx="F,F,M,M"/><TAIKYOKU oya="0"/><INIT seed="0,0,0,2,2,95" ten="250,250,250,250" oya="0" hai0="13,114,53,70,97,124,107,2,40,63,17,116,112" hai1="38,83,20,39,9,6,87,110,79,19,58,44,126" hai2="74,67,46,120,72,1,31,15,7,32,54,135,85" hai3="29,18,78,99,130,12,11,103,88,51,59,90,47"/><T82/><D116/><U96/><E126/><V64/><F120/><W76/><G130/><T35/><D35/><U119/><E119/><V65/><F1/><W134/><G134/><T24/><D2/><U8/><E110/><V56/><F135/><W27/><G59/><T49/><D124/><U128/><E128/><V118/><F118/><W89/><G29/><T28/><D40/><U92/><E58/><V55/><F85/><W3/><G3/><T93/><D82/><U5/><E44/><V84/><F84/><W75/><G27/><T42/><D42/><U100/><E39/><V86/><F86/><W98/><G75/><T94/><D94/><U81/><E81/><V71/><F71/><W69/><G69/><T52/><D107/><U0/><E38/><V23/><F32/><W121/><G121/><T68/><D24/><N who="1" m="14367" /><E0/><V21/><F46/><W80/><G80/><T105/><D28/><U33/><E33/><V66/><F31/><W117/><G117/><T132/><D105/><U22/><E22/><V62/><F72/><W48/><G48/><T115/><D132/><U43/><E43/><V125/><F74/><W109/><G109/><T57/><D49/><U101/><E101/><V25/><F125/><W45/><G45/><T30/><D30/><U41/><E41/><V60/><F25/><W122/><G122/><T36/><D36/><U91/><E79/><N who="3" m="30250" /><G103/><N who="0" m="60847" /><D53/><AGARI ba="0,0" hai="11,12,18,47,51,53,88,89,90,98,99" m="30250" machi="53" ten="30,7700,0" yaku="8,1,52,2,54,1" doraHai="95" who="3" fromWho="0" sc="250,-77,250,0,250,0,250,77" /><INIT seed="1,0,0,4,5,125" ten="173,250,250,327" oya="1" hai0="121,89,107,44,66,15,11,32,9,72,70,65,4" hai1="127,54,93,69,31,71,85,56,99,46,97,133,57" hai2="92,84,78,5,114,126,82,27,23,96,24,102,45" hai3="63,135,113,13,62,1,87,25,41,59,2,130,55"/><U120/><E120/><V79/><F126/><W52/><G113/><T28/><D72/><U111/><E111/><V34/><F114/><W35/><G135/><T134/><D107/><U12/><E127/><V43/><F5/><W42/><G13/><T128/><D134/><U53/><E31/><V33/><F78/><W58/><G25/><T51/><D121/><U8/><E133/><V132/><F27/><W91/><G35/><T7/><D70/><U119/><E119/><V18/><REACH who="2" step="1"/><F132/><REACH who="2" ten="173,250,240,327" step="2"/><W64/><G1/><T117/><D117/><U75/><E75/><V6/><F6/><W48/><G2/><T90/><D32/><U108/><E108/><V60/><F60/><W17/><G17/><T49/><D28/><U98/><E71/><V14/><F14/><W115/><G115/><T110/><D110/><U124/><E85/><V39/><AGARI ba="0,1" hai="18,23,24,33,34,39,43,45,79,82,84,92,96,102" machi="39" ten="20,2700,0" yaku="1,1,0,1,7,1,53,0" doraHai="125" doraHaiUra="122" who="2" fromWho="2" sc="173,-7,250,-13,240,37,327,-7" /><INIT seed="2,0,0,4,3,135" ten="166,237,277,320" oya="2" hai0="78,47,58,17,61,95,34,51,81,111,100,125,31" hai1="106,132,99,117,9,37,92,131,93,21,60,89,129" hai2="14,36,28,32,48,13,83,2,90,68,101,56,103" hai3="7,98,114,123,19,80,43,116,39,63,10,88,79"/><V12/><F2/><W75/><G116/><T115/><D115/><U40/><E9/><V55/><F36/><W8/><G123/><T29/><D111/><U16/><E60/><V71/><F32/><W53/><G114/><T1/><D1/><U97/><E117/><V69/><REACH who="2" step="1"/><F28/><REACH who="2" ten="166,237,267,320" step="2"/><W6/><G7/><T44/><D29/><U49/><E37/><V82/><F82/><W38/><G39/><T54/><D31/><U113/><E113/><V42/><F42/><W66/><G38/><T46/><D34/><U18/><E132/><V122/><F122/><W130/><G43/><T41/><D41/><U57/><E106/><V50/><F50/><W24/><G6/><T118/><D51/><U77/><E131/><V87/><AGARI ba="0,1" hai="12,13,14,48,55,56,68,69,71,83,87,90,101,103" machi="87" ten="40,3900,0" yaku="1,1,0,1,53,0" doraHai="135" doraHaiUra="5" who="2" fromWho="2" sc="166,-13,237,-13,267,49,320,-13" /><INIT seed="2,1,0,2,3,116" ten="153,224,316,307" oya="2" hai0="15,108,102,21,110,73,107,48,81,39,120,36,129" hai1="92,78,30,55,65,16,67,90,84,52,22,106,60" hai2="49,25,29,38,1,126,132,130,61,35,82,69,127" hai3="27,79,3,32,74,7,47,134,70,104,76,51,72"/><V13/><F38/><N who="0" m="14378" /><D129/><U26/><E106/><V0/><F49/><W111/><G104/><T12/><D48/><U131/><E131/><V117/><F82/><W34/><G70/><T87/><D73/><U56/><E78/><V17/><F61/><W31/><G32/><T89/><D21/><U100/><E100/><V57/><F57/><W41/><G3/><N who="2" m="1097" /><F69/><W114/><G7/><T71/><D71/><U103/><E103/><V115/><F130/><W135/><G114/><T128/><D120/><U96/><E96/><V99/><F99/><W64/><G64/><T68/><D68/><U124/><E124/><N who="2" m="47659" /><F117/><W20/><G74/><T10/><D10/><U40/><E40/><V53/><F53/><N who="1" m="20553" /><E65/><V112/><F132/><W123/><G72/><T86/><D128/><U8/><E8/><AGARI ba="1,0" hai="8,13,17,25,29,35,112,115" m="47659,1097" machi="8" ten="30,5800,0" yaku="18,1,34,2" doraHai="116" who="2" fromWho="1" sc="153,0,224,-61,316,61,307,0" /><INIT seed="2,2,0,3,0,96" ten="153,163,377,307" oya="2" hai0="6,100,92,130,125,75,34,21,91,49,117,114,53" hai1="88,62,85,63,55,28,112,135,4,17,16,123,19" hai2="118,46,25,128,122,105,81,60,111,120,12,61,94" hai3="104,129,39,35,37,23,80,134,67,74,109,57,121"/><V41/><F105/><W102/><G35/><T51/><D114/><U70/><E112/><V1/><F1/><W9/><G121/><T45/><D75/><U132/><E28/><V119/><F12/><W83/><G109/><T2/><D34/><U115/><E115/><V52/><F81/><W38/><G74/><T78/><D78/><U90/><E4/><V79/><F79/><W113/><G113/><T97/><D130/><U84/><E55/><V103/><F128/><W133/><G129/><T64/><D125/><U59/><E59/><V76/><F76/><W50/><G9/><T10/><D117/><U95/><E123/><V47/><F25/><W48/><G23/><T106/><D64/><U15/><E15/><V42/><F94/><W20/><G20/><T26/><D51/><N who="3" m="19497" /><G57/><T5/><D5/><U14/><E14/><V89/><F89/><W77/><G67/><T86/><REACH who="0" step="1"/><D21/><REACH who="0" ten="143,163,377,307" step="2"/><U36/><E36/><V131/><F131/><W0/><G77/><T33/><D33/><U126/><E126/><V93/><F111/><W29/><G37/><T56/><D56/><U107/><E70/><V124/><F124/><W32/><G32/><T72/><D72/><U127/><E127/><V18/><F118/><W68/><G68/><T98/><D98/><U3/><E3/><V27/><F119/><W71/><G0/><T31/><D31/><U8/><E8/><V73/><F73/><W11/><G29/><T30/><D30/><U101/><E135/><V87/><F122/><W82/><G11/><T58/><D58/><U40/><E132/><N who="3" m="50794" /><G71/><T66/><D66/><RYUUKYOKU ba="2,1" sc="143,15,163,-15,377,-15,307,15" hai0="2,6,10,26,45,49,53,86,91,92,97,100,106" hai3="38,39,80,82,83,102,104" /><INIT seed="3,3,1,4,4,103" ten="158,148,362,322" oya="3" hai0="107,67,108,10,109,120,75,130,89,97,88,78,8" hai1="47,59,30,34,113,43,40,131,7,60,16,114,24" hai2="124,105,37,20,32,41,95,64,119,81,17,25,2" hai3="85,123,101,11,29,5,69,100,134,87,125,14,76"/><W132/><G123/><T71/><D120/><U102/><E7/><V6/><F119/><W21/><G69/><T118/><D118/><U33/><E43/><V48/><F105/><W26/><G125/><T86/><D130/><U80/><E131/><V110/><F110/><N who="0" m="42602" /><D67/><U117/><E117/><V49/><F64/><W129/><G129/><T74/><D71/><U90/><E102/><N who="3" m="39530" /><G76/><T52/><D107/><U15/><E33/><V94/><F32/><W57/><G57/><T126/><D126/><U128/><E128/><V112/><F37/><W91/><G91/><N who="0" m="34891" /><D97/><U115/><E80/><V44/><F81/><W4/><G4/><T62/><D86/><U135/><E90/><V122/><F124/><W55/><G55/><T79/><D62/><U42/><E47/><V36/><F44/><W54/><G54/><T104/><D52/><U121/><E121/><V19/><F95/><W98/><G98/><T106/><D106/><U9/><REACH who="1" step="1"/><E135/><AGARI ba="3,1" hai="5,11,14,21,26,29,85,87,132,134,135" m="39530" machi="135" ten="30,1500,0" yaku="20,1" doraHai="103" who="3" fromWho="1" sc="158,0,148,-24,362,0,322,34" /><INIT seed="3,4,0,2,5,12" ten="158,124,362,356" oya="3" hai0="37,32,55,62,87,61,3,123,1,19,40,27,90" hai1="91,101,46,0,65,23,50,73,69,111,22,79,116" hai2="107,30,41,93,35,128,52,51,114,98,11,88,58" hai3="63,92,83,129,17,108,77,133,16,100,53,26,117"/><W29/><G117/><T2/><D123/><U6/><E116/><V28/><F114/><W42/><G42/><T121/><D121/><U18/><E101/><V124/><F35/><W4/><G4/><T80/><D37/><U60/><E91/><V8/><F128/><W21/><G129/><T67/><D40/><U119/><E119/><V20/><F124/><W74/><G133/><T96/><D67/><U44/><E111/><V24/><F107/><W59/><REACH who="3" step="1"/><G108/><REACH who="3" ten="158,124,362,346" step="2"/><T45/><D1/><U86/><E6/><V48/><F30/><W15/><G15/><T125/><D2/><U103/><E0/><V130/><F130/><W54/><G54/><T89/><D3/><U97/><E65/><V112/><F112/><W84/><G84/><T105/><D55/><U115/><E86/><V104/><F104/><W135/><G135/><T106/><D87/><U109/><E115/><V120/><F120/><W110/><G110/><T64/><D106/><U82/><E109/><V13/><F13/><W85/><G85/><T31/><D105/><U113/><E113/><V5/><F5/><W122/><G122/><T10/><D31/><U36/><E36/><V70/><F70/><W132/><G132/><T7/><D64/><U47/><E73/><V131/><F131/><W78/><G78/><T81/><D7/><U14/><E79/><V76/><F76/><W57/><G57/><T43/><D43/><U75/><E69/><V127/><F127/><W71/><G71/><T72/><D125/><U56/><E75/><V66/><F66/><W68/><G68/><T25/><D72/><RYUUKYOKU ba="4,1" sc="158,-15,124,-15,362,15,346,15" hai2="8,11,20,24,28,41,48,51,52,58,88,93,98" hai3="16,17,21,26,29,53,59,63,74,77,83,92,100" /><INIT seed="3,5,1,2,0,105" ten="143,109,377,361" oya="3" hai0="66,85,20,18,77,114,21,134,97,107,124,61,120" hai1="67,44,118,108,133,22,123,88,51,102,45,34,52" hai2="64,73,111,112,135,6,98,2,93,72,74,80,13" hai3="76,99,25,65,60,132,110,71,95,48,40,106,94"/><W30/><G132/><T116/><D116/><U16/><E123/><V83/><F112/><W27/><G110/><T19/><D120/><U36/><E34/><V31/><F111/><W12/><G76/><T126/><D134/><U131/><E108/><V109/><F135/><W46/><G12/><T42/><D114/><U38/><E133/><V68/><F109/><W53/><G25/><T69/><D42/><U23/><E102/><V54/><F31/><W78/><G78/><T100/><D20/><U28/><E67/><V81/><F2/><W50/><G106/><T4/><D4/><U122/><E122/><V115/><F115/><W79/><G79/><T130/><D130/><U70/><E70/><V90/><F54/><W119/><G99/><T14/><D19/><U15/><E131/><V113/><F113/><W62/><G62/><T117/><D117/><U35/><E35/><V26/><F26/><W43/><G119/><T56/><D69/><U24/><E118/><V29/><F29/><W39/><G48/><T96/><D96/><U3/><E3/><V11/><F68/><W103/><G103/><T41/><D41/><U5/><E5/><V58/><REACH who="2" step="1"/><F58/><REACH who="2" ten="143,109,367,361" step="2"/><N who="3" m="33079" /><G43/><T32/><D32/><AGARI ba="5,2" hai="27,30,32,39,40,46,60,65,71,94,95" m="33079" machi="32" ten="30,1500,0" yaku="24,1" doraHai="105" who="3" fromWho="0" sc="143,-30,109,0,367,0,361,50" /><INIT seed="3,6,0,0,5,122" ten="113,109,367,411" oya="3" hai0="66,108,51,73,98,97,105,42,1,53,40,16,50" hai1="8,90,94,112,56,121,92,24,129,26,31,89,114" hai2="77,57,38,88,75,29,59,135,80,3,6,39,18" hai3="103,134,104,13,49,128,28,117,23,131,119,115,124"/><W71/><G71/><T27/><D1/><U46/><E56/><V100/><F135/><W125/><G104/><T107/><D73/><U54/><E54/><V109/><F100/><W132/><G103/><T62/><D108/><U74/><E74/><V118/><F118/><N who="3" m="45067" /><G115/><T91/><D105/><U37/><E37/><V95/><F109/><W116/><G116/><T12/><D27/><U63/><E63/><V86/><F29/><W130/><G49/><T10/><D107/><U68/><E68/><V35/><F35/><W43/><G43/><T110/><D110/><U64/><E64/><V22/><F6/><W58/><G58/><N who="0" m="37207" /><D91/><U96/><E46/><V47/><F3/><W126/><G13/><T15/><D15/><U41/><E41/><N who="0" m="15977" /><D51/><U82/><E121/><V111/><F111/><W45/><G45/><AGARI ba="6,0" hai="10,12,16,45,50,53,97,98" m="15977,37207" machi="45" ten="30,2000,0" yaku="8,1,54,1" doraHai="122" who="0" fromWho="3" sc="113,38,109,0,367,0,411,-38" /><INIT seed="4,0,0,1,0,55" ten="151,109,367,373" oya="0" hai0="36,23,33,47,60,34,103,106,63,38,130,6,124" hai1="100,19,88,24,11,2,111,31,18,56,78,25,113" hai2="118,105,121,127,53,81,91,110,8,50,41,66,115" hai3="20,86,112,15,46,133,26,109,13,104,52,85,120"/><T89/><D130/><U102/><E111/><V98/><F121/><W69/><G69/><T54/><D124/><U27/><E78/><V29/><F115/><W99/><G109/><T32/><D6/><U30/><E113/><V129/><F110/><W117/><G117/><T68/><D89/><U64/><E2/><V126/><F129/><W3/><G3/><T28/><D23/><U73/><E73/><V5/><F118/><W58/><G112/><T82/><D82/><U80/><E11/><V59/><F29/><N who="1" m="10761" /><E102/><V93/><F105/><W134/><G46/><T14/><D28/><U79/><E79/><V87/><F66/><W70/><G70/><T132/><D132/><N who="3" m="50793" /><G26/><N who="1" m="6658" /><U39/><DORA hai="62" /><E39/><V12/><REACH who="2" step="1"/><F41/><REACH who="2" ten="151,109,357,373" step="2"/><W16/><G120/><T119/><D119/><U123/><E123/><V76/><AGARI ba="0,1" hai="5,8,12,50,53,59,76,81,87,91,93,98,126,127" machi="76" ten="30,8000,1" yaku="1,1,2,1,0,1,52,1,53,1" doraHai="55,62" doraHaiUra="22,0" who="2" fromWho="2" sc="151,-40,109,-20,357,90,373,-20" /><INIT seed="5,0,0,3,0,20" ten="111,89,447,353" oya="1" hai0="129,45,93,77,21,3,24,14,57,27,103,58,37" hai1="33,44,106,97,51,15,114,122,131,102,56,32,121" hai2="82,18,61,104,36,4,40,94,134,116,65,108,125" hai3="92,19,80,135,76,90,115,110,86,66,42,68,60"/><U22/><E131/><V69/><F104/><W123/><G110/><T49/><D3/><U96/><E114/><V6/><F116/><W25/><G115/><T89/><D37/><U130/><E130/><V85/><F108/><W55/><G135/><T0/><D0/><U74/><E74/><V38/><F125/><W17/><G123/><T31/><D103/><U98/><E122/><V83/><F83/><W105/><G105/><T117/><D77/><U62/><E121/><V113/><F134/><W95/><G42/><T26/><D117/><U91/><E106/><V75/><F38/><W99/><G55/><N who="0" m="30127" /><D129/><U8/><E91/><V70/><F70/><W34/><REACH who="3" step="1"/><G95/><REACH who="3" ten="111,89,447,343" step="2"/><T2/><D2/><U35/><E102/><V107/><F94/><W41/><G41/><T132/><D132/><U111/><E111/><V29/><F40/><W128/><G128/><T73/><D73/><U67/><E22/><V43/><F43/><W39/><G39/><T124/><D124/><U5/><E51/><V119/><F107/><W1/><G1/><T59/><D14/><U81/><E81/><V46/><F82/><W120/><G120/><T88/><D89/><U12/><REACH who="1" step="1"/><E15/><REACH who="1" ten="111,79,447,343" step="2"/><V127/><F75/><W50/><G50/><T47/><D88/><U126/><E126/><V9/><F36/><W79/><G79/><T7/><D21/><U10/><E10/><V28/><F127/><W84/><G84/><T52/><D93/><U101/><E101/><V133/><F113/><W72/><G72/><T48/><D48/><U78/><E78/><V112/><F119/><W109/><G109/><RYUUKYOKU ba="0,2" sc="111,-15,79,15,447,-15,343,15" hai1="5,8,12,32,33,35,44,56,62,67,96,97,98" hai3="17,19,25,34,60,66,68,76,80,86,90,92,99" /><INIT seed="5,1,2,2,2,43" ten="96,94,432,358" oya="1" hai0="47,12,94,50,123,91,111,13,53,119,89,46,61" hai1="116,4,107,76,84,60,129,15,18,70,32,0,120" hai2="105,80,20,24,85,59,7,2,103,31,26,83,49" hai3="39,115,67,73,130,19,38,118,42,127,81,134,69"/><U100/><E120/><V122/><F122/><W117/><G115/><T22/><D123/><U3/><E116/><N who="3" m="44650" /><G134/><T56/><D119/><U68/><E32/><V55/><F105/><W51/><G127/><T23/><D111/><U1/><E4/><V98/><F2/><W125/><G130/><T8/><D13/><U16/><E129/><V28/><F7/><W27/><G69/><T106/><D106/><U11/><E18/><V131/><F131/><W6/><G67/><T78/><D78/><U33/><E33/><V75/><F75/><W77/><G6/><N who="0" m="3095" /><D91/><U40/><E40/><V114/><F114/><W21/><G125/><T74/><D74/><U30/><E30/><V10/><F10/><W44/><AGARI ba="1,2" hai="19,21,27,38,39,42,44,51,73,77,81" m="44650" machi="44" ten="30,2000,0" yaku="12,1,52,1" doraHai="43" who="3" fromWho="3" sc="96,-6,94,-11,432,-6,358,43" /><INIT seed="6,0,0,4,2,95" ten="90,83,426,401" oya="2" hai0="3,5,59,76,68,39,18,1,124,6,41,93,25" hai1="40,51,20,63,46,11,115,116,13,26,69,50,106" hai2="120,129,48,33,22,8,57,96,55,54,45,44,73" hai3="101,114,79,49,7,52,29,65,77,34,27,74,24"/><V91/><F120/><W19/><G7/><N who="0" m="2571" /><D39/><U89/><E116/><V21/><F33/><W109/><G109/><T84/><D68/><U98/><E115/><V88/><F73/><W94/><G74/><T117/><D124/><U83/><E106/><V86/><F129/><W14/><G65/><T108/><D108/><U38/><E63/><N who="2" m="36279" /><F8/><W110/><G27/><T123/><D123/><U103/><E69/><V67/><F45/><W32/><G32/><T92/><D3/><U125/><E125/><V9/><F9/><W61/><G61/><T133/><D1/><U71/><E71/><V80/><F67/><W135/><G110/><T42/><D133/><U97/><E103/><V132/><F132/><W10/><G114/><T131/><D131/><U82/><E38/><V60/><F60/><W28/><G135/><T4/><D59/><U72/><E72/><V56/><F56/><W2/><G2/><T58/><D58/><U53/><E89/><V122/><F122/><W111/><G111/><T112/><N who="0" m="2579" /><T121/><DORA hai="15" /><D121/><U90/><E90/><V17/><F17/><W37/><G37/><T107/><D107/><U64/><E64/><V30/><F30/><W35/><G28/><T113/><D117/><U134/><E134/><V126/><F126/><W70/><G34/><T36/><D113/><U62/><E62/><V118/><F118/><W128/><G128/><T99/><D112/><U75/><E75/><V12/><F12/><W85/><G70/><T16/><D36/><U31/><E51/><V78/><F91/><N who="3" m="53615" /><G101/><T66/><D66/><U105/><E105/><RYUUKYOKU ba="0,0" sc="90,-15,83,-15,426,15,401,15" hai2="21,22,44,48,55,78,80,86,88,96" hai3="10,14,19,24,29,35,49,52,77,79" /><INIT seed="6,1,0,1,1,7" ten="75,68,441,416" oya="2" hai0="51,83,95,61,104,110,1,114,12,11,112,45,125" hai1="68,13,44,49,20,38,87,46,118,48,111,30,76" hai2="35,113,81,32,60,39,10,78,130,15,117,94,73" hai3="129,128,42,92,106,122,116,0,52,127,40,6,27"/><V33/><F117/><W14/><G116/><T105/><D110/><U55/><E118/><V3/><F113/><N who="0" m="43626" /><D1/><U133/><E68/><V50/><F39/><W123/><G106/><T103/><D125/><U5/><E38/><V89/><F130/><N who="3" m="50283" /><G127/><T115/><N who="0" m="43634" /><T131/><DORA hai="2" /><D131/><U80/><E133/><V4/><F50/><W21/><G0/><T86/><D61/><U56/><E111/><V82/><F82/><W108/><G92/><T99/><D51/><U24/><E48/><V25/><F60/><W43/><G108/><T62/><D45/><U8/><AGARI ba="1,0" hai="5,8,13,20,24,30,44,46,49,55,56,76,80,87" machi="8" ten="30,7900,0" yaku="0,1,8,1,52,2" doraHai="7,2" who="1" fromWho="1" sc="75,-21,68,82,441,-40,416,-21" /><INIT seed="7,0,0,3,0,125" ten="54,150,401,395" oya="3" hai0="10,31,67,12,16,129,73,53,0,36,62,70,97" hai1="98,11,45,47,120,21,76,105,130,126,72,5,15" hai2="39,58,83,106,86,26,134,27,28,48,92,95,23" hai3="79,87,55,13,64,35,77,89,6,41,122,19,112"/><W42/><G122/><T94/><D73/><U66/><E120/><V90/><F106/><W128/><G35/><T63/><D36/><U124/><E66/><V108/><F108/><W110/><G110/><T123/><D123/><U22/><E105/><V71/><F71/><W84/><G128/><T52/><D129/><U51/><E130/><V121/><F39/><W113/><G6/><T68/><D0/><U46/><E51/><V2/><F2/><W131/><G131/><T104/><D104/><U60/><E60/><V1/><F1/><W8/><G64/><T74/><D74/><U59/><E59/><V135/><F121/><W54/><G54/><T69/><D31/><U56/><E98/><V24/><F24/><W115/><G55/><T18/><D63/><U101/><E56/><V88/><F58/><W117/><G117/><T43/><D69/><U132/><E101/><V14/><F48/><W37/><G37/><T127/><D70/><U102/><E102/><V50/><F50/><W118/><G118/><T107/><D127/><N who="1" m="48683" /><E132/><N who="2" m="50731" /><F14/><W75/><G75/><T85/><D43/><N who="3" m="16393" /><G87/><T116/><D116/><U57/><E57/><V99/><F27/><W17/><G17/><T3/><D3/><U78/><E72/><V49/><F49/><W100/><G100/><T96/><D107/><U81/><E81/><AGARI ba="0,0" hai="23,26,28,81,83,86,88,90,92,95,99" m="50731" machi="81" ten="30,2000,0" yaku="20,1,54,1" doraHai="125" who="2" fromWho="1" sc="54,0,150,-20,401,20,395,0" /><AGARI ba="0,0" hai="8,13,19,77,79,81,84,89,112,113,115" m="16393" machi="81" ten="30,1500,0" yaku="15,1" doraHai="125" who="3" fromWho="1" sc="54,0,130,-15,421,0,395,15" /><INIT seed="7,1,0,5,4,65" ten="54,115,421,410" oya="3" hai0="69,58,110,23,94,46,55,98,67,6,20,36,61" hai1="15,70,76,87,60,71,133,32,92,24,77,26,51" hai2="45,104,79,89,131,52,122,44,99,115,22,50,114" hai3="135,118,75,123,105,57,2,1,27,62,63,66,29"/><W91/><G123/><T83/><D110/><U21/><E51/><V41/><F131/><W103/><G118/><T16/><D6/><U101/><E32/><V81/><F122/><W30/><G75/><T90/><D83/><U8/><E133/><V33/><F33/><N who="3" m="20671" /><G30/><T107/><D107/><U49/><E49/><V132/><F132/><W34/><G34/><T42/><D23/><U117/><E117/><V121/><F121/><W128/><G91/><T125/><D125/><U31/><E26/><V106/><F22/><W120/><G120/><T19/><REACH who="0" step="1"/><D20/><REACH who="0" ten="44,115,421,410" step="2"/><U78/><E76/><V93/><F106/><W56/><G135/><T11/><D11/><U35/><E78/><V9/><F9/><W43/><G128/><T84/><D84/><U5/><E87/><V13/><F104/><W3/><G43/><T18/><D18/><U86/><E77/><V68/><F81/><W111/><G111/><T72/><D72/><U124/><E86/><V48/><F79/><W47/><G47/><T109/><D109/><U74/><E124/><V54/><F41/><W95/><G105/><T119/><D119/><U112/><E74/><V85/><F85/><W134/><G134/><T73/><D73/><U80/><E80/><V14/><F68/><N who="3" m="42071" /><G63/><AGARI ba="1,1" hai="16,19,36,42,46,55,58,61,63,67,69,90,94,98" machi="63" ten="30,7700,0" yaku="1,1,7,1,52,1,54,1,53,0" doraHai="65" doraHaiUra="4" who="0" fromWho="3" sc="44,90,115,0,421,0,410,-80" owari="134,-27.0,115,-38.0,421,52.0,330,13.0" /></mjloggm>