<mjloggm ver="2.3"><GO type="169" lobby="0"/><UN n0="%49%53%53%4F%4E%34" n1="%33%31%6A%69%6E" n2="%E3%83%88%E3%83%88%E3%83%AA%E5%85%88%E7%94%9F%31%39%E6%AD%B3" n3="%E3%81%8F%E3%81%86%E3%81%9F%E3%82%8D" dan="16,17,19,17" rate="2153.34,2157.23,2274.65,2231.24" sx="M,F,F,F"/><TAIKYOKU oya="0"/><INIT seed="0,0,0,5,3,97" ten="250,250,250,250" oya="0" hai0="107,29,109,46,18,16,80,63,44,71,13,67,102" hai1="40,14,48,84,52,130,54,53,72,82,132,22,126" hai2="101,89,118,66,32,27,61,2,34,51,128,129,92" hai3="8,28,5,77,115,112,99,117,42,76,43,37,7"/><T33/><D109/><U131/><E72/><V121/><F121/><W20/><G99/><N who="0" m="61919" /><D80/><U41/><E14/><V95/><F2/><W108/><G28/><T87/><D87/><U122/><E22/><V105/><F118/><W93/><G20/><N who="0" m="11279" /><D18/><U38/><E122/><V103/><F105/><W68/><G93/><N who="2" m="35913" /><F51/><W11/><G68/><T133/><D133/><U98/><E132/><V26/><F89/><W21/><G21/><T49/><D49/><U135/><E135/><V24/><F61/><W35/><G37/><T88/><D88/><N who="1" m="51223" /><E98/><V62/><F62/><W75/><G75/><T104/><D104/><U19/><E48/><V83/><F66/><W116/><REACH who="3" step="1"/><G35/><REACH who="3" ten="250,250,250,240" step="2"/><N who="2" m="13353" /><F83/><W47/><G47/><T73/><D73/><U127/><E38/><V74/><F74/><W69/><G69/><T120/><D120/><U45/><E45/><V6/><F6/><W17/><G17/><T81/><D81/><U4/><E19/><V25/><N who="2" m="6144" /><DORA hai="124" /><V79/><F79/><W58/><G58/><T78/><D78/><U1/><E126/><V125/><F125/><W30/><G30/><T94/><D94/><U90/><E127/><V57/><F57/><W86/><G86/><T91/><D91/><U111/><E90/><V55/><F101/><W59/><G59/><T106/><D106/><U36/><E36/><V70/><F70/><W39/><G39/><T85/><D85/><U0/><E4/><V50/><F103/><W119/><G119/><T56/><D71/><U12/><E111/><AGARI ba="0,1" hai="5,7,8,11,42,43,76,77,108,111,112,115,116,117" machi="111" ten="25,3200,0" yaku="1,1,22,2,53,0" doraHai="97,124" doraHaiUra="96,100" who="3" fromWho="1" sc="250,0,250,-32,250,0,240,42" /><INIT seed="1,0,0,0,3,68" ten="250,218,250,282" oya="1" hai0="83,134,40,64,4,82,125,21,126,124,29,44,9" hai1="28,91,112,128,23,86,102,121,25,79,135,1,117" hai2="37,73,33,27,51,76,81,123,22,3,93,71,31" hai3="99,77,46,32,100,67,15,54,113,119,58,41,30"/><U97/><E117/><V90/><F123/><W109/><G113/><T98/><D134/><U115/><E121/><V11/><F71/><W96/><G109/><T19/><D64/><U61/><E135/><V118/><F118/><W116/><G77/><T69/><D29/><U65/><E1/><V10/><F37/><W88/><G67/><T12/><D98/><U8/><E128/><V127/><F127/><W78/><G78/><T63/><D63/><U57/><E79/><V59/><F3/><W107/><G15/><T94/><D94/><N who="1" m="58679" /><E8/><V95/><F95/><AGARI ba="0,0" hai="23,25,28,57,61,65,86,91,95,112,115" m="58679" machi="95" ten="30,1500,0" yaku="25,1" doraHai="68" who="1" fromWho="2" sc="250,0,218,15,250,-15,282,0" /><INIT seed="1,1,0,1,0,74" ten="250,233,235,282" oya="1" hai0="51,120,91,38,115,98,3,90,68,107,23,129,85" hai1="56,52,112,92,99,111,35,117,13,66,118,105,73" hai2="48,7,100,18,27,45,110,36,42,82,86,15,25" hai3="116,53,63,32,96,77,19,71,128,134,16,87,132"/><U79/><E112/><V50/><F110/><W60/><G32/><T93/><D68/><U49/><E105/><V6/><F100/><W65/><G128/><T119/><D38/><U70/><E35/><V0/><F36/><W17/><G96/><T69/><D69/><U95/><E111/><V55/><F0/><W4/><G4/><T78/><D3/><U41/><E41/><V39/><F39/><W10/><G10/><T75/><D115/><U20/><E66/><V9/><F7/><W102/><G102/><N who="0" m="62935" /><D51/><U126/><E70/><V26/><F18/><W101/><G101/><T8/><D23/><U125/><E13/><V72/><F72/><W64/><G53/><T124/><D8/><U5/><E20/><V94/><F94/><N who="1" m="35881" /><E99/><V30/><F30/><W80/><REACH who="3" step="1"/><G116/><REACH who="3" ten="250,233,235,272" step="2"/><T122/><D119/><U127/><E5/><V2/><F2/><W37/><G37/><T12/><D129/><U130/><E130/><V33/><F33/><W29/><G29/><T89/><D124/><U44/><E44/><V113/><F113/><W28/><G28/><T106/><D106/><U97/><E97/><V43/><REACH who="2" step="1"/><F50/><REACH who="2" ten="250,233,225,272" step="2"/><W88/><G88/><AGARI ba="1,2" hai="6,9,15,25,26,27,42,43,45,48,55,82,86,88" machi="88" ten="40,8000,1" yaku="1,1,2,1,8,1,54,1,53,0" doraHai="74" doraHaiUra="109" who="2" fromWho="3" sc="250,0,233,0,225,103,272,-83" /><INIT seed="2,0,0,0,1,131" ten="250,233,328,189" oya="2" hai0="127,81,92,26,36,87,71,52,70,3,101,1,128" hai1="134,45,6,44,75,102,66,8,115,78,15,43,60" hai2="33,53,76,109,90,123,73,5,28,94,124,62,89" hai3="77,21,12,103,9,56,72,79,23,64,31,88,96"/><V58/><F123/><W68/><G68/><T74/><D36/><U25/><E115/><V122/><F122/><W95/><G72/><T111/><D128/><U34/><E134/><V19/><F124/><W46/><G46/><T22/><D127/><U83/><E102/><V105/><F105/><W65/><G79/><T114/><D114/><U32/><E25/><V42/><F5/><W27/><G77/><T50/><D111/><U17/><E17/><V98/><F109/><W40/><G40/><T125/><D125/><U61/><E45/><V118/><F118/><W113/><G113/><T126/><D126/><U16/><E6/><V91/><F42/><W49/><G23/><T97/><D74/><U107/><E107/><V84/><F73/><W2/><G2/><T37/><D37/><U116/><E116/><V112/><F112/><W86/><G49/><T4/><D4/><U69/><REACH who="1" step="1"/><E61/><REACH who="1" ten="250,223,328,189" step="2"/><V29/><F19/><N who="3" m="8591" /><G56/><T106/><D106/><U121/><E121/><V133/><F133/><W130/><G130/><T132/><D132/><U20/><E20/><V117/><F117/><W59/><G59/><T85/><D71/><U0/><E0/><V11/><F11/><W55/><G21/><T119/><D70/><U14/><E14/><V99/><F33/><W35/><G35/><T110/><D119/><U129/><E129/><V38/><F29/><W57/><G31/><T120/><D120/><U24/><E24/><V108/><F28/><W10/><G27/><T39/><D1/><U51/><AGARI ba="0,1" hai="8,15,16,32,34,43,44,51,60,66,69,75,78,83" machi="51" ten="20,8000,1" yaku="1,1,0,1,7,1,54,1,53,1" doraHai="131" doraHaiUra="67" who="1" fromWho="1" sc="250,-20,223,90,328,-40,189,-20" /><INIT seed="3,0,0,0,4,76" ten="230,313,288,169" oya="3" hai0="121,38,84,90,128,14,75,15,117,81,129,16,11" hai1="104,85,108,125,4,32,123,89,52,54,110,106,60" hai2="36,115,73,131,102,56,71,7,61,39,103,2,92" hai3="29,59,66,99,70,58,67,62,47,135,31,93,116"/><W10/><G116/><T122/><D38/><U72/><E123/><V33/><F115/><W105/><G135/><T22/><D117/><U112/><E112/><V27/><F71/><W44/><G105/><T37/><D37/><U97/><E32/><V12/><F2/><W35/><G10/><T109/><D109/><N who="1" m="42091" /><E72/><V78/><F131/><N who="0" m="50250" /><D75/><U68/><E4/><AGARI ba="0,0" hai="4,11,14,15,16,22,81,84,90,121,122" m="50250" machi="4" ten="30,3900,0" yaku="19,1,52,1,54,1" doraHai="76" who="0" fromWho="1" sc="230,39,313,-39,288,0,169,0" /><INIT seed="4,0,0,4,0,97" ten="269,274,288,169" oya="0" hai0="49,32,66,41,130,7,120,24,81,28,124,88,50" hai1="35,4,45,29,48,21,44,14,83,114,101,33,36" hai2="15,53,22,117,13,126,23,12,99,40,87,116,16" hai3="121,76,89,122,61,128,70,65,102,42,11,77,86"/><T118/><D118/><N who="2" m="45674" /><F126/><W31/><G42/><T60/><D120/><N who="3" m="46185" /><G31/><T84/><D124/><U39/><E29/><V132/><F132/><W27/><G27/><T79/><D130/><U125/><E83/><V129/><F129/><W38/><G38/><T74/><D7/><U37/><E125/><V68/><F68/><W17/><G128/><T54/><D41/><U57/><E57/><V67/><F67/><W26/><G102/><T75/><D54/><U34/><E101/><V5/><F5/><W56/><G70/><T69/><REACH who="0" step="1"/><D74/><REACH who="0" ten="259,274,288,169" step="2"/><U78/><E4/><V108/><F53/><W30/><G17/><T98/><D98/><U71/><E39/><V46/><F99/><W58/><G30/><T94/><AGARI ba="0,1" hai="24,28,32,49,50,60,66,69,75,79,81,84,88,94" machi="94" ten="20,7800,0" yaku="1,1,0,1,7,1,54,1,53,0" doraHai="97" doraHaiUra="96" who="0" fromWho="0" sc="259,88,274,-26,288,-26,169,-26" /><INIT seed="4,1,0,5,3,18" ten="347,248,262,143" oya="0" hai0="5,82,40,58,124,46,0,114,84,35,104,55,74" hai1="117,14,2,134,125,88,78,131,54,80,123,57,64" hai2="1,67,87,15,72,86,38,112,113,62,11,17,127" hai3="92,41,105,129,36,28,47,91,22,26,75,60,93"/><T73/><D104/><U100/><E123/><V29/><F72/><W24/><G129/><T69/><D35/><U116/><E2/><V96/><F38/><W30/><G105/><T102/><D102/><U49/><E131/><V13/><F1/><W111/><G111/><T120/><D120/><U98/><E134/><V110/><F110/><W85/><G75/><T4/><D4/><U6/><E125/><V90/><F127/><W21/><G60/><T61/><D124/><U9/><E64/><V34/><F13/><W106/><G106/><T27/><D114/><N who="2" m="44138" /><F29/><W45/><G45/><T135/><D135/><U32/><E32/><V59/><F34/><W77/><G77/><T48/><D27/><U65/><E65/><V63/><F63/><W122/><G122/><T71/><D71/><U130/><E130/><V12/><F12/><W108/><G108/><T56/><D56/><U70/><E70/><V23/><F11/><W103/><G103/><T16/><D69/><U132/><E132/><V99/><F87/><W133/><G133/><T37/><D74/><U95/><E100/><V53/><F67/><W8/><G8/><N who="0" m="2087" /><D84/><AGARI ba="1,0" hai="6,9,14,49,54,57,78,80,84,88,95,98,116,117" machi="84" ten="30,2000,0" yaku="7,1,54,1" doraHai="18" who="1" fromWho="0" sc="347,-23,248,23,262,0,143,0" /><INIT seed="5,0,0,2,5,10" ten="324,271,262,143" oya="1" hai0="39,92,12,98,33,43,69,24,82,119,78,132,118" hai1="109,28,13,26,86,19,36,34,87,44,121,135,3" hai2="91,85,15,102,21,101,64,54,104,1,113,49,95" hai3="75,22,59,23,60,0,74,133,51,73,72,25,4"/><U8/><E121/><V40/><F1/><W128/><N who="3" m="18432" /><DORA hai="116" /><W48/><G133/><T99/><D132/><U58/><E135/><V71/><F104/><W103/><G128/><T96/><D69/><U90/><E109/><V31/><F40/><W120/><G120/><T17/><D92/><U83/><E3/><V93/><F113/><W62/><G0/><T114/><D114/><U7/><E58/><V32/><F32/><W134/><G4/><T80/><D43/><U61/><E61/><V16/><F31/><W88/><G134/><T84/><D80/><U29/><E29/><V77/><F77/><W124/><G103/><T30/><REACH who="0" step="1"/><D39/><REACH who="0" ten="314,271,262,143" step="2"/><U117/><E36/><V55/><F93/><W106/><G106/><T50/><D50/><U81/><E117/><V63/><REACH who="2" step="1"/><F55/><REACH who="2" ten="314,271,252,143" step="2"/><W105/><G105/><T5/><D5/><U131/><E7/><V27/><F27/><W122/><G122/><T108/><D108/><U18/><E26/><V37/><F37/><W52/><G25/><T57/><D57/><AGARI ba="0,2" hai="15,16,21,49,54,57,63,64,71,85,91,95,101,102" machi="57" ten="30,12000,2" yaku="1,1,7,1,25,2,52,1,54,1,53,1" doraHai="10,116" doraHaiUra="112,47" who="2" fromWho="0" sc="314,-120,271,0,252,140,143,0" /><INIT seed="6,0,0,3,1,6" ten="194,271,392,143" oya="2" hai0="118,122,75,1,57,13,89,49,51,121,35,134,2" hai1="115,72,25,32,26,131,44,55,9,21,103,93,39" hai2="22,108,33,104,84,125,19,5,126,45,99,20,117" hai3="119,16,82,123,76,10,69,114,124,111,60,96,36"/><V90/><F117/><W52/><G119/><T64/><D118/><U74/><E32/><V12/><F33/><W8/><G123/><T17/><D35/><U43/><E115/><V78/><F108/><W81/><G111/><T83/><D134/><U41/><E131/><V34/><F34/><W15/><G36/><T132/><D132/><U77/><E74/><V0/><F78/><W38/><G38/><T106/><D106/><U37/><E72/><V62/><F22/><N who="3" m="11551" /><G69/><T86/><D75/><U105/><E77/><V14/><F0/><W48/><G124/><T71/><D1/><U100/><E55/><V120/><F120/><W107/><G107/><T130/><D2/><U31/><E93/><V102/><F62/><W42/><G96/><T65/><D130/><U30/><E105/><V79/><F79/><W28/><G28/><T110/><D110/><U88/><E44/><V91/><F45/><N who="3" m="25655" /><G114/><T7/><D71/><U112/><E112/><V116/><F116/><W11/><G76/><T98/><D122/><U68/><E68/><V109/><F109/><W113/><G113/><T128/><D128/><U58/><E39/><V46/><F104/><W129/><G129/><T85/><D121/><U56/><E37/><V70/><F99/><W18/><G18/><T127/><D98/><U73/><E73/><V23/><F19/><W135/><G135/><T24/><D17/><U101/><E31/><V87/><F70/><W94/><G94/><T29/><D29/><U133/><E30/><V97/><F126/><W3/><G3/><T66/><D127/><U61/><E133/><RYUUKYOKU ba="0,0" sc="194,-10,271,-10,392,-10,143,30" hai3="8,10,11,52,60,81,82" /><INIT seed="7,1,0,3,4,27" ten="184,261,382,173" oya="3" hai0="25,63,26,87,41,45,123,97,132,61,11,1,83" hai1="20,135,107,86,78,112,31,111,2,38,64,8,82" hai2="58,43,84,35,109,68,102,121,108,67,37,80,29" hai3="127,88,120,94,99,14,81,49,65,75,62,98,54"/><W106/><G120/><T96/><D123/><U134/><E111/><V10/><F121/><W42/><G127/><T33/><D1/><U93/><E107/><V104/><F58/><N who="3" m="37079" /><G106/><T57/><D33/><U32/><E64/><V69/><F67/><W72/><G72/><T103/><D132/><N who="1" m="50731" /><E112/><V21/><F35/><W13/><G75/><T51/><D11/><U115/><E38/><V28/><F104/><W118/><G42/><T7/><D7/><N who="1" m="1143" /><E115/><V128/><F37/><W76/><G118/><T46/><D46/><U53/><E53/><V95/><F43/><W74/><G74/><T105/><D97/><N who="3" m="36873" /><G76/><T71/><D71/><U110/><E110/><V130/><F69/><W85/><G94/><N who="0" m="58775" /><D61/><U116/><E93/><V133/><F95/><W40/><G40/><T16/><D105/><U44/><E32/><V101/><F68/><W4/><G4/><T12/><D63/><U6/><E6/><V52/><F133/><W23/><G23/><N who="0" m="11655" /><D57/><AGARI ba="1,0" hai="13,14,49,54,57,81,85,88" m="36873,37079" machi="57" ten="30,2900,0" yaku="8,1,54,1" doraHai="27" who="3" fromWho="0" sc="184,-32,261,0,382,0,173,32" /><INIT seed="7,2,0,5,1,57" ten="152,261,382,205" oya="3" hai0="3,22,72,55,9,126,107,93,26,10,97,109,21" hai1="25,58,69,30,112,86,4,110,91,5,73,45,118" hai2="113,37,48,71,87,88,82,8,74,15,78,99,2" hai3="121,70,83,39,64,59,102,35,29,47,34,67,44"/><W46/><G121/><T127/><D72/><U32/><E110/><V49/><F71/><W50/><G102/><T134/><D107/><U135/><E73/><V36/><F2/><W27/><G35/><T96/><D55/><U114/><E69/><V28/><F49/><W125/><G125/><T100/><D109/><U94/><E135/><V0/><F0/><W98/><G98/><T132/><D93/><U116/><E58/><V14/><F14/><W1/><G1/><T120/><D3/><U133/><E45/><V31/><F31/><W23/><G34/><T56/><D56/><U101/><E101/><V68/><F68/><W24/><G24/><T111/><D26/><U122/><E133/><V63/><F48/><W104/><G104/><T51/><D51/><U41/><E41/><V79/><F36/><W6/><G39/><T7/><D100/><U90/><E91/><V80/><F37/><W76/><G6/><N who="1" m="2666" /><E122/><V11/><F74/><W66/><G70/><T119/><D7/><U108/><E108/><V18/><F79/><W89/><G76/><T38/><D38/><U130/><E130/><V53/><F78/><W17/><G29/><T33/><D111/><U95/><E95/><V124/><F28/><W62/><G50/><T61/><D33/><U105/><E105/><V42/><F88/><W84/><AGARI ba="2,0" hai="17,23,27,44,46,47,59,62,64,66,67,83,84,89" machi="84" ten="30,6000,0" yaku="0,1,8,1,52,1" doraHai="57" who="3" fromWho="3" sc="152,-22,261,-22,382,-22,205,66" /><INIT seed="7,3,0,0,4,89" ten="130,239,360,271" oya="3" hai0="112,59,95,97,60,117,106,28,99,36,62,111,101" hai1="115,123,4,53,43,90,135,23,30,6,42,91,26" hai2="45,134,64,0,67,65,81,132,44,121,33,100,18" hai3="61,20,32,35,102,51,133,104,56,108,16,98,80"/><W11/><G133/><N who="2" m="51305" /><F121/><W125/><G125/><T76/><D112/><U46/><E115/><V37/><F33/><W41/><G11/><T92/><D111/><U70/><E70/><V27/><F0/><W25/><G108/><T58/><D117/><U83/><E135/><V13/><F27/><W118/><G118/><T129/><D129/><U29/><E29/><V71/><F71/><W109/><G109/><T87/><D36/><U22/><E22/><N who="2" m="11599" /><F37/><W2/><G2/><T31/><D106/><U68/><E68/><V130/><F130/><W19/><G19/><T127/><D127/><U93/><E90/><V9/><F9/><W5/><G80/><T14/><D14/><U78/><E53/><V107/><F81/><W15/><G5/><T47/><D47/><U8/><E8/><V85/><F85/><W34/><G25/><T79/><REACH who="0" step="1"/><D87/><REACH who="0" ten="120,239,360,271" step="2"/><N who="1" m="48631" /><E46/><V131/><F131/><W3/><G3/><T114/><D114/><U110/><E110/><V73/><F44/><W86/><G86/><T72/><D72/><U116/><E116/><V40/><F73/><W120/><G15/><T17/><D17/><U21/><E123/><V119/><F119/><W49/><G120/><T12/><D12/><U103/><E4/><V24/><F107/><W52/><G104/><T55/><D55/><U38/><E6/><V57/><F45/><W82/><G52/><T75/><D75/><U94/><E38/><V122/><F122/><W39/><G16/><T124/><D124/><U113/><E113/><V128/><F128/><W54/><G39/><T84/><D84/><U7/><E7/><RYUUKYOKU ba="3,1" sc="120,30,239,-10,360,-10,271,-10" hai0="28,31,58,59,60,62,76,79,92,95,97,99,101" owari="150,-35.0,229,-17.0,360,46.0,261,6.0" /></mjloggm>