<mjloggm ver="2.3"><GO type="169" lobby="0"/><UN n0="%E9%95%B7%E5%B2%A1" n1="%E3%82%A6%E3%83%AB%E3%83%88%E3%83%A9%E7%AB%8B%E7%9B%B4" n2="%E3%83%94%E3%83%A9%E3%82%AA" n3="%E7%84%A1%E9%99%90%E6%9C%88%E8%AA%AD" dan="16,18,16,16" rate="2097.67,2253.45,2123.37,2071.24" sx="M,M,M,F"/><TAIKYOKU oya="0"/><INIT seed="0,0,0,3,2,115" ten="250,250,250,250" oya="0" hai0="111,18,81,25,119,58,26,74,30,103,52,46,114" hai1="125,48,80,23,128,44,3,20,50,76,17,92,2" hai2="100,8,65,121,68,45,118,36,94,40,99,102,78" hai3="9,14,135,130,54,61,113,47,87,34,71,27,11"/><T120/><D114/><U38/><E128/><V95/><F121/><W97/><G113/><T75/><D120/><U133/><E125/><V106/><F78/><W126/><G126/><T62/><D111/><U85/><E133/><V93/><F100/><W107/><G135/><T49/><D119/><U31/><E38/><V41/><F41/><W6/><G130/><T123/><D123/><U51/><E2/><V132/><F132/><W12/><G87/><T86/><D103/><U56/><E3/><V110/><F110/><W129/><G129/><T13/><D13/><U66/><E31/><V82/><F82/><W43/><G97/><T24/><D18/><U91/><E44/><V53/><F65/><W84/><G84/><T33/><D74/><U19/><E19/><V37/><F68/><W57/><G107/><T59/><D75/><U69/><E69/><V32/><F32/><W90/><G90/><T124/><D59/><U131/><E131/><V89/><F36/><W35/><G71/><T79/><REACH who="0" step="1"/><D124/><REACH who="0" ten="240,250,250,250" step="2"/><U63/><REACH who="1" step="1"/><E17/><REACH who="1" ten="240,240,250,250" step="2"/><V105/><F102/><W64/><G57/><T0/><D0/><U60/><E60/><V39/><F106/><W77/><G61/><T21/><D21/><U108/><E108/><V88/><F105/><W16/><G16/><T4/><D4/><U10/><E10/><V98/><F8/><W117/><G11/><T42/><AGARI ba="0,2" hai="24,25,26,30,33,42,46,49,52,58,62,79,81,86" machi="42" ten="20,12000,1" yaku="1,1,0,1,7,1,54,1,53,1" doraHai="115" doraHaiUra="29" who="0" fromWho="0" sc="240,140,240,-40,250,-40,250,-40" /><INIT seed="0,1,0,4,1,1" ten="380,200,210,210" oya="0" hai0="83,87,57,114,28,76,133,101,98,15,26,59,55" hai1="22,0,52,79,66,96,11,53,135,9,125,70,131" hai2="108,3,84,41,110,69,123,73,12,95,132,117,35" hai3="25,40,124,127,94,81,104,121,115,37,67,56,10"/><T32/><D114/><U20/><E70/><V80/><F12/><W49/><G104/><T63/><D133/><U97/><E66/><V128/><F95/><W119/><G37/><T8/><D55/><U27/><E79/><V39/><F84/><W75/><G119/><T19/><REACH who="0" step="1"/><D63/><REACH who="0" ten="370,200,210,210" step="2"/><U105/><E52/><V90/><F41/><W14/><G115/><T118/><D118/><U18/><E53/><V62/><F62/><W102/><G40/><T36/><D36/><U24/><E135/><V60/><F60/><W71/><G67/><T21/><D21/><U34/><E22/><V13/><F39/><W5/><G121/><T54/><D54/><U130/><E20/><V106/><F117/><W31/><G124/><T91/><D91/><U89/><E89/><V61/><F90/><W93/><G127/><T112/><D112/><U72/><E125/><V38/><F61/><W51/><G49/><T122/><D122/><U65/><E65/><V16/><F123/><W113/><G51/><T23/><D23/><U46/><E131/><V120/><F128/><W7/><G113/><T107/><AGARI ba="1,1" hai="8,15,19,26,28,32,57,59,76,83,87,98,101,107" machi="107" ten="20,7800,0" yaku="1,1,0,1,7,1,53,1" doraHai="1" doraHaiUra="100" who="0" fromWho="0" sc="370,91,200,-27,210,-27,210,-27" /><INIT seed="0,2,0,4,1,104" ten="461,173,183,183" oya="0" hai0="22,107,29,45,98,93,49,13,114,91,36,19,122" hai1="110,52,77,23,112,69,101,53,35,73,38,124,56" hai2="105,118,50,54,111,106,1,24,55,82,108,10,71" hai3="132,134,12,42,113,115,131,2,8,76,62,129,48"/><T89/><D114/><N who="3" m="43529" /><G2/><T58/><D122/><U68/><E35/><V81/><F71/><W26/><G62/><T27/><D107/><U32/><E101/><V18/><F1/><W135/><G76/><T14/><D36/><U66/><E77/><V40/><F40/><W80/><G80/><T109/><D109/><U75/><E23/><V96/><F50/><W51/><G42/><T67/><D89/><U37/><E32/><V97/><F10/><W16/><G48/><T128/><D128/><N who="3" m="49225" /><G51/><T125/><D125/><U90/><E112/><V117/><F24/><AGARI ba="2,0" hai="8,12,16,24,26,132,134,135" m="49225,43529" machi="24" ten="40,8000,1" yaku="20,1,19,1,34,2,54,1" doraHai="104" who="3" fromWho="2" sc="461,0,173,0,183,-86,183,86" /><INIT seed="1,0,0,2,4,34" ten="461,173,97,269" oya="1" hai0="121,123,98,6,54,39,30,106,10,108,129,119,21" hai1="88,61,53,133,92,56,3,91,32,99,90,42,37" hai2="68,13,77,79,50,111,71,20,18,46,93,95,0" hai3="89,124,125,101,78,105,100,84,65,63,12,107,112"/><U14/><E32/><V59/><F111/><W2/><G112/><T60/><D119/><U122/><E122/><N who="0" m="46601" /><D108/><U44/><E133/><V103/><F68/><W126/><G12/><N who="0" m="5207" /><D129/><U11/><REACH who="1" step="1"/><E3/><REACH who="1" ten="461,163,97,269" step="2"/><V87/><F0/><W49/><G2/><T48/><D39/><U9/><E9/><V47/><F71/><W26/><G125/><T80/><D21/><U85/><E85/><V109/><F109/><W74/><G126/><T24/><D98/><U25/><E25/><V4/><F87/><W17/><G124/><T52/><D24/><U115/><E115/><V130/><F130/><W7/><G84/><T5/><D48/><U33/><E33/><V96/><F50/><W82/><G49/><T72/><D60/><U128/><E128/><V27/><F27/><W64/><G26/><T15/><D15/><U19/><AGARI ba="0,1" hai="11,14,19,37,42,44,53,56,61,88,90,91,92,99" machi="19" ten="20,7800,0" yaku="1,1,0,1,7,1,54,1,53,0" doraHai="34" doraHaiUra="66" who="1" fromWho="1" sc="461,-26,163,88,97,-26,269,-26" /><INIT seed="1,1,0,0,4,135" ten="435,251,71,243" oya="1" hai0="85,42,58,34,9,99,51,92,124,125,80,45,119" hai1="114,77,40,103,2,96,4,130,11,100,39,59,24" hai2="13,37,126,5,94,78,54,67,88,132,129,56,89" hai3="46,95,74,82,91,49,28,41,52,121,63,131,32"/><U102/><E114/><V26/><F37/><W127/><G121/><T33/><D119/><U29/><E130/><V17/><F132/><W73/><G131/><T10/><D58/><U21/><E77/><V60/><F129/><W57/><G82/><T38/><D38/><U25/><E40/><V50/><F78/><W101/><G101/><N who="0" m="60647" /><D34/><U7/><E39/><V107/><F107/><W64/><G127/><N who="0" m="48715" /><D33/><U97/><E7/><V111/><F111/><W115/><G115/><T134/><D134/><U116/><E116/><V108/><F108/><W128/><G128/><T70/><D70/><U84/><E84/><V66/><F126/><W79/><G32/><T65/><D65/><U76/><E76/><AGARI ba="1,0" hai="9,10,42,45,51,76,80,85" m="48715,60647" machi="76" ten="30,7700,0" yaku="18,1,52,3" doraHai="135" who="0" fromWho="1" sc="435,80,251,-80,71,0,243,0" /><INIT seed="2,0,0,3,3,22" ten="515,171,71,243" oya="2" hai0="58,114,23,100,26,133,123,87,70,27,71,130,42" hai1="135,34,24,67,13,118,57,83,61,84,85,21,19" hai2="48,112,128,108,52,125,38,122,97,90,127,109,98" hai3="14,132,107,82,53,115,37,6,65,11,60,80,102"/><V86/><F38/><W35/><G37/><T101/><D123/><U95/><E118/><V10/><F112/><W50/><G115/><T120/><D120/><U76/><E135/><V124/><F122/><W28/><G132/><T15/><D114/><U31/><REACH who="1" step="1"/><E95/><REACH who="1" ten="515,161,71,243" step="2"/><N who="2" m="54743" /><F128/><W0/><G0/><T105/><D133/><U126/><E126/><V99/><F10/><W30/><G107/><T36/><D130/><U74/><AGARI ba="0,1" hai="13,19,21,24,31,34,57,61,67,74,76,83,84,85" machi="74" ten="20,5200,0" yaku="1,1,0,1,7,1,52,1,53,0" doraHai="22" doraHaiUra="92" who="1" fromWho="1" sc="515,-13,161,62,71,-26,243,-13" /><INIT seed="3,0,0,5,0,37" ten="502,223,45,230" oya="3" hai0="26,18,57,24,133,4,40,36,111,130,32,41,29" hai1="116,102,100,87,52,95,101,33,59,62,49,71,6" hai2="86,17,27,15,117,51,121,45,92,94,65,131,54" hai3="127,20,104,44,16,38,114,88,112,119,10,31,79"/><W21/><G119/><T83/><D111/><U5/><E33/><V1/><F1/><W91/><G104/><T76/><D130/><U123/><E123/><V64/><F117/><W120/><G120/><T110/><D110/><U74/><E74/><V109/><F109/><W50/><G38/><T106/><D106/><U118/><E118/><V63/><F131/><W11/><G127/><T48/><D133/><U75/><E75/><V122/><F121/><W97/><G79/><T53/><D4/><U25/><E25/><V78/><F27/><N who="3" m="16879" /><G114/><T39/><D39/><U96/><E116/><V66/><F63/><W129/><G129/><T28/><D18/><U113/><E113/><V61/><F61/><W107/><G107/><T115/><D36/><U90/><REACH who="1" step="1"/><E96/><REACH who="1" ten="502,213,45,230" step="2"/><V89/><F122/><W135/><G112/><T22/><D115/><U128/><E128/><V35/><F35/><W70/><G135/><T72/><AGARI ba="0,1" hai="22,24,26,28,29,32,40,41,48,53,57,72,76,83" machi="72" ten="20,5200,0" yaku="0,1,7,1,52,2" doraHai="37" who="0" fromWho="0" sc="502,62,213,-13,45,-13,230,-26" /><INIT seed="4,0,0,1,1,133" ten="564,200,32,204" oya="0" hai0="64,40,127,7,101,2,80,0,52,93,62,5,3" hai1="89,21,13,60,65,75,41,97,45,86,50,83,20" hai2="32,4,49,51,102,112,10,131,35,28,68,24,76" hai3="27,95,70,107,69,109,66,22,104,25,36,9,132"/><T30/><D40/><U72/><E97/><V105/><F112/><W23/><G36/><T90/><D101/><U1/><E1/><V34/><F131/><W129/><G9/><T96/><D30/><U98/><E98/><V124/><F76/><W26/><G95/><T71/><D127/><U103/><E103/><V47/><F49/><W92/><G92/><T94/><D93/><U46/><E46/><V115/><F115/><W118/><G132/><T73/><D73/><U126/><E126/><V29/><F29/><W67/><G109/><T78/><D78/><U119/><E119/><V84/><F84/><W114/><G129/><T99/><D80/><U33/><E33/><N who="2" m="20615" /><F51/><W121/><G121/><T38/><D38/><U111/><E111/><V37/><F47/><W125/><G125/><T135/><D135/><U44/><E44/><V55/><F55/><W59/><G59/><T15/><D96/><U108/><E108/><V18/><F18/><W11/><G11/><T17/><REACH who="0" step="1"/><D52/><REACH who="0" ten="554,200,32,204" step="2"/><U117/><E75/><V42/><F37/><W120/><G114/><T39/><D39/><U130/><E72/><V54/><F42/><W79/><G79/><T53/><D53/><U48/><E41/><V134/><F54/><W87/><G118/><T91/><D91/><U12/><E117/><V74/><F134/><W122/><G122/><T88/><D88/><U63/><E89/><V113/><F113/><W128/><G120/><T82/><D82/><U19/><E83/><V57/><F124/><W116/><G116/><T58/><D58/><U56/><E56/><V6/><F57/><RYUUKYOKU ba="0,1" sc="554,30,200,-10,32,-10,204,-10" hai0="0,2,3,5,7,15,17,62,64,71,90,94,99" /><INIT seed="4,1,1,5,3,101" ten="584,190,22,194" oya="0" hai0="123,103,22,47,76,78,133,81,66,14,119,45,26" hai1="52,131,107,30,1,71,24,43,17,80,135,125,31" hai2="120,29,89,33,2,72,87,59,79,58,108,68,110" hai3="109,90,69,114,15,118,77,124,37,84,50,116,121"/><T82/><D119/><U91/><E1/><V73/><F2/><W93/><G37/><T5/><D123/><U64/><E43/><V4/><F68/><W49/><G109/><T44/><D133/><U95/><E107/><V100/><F100/><W128/><G69/><T60/><D103/><U40/><E40/><V3/><F3/><W70/><G70/><T102/><D102/><U32/><E80/><V129/><F87/><W127/><G121/><T111/><D111/><U62/><E31/><V7/><F120/><W12/><G114/><T23/><D5/><U134/><E131/><V83/><F83/><N who="0" m="31754" /><D14/><N who="3" m="5161" /><G77/><N who="0" m="29803" /><D26/><U27/><E27/><V19/><F79/><W105/><G105/><T36/><D36/><U130/><E130/><V20/><F129/><W18/><G128/><T98/><D98/><U56/><E134/><V39/><F39/><W106/><G106/><T55/><D66/><U67/><E67/><V11/><F33/><W65/><G65/><T25/><D25/><U13/><E135/><V6/><F6/><W126/><G18/><T41/><D41/><U38/><E38/><V61/><F19/><W16/><G16/><T94/><D94/><U122/><E122/><V21/><F29/><W74/><G74/><T104/><D104/><U99/><E64/><V85/><F85/><W0/><G0/><T92/><D92/><U53/><E71/><V88/><REACH who="2" step="1"/><F11/><REACH who="2" ten="584,190,12,194" step="2"/><W35/><G35/><T132/><D132/><U112/><E17/><V117/><F117/><AGARI ba="1,2" hai="49,50,84,90,93,116,117,118,124,126,127" m="5161" machi="117" ten="40,1300,0" yaku="18,1" doraHai="101" who="3" fromWho="2" sc="584,0,190,0,12,-16,194,36" owari="584,68.0,190,-21.0,-4,-50.0,230,3.0" /></mjloggm>