<mjloggm ver="2.3"><GO type="169" lobby="0"/><UN n0="%E3%82%AF%E3%83%AB%E3%83%9F" n1="%E3%81%BE%E3%83%BC%E3%81%8F%E3%81%96%E3%81%84%E3%82%93" n2="%E3%81%BE%E3%82%8B" n3="%E3%83%88%E3%83%88%E3%83%AA%E5%85%88%E7%94%9F%31%39%E6%AD%B3" dan="16,16,16,19" rate="2146.69,2143.72,2086.70,2302.92" sx="M,M,M,F"/><TAIKYOKU oya="0"/><INIT seed="0,0,0,4,2,117" ten="250,250,250,250" oya="0" hai0="35,82,128,110,83,89,121,77,109,97,62,103,45" hai1="41,135,127,61,23,59,68,85,63,34,125,79,40" hai2="57,0,65,113,31,133,12,98,115,3,93,66,50" hai3="46,75,10,129,88,102,76,105,84,92,6,111,48"/><T7/><D35/><U8/><E34/><V81/><F133/><W15/><G111/><N who="0" m="42507" /><D7/><U4/><E135/><V1/><F31/><W112/><G129/><T60/><D128/><U21/><E68/><V120/><F81/><N who="3" m="47143" /><G75/><N who="0" m="43327" /><D45/><U47/><E85/><V100/><F113/><W5/><G105/><N who="0" m="63727" /><D121/><U74/><E47/><V99/><F120/><W51/><G102/><T123/><D123/><U108/><E108/><V67/><F115/><W14/><G112/><T18/><D18/><U106/><E41/><V72/><F12/><N who="3" m="5199" /><G6/><T58/><D58/><U36/><E59/><V52/><REACH who="2" step="1"/><F99/><REACH who="2" ten="250,250,240,250" step="2"/><W96/><G15/><T90/><D83/><U114/><E114/><V9/><F9/><W33/><G14/><T122/><D122/><U27/><E8/><V130/><F130/><W19/><G19/><T56/><D62/><U80/><E63/><V87/><F87/><W37/><G33/><T94/><D94/><U69/><E61/><V53/><F53/><AGARI ba="0,1" hai="53,56,60,89,90" m="63727,43327,42507" machi="53" ten="30,2900,0" yaku="14,1,10,1" doraHai="117" who="0" fromWho="2" sc="250,39,250,0,240,-29,250,0" /><INIT seed="0,1,0,1,0,66" ten="289,250,211,250" oya="0" hai0="44,90,42,79,85,7,65,100,23,27,3,12,74" hai1="38,88,4,26,28,56,61,8,77,101,2,106,115" hai2="120,109,39,46,96,107,15,0,1,71,135,99,133" hai3="108,102,48,91,25,57,97,14,41,118,40,19,73"/><T64/><D3/><U111/><E111/><V84/><F109/><W134/><G118/><T125/><D125/><U123/><E123/><V52/><F120/><W5/><G73/><T89/><D100/><U50/><E38/><V51/><F1/><W105/><G108/><T95/><D74/><U83/><E115/><V63/><F0/><W58/><G134/><N who="2" m="51209" /><F107/><W49/><G5/><T116/><D79/><U37/><E37/><V24/><F24/><W33/><G48/><N who="0" m="26647" /><D116/><U80/><E50/><V29/><F29/><W59/><G49/><T54/><D54/><U122/><E122/><V34/><F34/><W62/><G62/><T22/><D90/><U43/><E43/><N who="2" m="22911" /><F84/><W110/><G110/><T131/><D131/><U18/><E18/><V81/><F81/><W11/><G33/><T10/><D23/><U76/><E106/><V47/><F15/><W98/><G25/><T6/><D6/><U132/><E132/><V20/><F20/><W127/><G127/><T94/><D94/><U121/><E121/><V60/><F60/><W128/><G128/><T113/><D113/><U130/><E130/><V55/><F55/><W103/><G103/><T32/><D32/><U21/><E101/><V45/><F45/><W112/><G112/><T119/><D119/><U114/><E114/><V82/><F82/><W67/><G67/><AGARI ba="1,0" hai="47,51,52,63,67,71,96,99" m="22911,51209" machi="67" ten="30,3900,0" yaku="20,1,52,1,54,1" doraHai="66" who="2" fromWho="3" sc="289,0,250,0,211,42,250,-42" /><INIT seed="1,0,0,2,0,64" ten="289,250,253,208" oya="1" hai0="40,131,61,128,46,81,108,7,134,13,60,77,126" hai1="95,124,24,17,87,16,23,31,88,92,57,85,84" hai2="28,135,119,43,36,53,71,132,21,8,14,107,112" hai3="33,130,5,111,26,96,122,113,110,73,12,78,65"/><U30/><E124/><V120/><F107/><W34/><G122/><T32/><D32/><U99/><E57/><V50/><F120/><W121/><G121/><T6/><D126/><U29/><REACH who="1" step="1"/><E17/><REACH who="1" ten="289,240,253,208" step="2"/><V55/><F135/><W51/><G111/><T20/><D134/><U127/><E127/><V42/><F132/><W123/><G110/><T125/><D108/><U94/><AGARI ba="0,1" hai="16,23,24,29,30,31,84,85,87,88,92,94,95,99" machi="94" ten="40,12000,1" yaku="1,1,0,1,8,1,54,2,53,0" doraHai="64" doraHaiUra="47" who="1" fromWho="1" sc="289,-40,240,130,253,-40,208,-40" /><INIT seed="1,1,0,1,1,9" ten="249,370,213,168" oya="1" hai0="73,51,94,87,112,0,116,121,49,32,110,27,117" hai1="109,135,5,92,2,108,17,35,115,97,80,103,113" hai2="59,30,128,125,130,126,25,43,77,86,96,31,131" hai3="81,120,100,20,76,12,45,91,79,74,37,66,78"/><U88/><E35/><V58/><F43/><W33/><G33/><T101/><D112/><N who="1" m="43083" /><E17/><V60/><F96/><W46/><G120/><T69/><D0/><U127/><E5/><V40/><F40/><W134/><G134/><T3/><D3/><U34/><E34/><V56/><F60/><W98/><G66/><T95/><D121/><U67/><E67/><V122/><F122/><W28/><G37/><T26/><D69/><U123/><E2/><V19/><F86/><W36/><G36/><T38/><D38/><U105/><E123/><V22/><REACH who="2" step="1"/><F77/><REACH who="2" ten="249,370,203,168" step="2"/><W54/><G79/><T52/><D87/><N who="1" m="50279" /><E135/><V68/><F68/><W14/><G54/><T42/><D52/><U61/><E61/><V129/><N who="2" m="32768" /><DORA hai="90" /><V16/><F16/><W8/><G78/><T124/><D42/><U99/><E127/><AGARI ba="1,1" hai="19,22,25,30,31,56,58,59,125,126,127" m="32768" machi="127" ten="70,12000,2" yaku="1,1,18,1,19,1,53,3" doraHai="9,90" doraHaiUra="11,132" who="2" fromWho="1" sc="249,0,370,-123,203,133,168,0" /><INIT seed="2,0,0,2,0,43" ten="249,247,336,168" oya="2" hai0="4,26,80,15,10,115,129,13,82,127,91,52,74" hai1="59,29,42,47,25,39,106,101,108,86,112,40,113" hai2="130,19,76,128,49,133,36,123,109,107,28,63,60" hai3="97,122,38,22,32,119,103,6,54,99,9,110,114"/><V44/><F107/><W14/><G119/><T27/><D115/><U94/><E106/><V35/><F76/><W124/><G122/><T62/><D129/><N who="2" m="49770" /><F28/><W65/><G32/><T41/><D127/><U17/><E108/><V134/><F19/><W34/><G34/><T51/><D74/><U125/><E125/><V121/><F36/><W57/><G110/><T1/><D1/><U53/><E17/><V73/><F73/><W75/><G75/><T33/><D33/><U23/><E42/><N who="2" m="24727" /><F35/><W85/><G114/><T8/><D41/><U70/><E70/><V79/><F79/><W116/><G38/><T105/><D105/><U90/><REACH who="1" step="1"/><E101/><REACH who="1" ten="249,237,336,168" step="2"/><V102/><F102/><W117/><G103/><T20/><D4/><U67/><E67/><V84/><F109/><W78/><G124/><T55/><D55/><U132/><E132/><N who="2" m="50795" /><F84/><W2/><G117/><T88/><D52/><U31/><E31/><V21/><F21/><W64/><G116/><T66/><D20/><U87/><E87/><V45/><F45/><W5/><G22/><T126/><D126/><U11/><E11/><V111/><F111/><W56/><G85/><T68/><D10/><U92/><E92/><V81/><F81/><W118/><G118/><T46/><D82/><U131/><E131/><V18/><F18/><W24/><G9/><T100/><D100/><U95/><E95/><V135/><F135/><W69/><G6/><T72/><D8/><U83/><E83/><V37/><F37/><W77/><G5/><T58/><D80/><U30/><E30/><V104/><F104/><W12/><G12/><RYUUKYOKU ba="0,1" sc="249,-15,237,15,336,15,168,-15" hai1="23,25,29,39,40,47,53,59,86,90,94,112,113" hai2="60,63,121,123" /><INIT seed="2,1,1,5,0,119" ten="234,252,351,153" oya="2" hai0="36,112,39,59,110,80,131,74,4,7,22,49,52" hai1="16,105,48,8,104,34,71,123,73,86,128,109,19" hai2="111,29,77,60,108,53,75,117,30,31,65,126,96" hai3="90,94,33,12,129,92,83,40,97,51,132,11,44"/><V118/><F96/><W32/><G129/><T42/><D112/><U28/><E73/><V46/><F77/><W14/><G132/><T35/><D35/><U70/><E128/><V127/><F75/><W26/><G83/><T125/><D131/><U21/><E86/><V54/><F46/><W124/><G124/><N who="2" m="47657" /><F65/><W62/><G26/><T10/><D125/><U103/><E109/><N who="2" m="42059" /><F60/><W107/><G107/><T41/><D22/><U85/><E85/><V78/><F78/><W135/><G135/><T50/><D110/><U61/><E48/><V95/><F95/><W45/><G62/><T122/><D7/><U113/><E113/><V64/><F64/><W20/><G94/><T121/><D4/><U102/><E21/><V130/><F130/><W15/><G20/><T56/><D10/><U38/><E8/><V57/><F57/><W2/><G44/><T79/><D74/><U89/><E34/><V88/><F88/><W17/><G33/><T24/><D24/><U68/><E61/><V25/><F25/><W133/><G32/><T134/><D79/><U76/><E76/><V6/><F6/><W27/><G27/><T23/><D80/><U37/><E68/><V13/><F13/><N who="3" m="5227" /><G133/><T81/><D134/><U91/><E91/><V101/><F101/><W58/><G58/><T47/><D47/><U3/><E89/><V5/><F5/><N who="3" m="1463" /><G15/><T66/><D66/><U55/><E102/><V116/><AGARI ba="1,1" hai="29,30,31,53,54,116,117,118" m="42059,47657" machi="116" ten="50,12000,1" yaku="28,2,18,1,14,1,10,1" doraHai="119" who="2" fromWho="2" sc="234,-41,252,-41,351,133,153,-41" /><INIT seed="2,2,0,4,3,65" ten="193,211,484,112" oya="2" hai0="25,2,98,123,31,101,125,58,73,102,19,47,135" hai1="100,115,133,33,127,107,84,11,90,79,114,0,44" hai2="70,38,27,42,12,22,122,29,26,68,4,14,13" hai3="28,132,105,18,16,106,21,110,94,129,75,39,20"/><V6/><F122/><W46/><G75/><T120/><D73/><U60/><E133/><V82/><F82/><W53/><G132/><T121/><D2/><U96/><E127/><V131/><F131/><W5/><G129/><T43/><D135/><U74/><E33/><V54/><F54/><W130/><G130/><T8/><D125/><U83/><E44/><V57/><F57/><W3/><G110/><T118/><D118/><U87/><E60/><V15/><N who="2" m="3072" /><DORA hai="80" /><V92/><F92/><W50/><G39/><T88/><D19/><U32/><E32/><V124/><F124/><W24/><G94/><T35/><D8/><U1/><E1/><V69/><REACH who="2" step="1"/><F27/><REACH who="2" ten="193,211,474,112" step="2"/><W45/><G3/><T40/><D58/><U72/><E0/><V117/><F117/><W17/><G53/><T113/><D113/><N who="1" m="43019" /><E11/><V37/><F37/><W55/><G24/><T41/><D47/><AGARI ba="2,1" hai="4,6,22,26,29,38,42,47,68,69,70" m="3072" machi="47" ten="60,12000,1" yaku="1,1,52,3,53,0" doraHai="65,80" doraHaiUra="104,30" who="2" fromWho="0" sc="193,-126,211,0,474,136,112,0" /><INIT seed="2,3,0,5,2,65" ten="67,211,610,112" oya="2" hai0="38,90,121,6,28,30,98,84,82,94,132,85,62" hai1="126,20,93,78,26,58,11,71,39,15,59,73,114" hai2="64,83,91,95,131,106,2,79,134,49,92,100,110" hai3="135,29,4,24,96,12,43,35,0,77,105,53,89"/><V101/><F2/><W7/><G0/><T60/><D121/><U76/><E39/><V23/><F23/><W123/><G123/><T22/><D38/><U107/><E107/><V115/><F49/><W63/><G135/><T16/><D132/><U108/><E114/><V57/><F57/><W119/><G119/><T122/><D6/><U111/><E126/><V124/><F64/><W109/><G109/><N who="1" m="42058" /><E93/><V69/><F134/><W67/><G77/><N who="1" m="29802" /><E73/><V56/><F95/><W127/><G127/><T61/><D122/><U86/><E86/><V42/><F92/><W9/><G89/><T18/><D85/><U8/><E71/><V66/><F69/><N who="3" m="42239" /><G43/><T52/><D52/><U46/><E46/><V125/><F42/><W81/><G53/><T48/><D48/><U32/><E32/><V36/><F106/><W19/><G81/><T80/><D80/><U112/><E112/><V88/><F83/><W97/><G97/><T75/><D75/><U87/><E87/><V117/><F115/><W128/><G128/><T45/><D45/><U103/><E103/><AGARI ba="3,0" hai="4,7,9,12,19,24,29,35,96,103,105" m="42239" machi="103" ten="30,2000,0" yaku="25,1,52,1" doraHai="65" who="3" fromWho="1" sc="67,0,211,-29,610,0,112,29" /><INIT seed="3,0,0,1,2,130" ten="67,182,610,141" oya="3" hai0="45,104,72,82,93,0,23,121,115,42,111,81,37" hai1="33,113,46,94,28,92,98,129,22,77,103,73,6" hai2="134,40,56,83,71,87,79,89,107,67,78,38,52" hai3="9,85,116,68,51,2,120,19,14,7,118,61,41"/><W64/><G120/><T3/><D121/><U36/><E129/><V5/><F107/><W96/><G96/><T25/><D104/><U65/><E113/><V97/><F134/><W74/><G74/><T8/><D115/><U86/><E33/><V105/><F5/><W108/><G108/><T35/><D111/><U135/><E6/><V102/><F67/><W63/><G63/><T101/><D35/><U12/><E65/><V43/><F71/><W27/><G27/><T90/><D101/><U75/><E36/><V126/><F126/><W124/><G124/><T4/><D3/><U110/><E46/><V100/><F100/><W50/><G85/><T34/><D34/><U131/><E110/><V60/><F38/><W59/><G41/><T76/><D82/><U91/><E131/><V70/><F70/><W132/><G132/><T32/><D32/><U57/><E77/><V95/><REACH who="2" step="1"/><F79/><REACH who="2" ten="67,182,600,141" step="2"/><W11/><REACH who="3" step="1"/><G68/><REACH who="3" ten="67,182,600,131" step="2"/><T80/><D80/><U58/><E135/><V62/><F62/><W15/><G15/><T53/><D53/><U16/><E75/><AGARI ba="0,2" hai="40,43,52,56,60,75,78,83,87,89,95,97,102,105" machi="75" ten="30,8000,1" yaku="1,1,7,1,24,2,54,1,53,0" doraHai="130" doraHaiUra="29" who="2" fromWho="1" sc="67,0,182,-80,600,100,131,0" /><INIT seed="4,0,0,5,2,125" ten="67,102,700,131" oya="0" hai0="135,99,118,121,44,127,21,94,115,9,130,101,11" hai1="52,110,42,6,113,28,72,58,78,62,85,45,38" hai2="17,102,7,70,39,82,90,87,20,103,66,73,29" hai3="107,3,37,80,100,132,47,43,96,74,119,128,13"/><T64/><D121/><U83/><E110/><V57/><F39/><W40/><G119/><T5/><D118/><U46/><E113/><V41/><F70/><W55/><G132/><T33/><D33/><U51/><E28/><V120/><F120/><W56/><G40/><T86/><D115/><U81/><E6/><V67/><F41/><W112/><G112/><T14/><D127/><U111/><E111/><V50/><F7/><W105/><G3/><T126/><D126/><U22/><E22/><V19/><F73/><W93/><G128/><T8/><D135/><U32/><E32/><V49/><F29/><W26/><G26/><T65/><D130/><U61/><E46/><V104/><F104/><W124/><G124/><T114/><D114/><U109/><E109/><V68/><F68/><W98/><G13/><T95/><D44/><U48/><E38/><V97/><F19/><W12/><G12/><T92/><D21/><U122/><E122/><V69/><F69/><W89/><G107/><T35/><D35/><U106/><E106/><V123/><F20/><W18/><G18/><T53/><D53/><U10/><E10/><N who="0" m="4201" /><D95/><U4/><E4/><V134/><F134/><W71/><G71/><T2/><D2/><U88/><AGARI ba="0,0" hai="42,45,48,51,52,58,61,62,72,78,81,83,85,88" machi="88" ten="20,5200,0" yaku="0,1,7,1,54,2" doraHai="125" who="1" fromWho="1" sc="67,-26,102,52,700,-13,131,-13" /><INIT seed="5,0,0,4,1,55" ten="41,154,687,118" oya="1" hai0="135,0,14,115,119,109,93,15,13,95,82,116,16" hai1="131,104,6,48,61,124,100,42,108,73,132,85,27" hai2="46,122,59,76,2,70,54,84,92,7,18,65,127" hai3="43,21,50,121,64,134,17,130,22,41,113,126,31"/><U71/><E73/><V32/><F122/><W133/><G121/><T88/><D109/><U114/><E108/><V51/><F32/><W47/><G113/><T96/><D0/><U74/><E74/><V57/><F127/><W37/><G126/><T12/><D115/><U53/><E114/><V75/><F75/><W56/><G130/><T45/><D135/><N who="3" m="51721" /><G31/><T52/><D95/><U98/><E124/><V60/><F7/><W72/><G72/><T80/><D119/><U10/><E132/><V129/><F2/><W58/><G64/><T128/><D128/><U102/><E131/><V90/><F129/><W69/><G69/><T28/><D28/><U89/><E102/><V99/><F76/><W44/><G22/><N who="0" m="11527" /><D116/><U106/><E106/><V39/><F39/><W77/><G77/><T120/><D120/><U4/><E42/><V23/><F84/><W79/><G79/><T34/><D34/><U86/><E71/><V112/><F112/><W101/><G101/><T103/><D103/><U38/><E38/><V8/><F8/><W20/><G21/><T3/><D3/><U117/><E117/><V33/><F33/><W63/><G63/><T36/><D36/><U105/><E61/><V26/><AGARI ba="0,0" hai="18,23,26,46,51,54,57,59,60,65,70,90,92,99" machi="26" ten="20,5200,0" yaku="0,1,7,1,52,2" doraHai="55" who="2" fromWho="2" sc="41,-13,154,-26,687,52,118,-13" /><INIT seed="6,0,0,0,4,27" ten="28,128,739,105" oya="2" hai0="38,132,54,36,88,131,31,92,65,105,13,81,68" hai1="29,82,95,56,6,111,102,78,50,19,23,63,72" hai2="116,89,4,39,61,55,18,117,75,93,66,119,44" hai3="106,7,35,12,90,32,133,118,43,37,134,104,2"/><V62/><F75/><W107/><G118/><T28/><D105/><U24/><E111/><V22/><F4/><W109/><G109/><T9/><D131/><U45/><E6/><V33/><F33/><N who="3" m="12875" /><G90/><T113/><D113/><U115/><E115/><V124/><F89/><W100/><G12/><T60/><D132/><N who="3" m="50793" /><G43/><T103/><D103/><U3/><E3/><V135/><F119/><W46/><G46/><T94/><D54/><U0/><E0/><V110/><F55/><W41/><G41/><T47/><D81/><U52/><E102/><V76/><F44/><W108/><G108/><T97/><D94/><U84/><E95/><V58/><F93/><W80/><G80/><T8/><D8/><U85/><E19/><V99/><F18/><W20/><G20/><T26/><D26/><U59/><E59/><V127/><F58/><W129/><G37/><T42/><D38/><U51/><E51/><V1/><F39/><W123/><G129/><T5/><AGARI ba="0,0" hai="5,9,13,28,31,36,42,47,60,65,68,88,92,97" machi="5" ten="20,8000,1" yaku="0,1,7,1,52,2,54,1" doraHai="27" who="0" fromWho="0" sc="28,80,128,-20,739,-40,105,-20" /><INIT seed="7,0,0,0,4,77" ten="108,108,699,85" oya="3" hai0="27,56,68,70,121,104,20,46,1,5,84,116,63" hai1="126,52,50,13,29,95,81,74,39,25,36,125,86" hai2="37,101,33,110,118,54,105,61,127,91,35,2,4" hai3="40,9,30,23,49,72,92,19,88,32,106,89,47"/><W17/><G106/><T57/><D121/><U31/><E74/><V75/><F75/><W99/><G72/><T0/><D116/><U131/><E95/><V97/><F105/><W44/><G32/><T43/><D104/><U14/><E131/><V111/><F35/><W59/><G59/><T7/><D1/><U82/><E14/><V18/><F2/><W124/><G124/><N who="1" m="47722" /><E13/><V135/><F33/><W134/><G134/><T83/><D70/><U107/><E107/><V53/><F135/><W122/><G122/><T76/><D68/><U119/><E119/><V85/><F118/><W100/><G9/><T12/><D12/><U51/><E51/><V66/><F4/><W120/><G120/><T71/><D71/><U102/><E102/><V8/><F101/><W117/><G117/><T73/><D73/><U41/><E41/><V22/><F37/><N who="1" m="14409" /><E25/><V10/><F127/><W123/><G123/><T26/><D26/><U132/><E132/><V16/><F61/><W34/><G44/><T48/><D0/><U128/><E128/><V60/><F60/><W28/><G34/><T94/><D94/><U42/><E42/><V64/><F111/><W55/><G40/><T129/><D129/><U69/><E69/><V108/><F110/><W78/><G78/><T93/><D93/><U79/><E82/><V6/><F108/><W67/><G67/><N who="0" m="39399" /><D57/><AGARI ba="0,0" hai="29,31,50,52,57,79,81,86" m="14409,47722" machi="57" ten="30,3900,0" yaku="18,1,52,1,54,1" doraHai="77" who="1" fromWho="0" sc="108,-39,108,39,699,0,85,0" owari="69,-43.0,147,-5.0,699,79.0,85,-31.0" /></mjloggm>