<mjloggm ver="2.3"><GO type="169" lobby="0"/><UN n0="%E3%81%BE%E3%82%8B%E3%81%A8%E3%83%BC" n1="%E3%81%9F%E3%81%91%E3%81%AB%E3%81%8D" n2="%E8%9B%99%E3%81%AE%E7%8E%8B" n3="%E3%83%88%E3%83%88%E3%83%AA%E5%85%88%E7%94%9F%31%39%E6%AD%B3" dan="16,16,16,19" rate="2187.37,2116.87,2096.34,2281.45" sx="M,F,M,F"/><TAIKYOKU oya="0"/><INIT seed="0,0,0,2,2,61" ten="250,250,250,250" oya="0" hai0="62,4,40,53,120,83,89,7,76,11,12,56,9" hai1="45,123,108,25,134,114,44,21,23,105,81,27,104" hai2="50,22,17,29,69,18,26,117,133,37,31,107,118" hai3="86,78,66,63,52,28,39,68,2,90,79,82,33"/><T94/><D120/><U92/><E123/><V77/><F37/><W15/><G2/><T46/><D94/><U42/><E108/><V80/><F107/><W0/><G0/><T6/><D89/><U135/><E92/><V98/><F98/><W19/><G39/><T36/><D11/><U72/><E114/><V51/><F69/><W32/><G28/><T96/><D96/><U91/><E91/><V87/><F133/><N who="1" m="50697" /><E81/><V131/><F131/><W49/><G32/><T97/><D97/><U43/><E72/><AGARI ba="0,0" hai="4,6,7,9,12,36,40,46,53,56,62,72,76,83" machi="72" ten="30,1500,0" yaku="7,1" doraHai="61" who="0" fromWho="1" sc="250,15,250,-15,250,0,250,0" /><INIT seed="0,1,0,2,3,57" ten="265,235,250,250" oya="0" hai0="66,124,98,72,80,41,97,55,7,87,75,103,3" hai1="14,120,69,60,109,25,106,116,101,30,127,102,71" hai2="6,37,43,125,18,130,68,62,131,94,20,51,31" hai3="42,73,12,93,128,96,39,81,2,4,129,47,115"/><T48/><D41/><U44/><E116/><V35/><F37/><W64/><G115/><T29/><D124/><U105/><E127/><V38/><F125/><W1/><G12/><T23/><D98/><U86/><E120/><V99/><F38/><W90/><G64/><T45/><D3/><U119/><E119/><V58/><F68/><W107/><G107/><T85/><D7/><U82/><E109/><V63/><F6/><W76/><REACH who="3" step="1"/><G2/><REACH who="3" ten="265,235,250,240" step="2"/><T50/><D66/><U49/><E106/><V17/><F131/><W95/><G95/><T53/><D103/><U61/><E14/><V0/><F0/><W121/><G121/><T11/><D11/><AGARI ba="1,1" hai="1,4,11,39,42,47,73,76,81,90,93,96,128,129" machi="11" ten="40,5200,0" yaku="1,1,25,2,53,0" doraHai="57" doraHaiUra="52" who="3" fromWho="0" sc="265,-55,235,0,250,0,240,65" /><INIT seed="1,0,0,4,4,10" ten="210,235,250,305" oya="1" hai0="63,78,93,53,23,74,111,28,90,82,54,70,132" hai1="45,86,108,37,6,115,0,114,4,20,30,130,55" hai2="113,50,77,117,7,131,48,94,52,1,13,122,119" hai3="44,46,107,60,118,124,31,49,32,36,91,17,106"/><U110/><E130/><V25/><F1/><W35/><G118/><T133/><D111/><N who="1" m="42539" /><E86/><V103/><F122/><W65/><G124/><T79/><D78/><U42/><E55/><V12/><F131/><W100/><G36/><T109/><D109/><U61/><E61/><V99/><F113/><N who="1" m="43017" /><E0/><V26/><F77/><W72/><G72/><T87/><D70/><U121/><E121/><V5/><F119/><W92/><G60/><T41/><D41/><U11/><E11/><V34/><F117/><W95/><G65/><T102/><D63/><U76/><E76/><V15/><F50/><W75/><G49/><T59/><D59/><U128/><E128/><V97/><F97/><W29/><G75/><T22/><D102/><U56/><E56/><N who="2" m="32775" /><F34/><W69/><G100/><T81/><D81/><U120/><E120/><V89/><F103/><W58/><G58/><T8/><D8/><U18/><E30/><V19/><F19/><W126/><G17/><T96/><D74/><U38/><E38/><V125/><F125/><W3/><G3/><T85/><D54/><U88/><E88/><V98/><F98/><W129/><G129/><T66/><D53/><U71/><E71/><V135/><F135/><N who="0" m="51786" /><D66/><U80/><E80/><V62/><F62/><W105/><G126/><T39/><D39/><U2/><E2/><V9/><F9/><W16/><G69/><T40/><D40/><U64/><E64/><V84/><F84/><N who="0" m="32330" /><D28/><N who="3" m="10825" /><G91/><N who="0" m="55359" /><D79/><U73/><E73/><V101/><F89/><W47/><G16/><T14/><D90/><U134/><E134/><V112/><F112/><W27/><G32/><RYUUKYOKU ba="0,0" sc="210,-30,235,10,250,10,305,10" hai1="4,6,18,20,37,42,45" hai2="5,7,12,13,15,25,26,94,99,101" hai3="27,35,44,46,47,92,95,105,106,107" /><INIT seed="1,1,0,5,2,54" ten="180,245,260,315" oya="1" hai0="116,41,113,7,111,83,96,69,59,26,48,11,93" hai1="112,28,25,31,85,42,22,15,6,99,43,4,123" hai2="9,40,101,80,62,129,90,60,110,32,78,82,14" hai3="29,64,3,135,47,19,50,81,104,119,58,65,76"/><U134/><E112/><V75/><F32/><W72/><G104/><T79/><D69/><U46/><E123/><V67/><F110/><W108/><G3/><T133/><D111/><U117/><E117/><V126/><F126/><W36/><G108/><T106/><D113/><U74/><E74/><V71/><F129/><W86/><G36/><T131/><D106/><U44/><E134/><V34/><F34/><W12/><G135/><T53/><D133/><U51/><E31/><V127/><F127/><W66/><G29/><T114/><D116/><U20/><E99/><V68/><F40/><N who="3" m="24935" /><G72/><T92/><D114/><U39/><REACH who="1" step="1"/><E85/><REACH who="1" ten="180,235,260,315" step="2"/><V118/><F118/><W16/><G119/><T70/><D131/><U88/><E88/><V27/><F101/><W63/><G19/><AGARI ba="1,1" hai="4,6,15,19,20,22,25,28,39,42,43,44,46,51" machi="19" ten="40,2000,0" yaku="1,1,53,0" doraHai="54" doraHaiUra="130" who="1" fromWho="3" sc="180,0,235,33,260,0,315,-23" /><INIT seed="1,2,0,3,5,0" ten="180,268,260,292" oya="1" hai0="25,88,42,65,111,9,118,133,135,117,128,20,115" hai1="8,83,130,98,50,126,131,12,41,36,107,16,120" hai2="74,19,24,52,43,46,113,54,48,94,7,127,35" hai3="3,93,5,71,86,32,109,124,29,66,90,96,49"/><U89/><E120/><V67/><F74/><W122/><G122/><T68/><D42/><U82/><E36/><V23/><F127/><W101/><G124/><T91/><D68/><U84/><E126/><V81/><F113/><W56/><G109/><T55/><D65/><U102/><REACH who="1" step="1"/><E83/><REACH who="1" ten="180,258,260,292" step="2"/><V77/><F81/><W79/><G71/><T15/><D115/><U58/><E58/><V22/><F46/><AGARI ba="2,1" hai="8,12,16,41,46,50,82,84,89,98,102,107,130,131" machi="46" ten="40,3900,0" yaku="1,1,54,1,53,0" doraHai="0" doraHaiUra="30" who="1" fromWho="2" sc="180,0,258,55,260,-45,292,0" /><INIT seed="1,3,0,2,2,43" ten="180,313,215,292" oya="1" hai0="118,93,88,95,33,122,109,129,37,50,67,4,19" hai1="117,130,34,11,52,17,13,90,64,79,97,106,58" hai2="3,89,91,66,62,57,115,31,24,107,59,75,123" hai3="77,6,126,30,96,73,131,69,41,35,83,28,60"/><U98/><E117/><V5/><F123/><W16/><G131/><T0/><D118/><U113/><E113/><V36/><F36/><W121/><G121/><T8/><D37/><U82/><E64/><V7/><F107/><W104/><G126/><T55/><D122/><U119/><E119/><V103/><F75/><W46/><G6/><T23/><D109/><U45/><E130/><V42/><F103/><N who="3" m="62567" /><G16/><T72/><D129/><U18/><E34/><V105/><F105/><W32/><G28/><T135/><D72/><U68/><E68/><V48/><F115/><W56/><G56/><T86/><D135/><U76/><E18/><V12/><F3/><W102/><G102/><T29/><D67/><U63/><E106/><V81/><F12/><W80/><G80/><T85/><D33/><U27/><E27/><V25/><F81/><W114/><G30/><T74/><D29/><U132/><E132/><V70/><F70/><W54/><G54/><T134/><D134/><U9/><E9/><V49/><F31/><W100/><G100/><T124/><D74/><U53/><E90/><V94/><F42/><W15/><G15/><T84/><D124/><U78/><E82/><V14/><F14/><W20/><G20/><T22/><D95/><U125/><E125/><V110/><F94/><W38/><G114/><T112/><D112/><U71/><E71/><V39/><F66/><AGARI ba="3,0" hai="32,35,38,41,46,60,66,69,73,77,83" m="62567" machi="66" ten="30,3900,0" yaku="33,2,52,1" doraHai="43" who="3" fromWho="2" sc="180,0,313,0,215,-48,292,48" /><INIT seed="2,0,0,1,2,119" ten="180,313,167,340" oya="2" hai0="113,82,22,41,69,51,132,72,116,38,130,21,8" hai1="115,99,2,81,4,31,96,94,84,55,133,124,63" hai2="35,64,44,117,15,107,67,106,127,7,61,73,77" hai3="39,101,50,42,135,25,92,65,118,90,76,5,24"/><V121/><F117/><W59/><G118/><T87/><D116/><U46/><E115/><V71/><F64/><W104/><G135/><T126/><D113/><U100/><E133/><V110/><F35/><W36/><G76/><N who="0" m="46535" /><D69/><U1/><E124/><V75/><F127/><W103/><G5/><T43/><D38/><U12/><E31/><V129/><F44/><W49/><G92/><T74/><D72/><N who="2" m="27722" /><F15/><W11/><G11/><T28/><D74/><U108/><E1/><V17/><F17/><W131/><G90/><T18/><D126/><U54/><E2/><V102/><F77/><W111/><G59/><T97/><D132/><U16/><E4/><V52/><F52/><W95/><G95/><T0/><D0/><U62/><E55/><V26/><F26/><W57/><G57/><T47/><D97/><N who="1" m="59447" /><E62/><V68/><F7/><W93/><G93/><T125/><D125/><U83/><E83/><V86/><F86/><W70/><G65/><T40/><D8/><N who="1" m="6151" /><E63/><V98/><F129/><W29/><G131/><T37/><D130/><U89/><E99/><N who="2" m="61791" /><F71/><W58/><G70/><T14/><D37/><U66/><E96/><V91/><F91/><W134/><G134/><T6/><D6/><U32/><E32/><V80/><F80/><W123/><G29/><T33/><D33/><U114/><E66/><V34/><F34/><W88/><G39/><T122/><D28/><U3/><E3/><V48/><F48/><W53/><G36/><T78/><D78/><U13/><E114/><V10/><F10/><W9/><G9/><T85/><D85/><U20/><E84/><RYUUKYOKU ba="0,0" sc="180,0,313,0,167,0,340,0" /><INIT seed="3,1,0,1,1,100" ten="180,313,167,340" oya="3" hai0="120,0,24,53,54,134,43,124,30,125,32,85,109" hai1="95,13,40,31,16,92,117,75,35,88,73,17,68" hai2="98,61,11,105,21,101,22,28,25,65,80,67,51" hai3="133,87,118,77,84,14,70,52,46,33,60,135,90"/><W81/><G118/><T50/><D120/><U6/><E117/><V110/><F110/><W103/><G33/><T112/><D0/><U74/><E68/><V3/><F51/><N who="3" m="28791" /><G70/><T38/><D109/><U41/><E6/><V49/><F49/><W128/><G60/><T91/><D38/><U66/><E66/><V62/><F80/><N who="3" m="47119" /><G103/><T47/><D112/><U99/><E92/><V78/><F78/><W107/><G128/><T127/><REACH who="0" step="1"/><D134/><REACH who="0" ten="170,313,167,340" step="2"/><N who="3" m="51209" /><G14/><T108/><D108/><U116/><E116/><V45/><F3/><W132/><G132/><T20/><D20/><U64/><E13/><V102/><F11/><W115/><G115/><T56/><D56/><U121/><E121/><V89/><F45/><W5/><G5/><T94/><AGARI ba="1,1" hai="24,30,32,43,47,50,53,54,85,91,94,124,125,127" machi="94" ten="30,4000,0" yaku="1,1,0,1,18,1,53,0" doraHai="100" doraHaiUra="1" who="0" fromWho="0" sc="170,53,313,-11,167,-11,340,-21" /><INIT seed="4,0,0,2,1,81" ten="223,302,156,319" oya="0" hai0="106,56,107,29,38,30,34,113,64,87,49,32,3" hai1="70,97,90,79,128,127,126,35,85,91,73,45,105" hai2="46,129,86,78,110,54,75,96,7,67,74,119,133" hai3="102,72,125,27,52,108,36,135,16,60,40,61,53"/><T99/><D38/><U117/><E70/><V115/><F110/><W130/><G108/><T57/><D3/><U13/><E35/><V48/><F115/><W92/><G72/><T20/><D113/><U62/><E62/><N who="3" m="24170" /><G36/><T21/><D49/><U100/><E13/><V116/><F67/><W123/><G40/><T42/><D42/><U103/><E45/><V134/><F96/><N who="3" m="59655" /><G130/><T14/><D14/><U50/><E50/><V132/><F7/><W55/><G135/><T124/><D99/><N who="1" m="61599" /><E128/><V25/><F25/><W65/><G125/><N who="1" m="47626" /><E117/><N who="2" m="45131" /><F129/><W66/><G123/><T6/><D124/><U28/><E28/><V111/><F111/><W114/><G114/><T118/><D118/><U98/><E73/><V19/><F19/><W33/><G33/><T84/><REACH who="0" step="1"/><D6/><REACH who="0" ten="213,302,156,319" step="2"/><U95/><E98/><V37/><F37/><W58/><G58/><T104/><D104/><U0/><E0/><V31/><F31/><W43/><G43/><T9/><D9/><U80/><AGARI ba="0,1" hai="79,80,85,90,91,95,97,103" m="47626,61599" machi="80" ten="30,7900,0" yaku="18,1,34,2,52,1" doraHai="81" who="1" fromWho="1" sc="213,-39,302,89,156,-20,319,-20" /><INIT seed="5,0,0,4,1,24" ten="174,391,136,299" oya="1" hai0="89,126,129,22,123,109,8,118,134,106,88,9,99" hai1="85,84,16,125,64,119,80,98,41,27,34,35,73" hai2="95,46,93,26,39,122,132,107,65,133,66,57,2" hai3="11,68,40,36,25,37,92,105,101,15,91,51,97"/><U100/><E119/><V53/><F2/><W42/><G68/><T52/><D118/><U33/><E125/><V4/><F4/><W55/><G37/><T20/><D109/><U21/><E64/><N who="2" m="24683" /><F107/><W60/><G60/><T135/><D126/><U72/><E41/><N who="2" m="22847" /><F93/><W23/><G36/><T130/><D106/><U112/><E112/><V81/><F95/><W59/><G101/><T0/><D0/><U10/><E10/><N who="0" m="4201" /><D123/><U61/><E61/><N who="2" m="36015" /><F26/><W69/><G69/><T86/><D99/><U78/><REACH who="1" step="1"/><E84/><REACH who="1" ten="174,381,136,299" step="2"/><V12/><F122/><W70/><G70/><T74/><D86/><U3/><E3/><V102/><F133/><W111/><G111/><T62/><D135/><U103/><E103/><V17/><F102/><W54/><G54/><T6/><D134/><U110/><E110/><V29/><F132/><W58/><G42/><T116/><D116/><U5/><E5/><V82/><F82/><W87/><G40/><T14/><D6/><U38/><E38/><V113/><F81/><W31/><G87/><T67/><D52/><U128/><E128/><V76/><F113/><W90/><G59/><T79/><D130/><U49/><E49/><V63/><F63/><W94/><G97/><T47/><D129/><U28/><E28/><V83/><F29/><W30/><G30/><T56/><D62/><U127/><E127/><V7/><F7/><W19/><G105/><AGARI ba="0,1" hai="16,21,27,33,34,35,72,73,78,80,85,98,100,105" machi="105" ten="40,3900,0" yaku="1,1,54,1,53,0" doraHai="24" doraHaiUra="1" who="1" fromWho="3" sc="174,0,381,49,136,0,299,-39" /><INIT seed="5,1,0,5,4,67" ten="174,430,136,260" oya="1" hai0="50,80,6,104,33,47,120,96,31,16,132,97,135" hai1="115,60,108,75,71,17,0,123,59,20,46,89,112" hai2="88,110,21,129,27,68,94,116,64,95,30,53,45" hai3="73,101,32,11,93,65,58,69,15,122,28,118,111"/><U66/><E123/><V113/><F110/><W13/><G111/><T79/><D120/><U48/><E108/><V24/><F116/><W70/><G122/><T8/><D33/><U117/><E0/><V2/><F2/><W130/><G73/><T86/><D31/><U7/><E7/><V105/><F105/><W44/><G118/><T85/><D86/><U114/><E75/><V55/><F129/><W77/><G77/><T127/><D127/><U18/><E117/><V41/><F113/><W63/><G130/><T98/><D104/><U102/><E102/><V36/><F95/><W10/><G44/><T51/><D16/><N who="1" m="6251" /><E89/><V42/><F42/><W90/><G101/><T128/><D128/><U126/><E20/><V23/><F64/><W124/><G124/><T38/><D38/><U4/><E4/><V1/><F1/><W100/><G100/><T99/><N who="0" m="24576" /><DORA hai="121" /><T34/><D34/><U84/><E84/><V91/><F68/><W107/><G107/><T109/><D109/><U25/><E25/><V26/><F26/><W133/><G10/><T106/><D106/><U22/><E22/><V52/><F94/><W3/><G3/><T39/><D39/><U83/><E83/><V12/><F12/><W72/><G72/><T82/><D82/><U61/><E126/><V92/><F92/><W49/><G93/><T78/><D78/><U81/><E81/><V103/><F103/><W40/><G32/><T14/><REACH who="0" step="1"/><D51/><REACH who="0" ten="164,430,136,260" step="2"/><U131/><E131/><V125/><F125/><W134/><G49/><T57/><D57/><U62/><E59/><V87/><F87/><RYUUKYOKU ba="1,1" sc="164,10,430,10,136,10,260,-30" hai0="6,8,14,47,50,79,80,85,132,135" hai1="46,48,60,61,62,66,71,112,114,115" hai2="21,23,24,27,30,36,41,45,52,53,55,88,91" /><INIT seed="5,2,1,1,2,31" ten="174,440,146,230" oya="1" hai0="125,13,97,46,118,64,96,57,3,91,43,60,104" hai1="41,84,71,132,83,63,116,55,2,93,123,88,114" hai2="74,120,134,14,10,44,75,119,76,15,117,73,9" hai3="5,39,124,69,106,33,95,79,12,8,100,105,80"/><U16/><E116/><V48/><F120/><W38/><G69/><T34/><D118/><U133/><E123/><V20/><F134/><N who="1" m="51817" /><E2/><V18/><F76/><W128/><G33/><T77/><D3/><U49/><E114/><V45/><F20/><W78/><G78/><T42/><D125/><U29/><E29/><V66/><F66/><W98/><G128/><T53/><D77/><U59/><E41/><V21/><F21/><W27/><G27/><T72/><D72/><U24/><E71/><V121/><F121/><W35/><G35/><T99/><D34/><U7/><E7/><V37/><F37/><W51/><G124/><T1/><D1/><U40/><E83/><V22/><F22/><W54/><G39/><T112/><D112/><U111/><E111/><V6/><REACH who="2" step="1"/><F45/><REACH who="2" ten="174,440,136,230" step="2"/><W127/><G38/><T87/><D64/><U50/><E24/><V103/><F103/><W36/><G36/><T58/><D46/><U85/><E59/><V56/><F56/><W70/><G70/><T4/><D58/><U86/><E63/><V126/><F126/><W11/><G127/><T19/><D104/><U61/><E61/><V131/><F131/><W28/><G105/><T130/><D130/><U135/><E135/><V101/><F101/><W107/><G107/><T102/><D102/><U82/><E49/><V47/><F47/><N who="3" m="28031" /><G106/><T32/><D32/><U110/><E110/><V115/><F115/><W108/><G108/><T30/><D57/><U52/><E50/><V113/><F113/><W17/><G28/><T25/><D30/><U94/><E88/><V92/><F92/><RYUUKYOKU ba="2,2" sc="174,-10,440,-10,136,30,230,-10" hai2="6,9,10,14,15,18,44,48,73,74,75,117,119" /><INIT seed="6,3,2,4,3,50" ten="164,430,166,220" oya="2" hai0="1,60,59,135,7,20,118,6,64,117,87,9,77" hai1="92,83,104,33,127,107,58,0,85,44,27,126,102" hai2="122,68,106,15,114,11,105,123,103,78,63,55,8" hai3="72,32,17,3,90,116,93,10,74,130,57,96,84"/><V5/><F78/><W119/><G32/><T112/><D7/><U12/><E0/><V41/><F41/><W43/><G130/><T71/><D112/><U133/><E133/><V39/><F39/><W81/><G43/><T29/><D135/><U97/><E44/><V22/><F114/><W19/><G19/><T134/><D134/><U79/><E12/><V125/><F125/><N who="1" m="47625" /><E58/><V28/><F8/><W132/><G132/><T49/><D29/><AGARI ba="3,2" hai="27,29,33,79,83,85,92,97,102,104,107" m="47625" machi="29" ten="30,1000,0" yaku="18,1" doraHai="50" who="1" fromWho="0" sc="164,-19,430,39,166,0,220,0" /><INIT seed="7,0,0,1,4,107" ten="145,469,166,220" oya="3" hai0="113,73,133,74,8,29,78,14,5,3,89,47,112" hai1="58,96,33,60,50,37,23,108,94,87,64,61,110" hai2="106,40,22,119,97,36,80,4,66,19,111,21,116" hai3="12,109,131,81,98,26,15,63,17,68,52,100,2"/><W77/><G2/><T130/><D130/><U125/><E33/><V90/><F4/><W56/><G131/><T72/><D133/><U6/><E37/><V46/><F111/><W115/><G109/><T39/><D29/><U67/><E87/><V54/><F66/><W69/><G115/><N who="0" m="44107" /><D89/><U134/><E50/><V128/><F128/><W105/><G12/><T95/><D95/><U10/><E23/><V43/><F43/><W71/><G26/><T48/><D14/><U122/><E122/><V51/><F80/><W126/><G126/><T102/><D102/><U123/><E134/><V86/><F86/><W84/><G69/><T62/><D62/><U35/><E35/><V99/><F22/><AGARI ba="0,0" hai="15,17,22,52,56,63,68,71,77,81,84,98,100,105" machi="22" ten="30,2900,0" yaku="7,1,54,1" doraHai="107" who="3" fromWho="2" sc="145,0,469,0,166,-29,220,29" /><INIT seed="7,1,0,3,4,125" ten="145,469,137,249" oya="3" hai0="12,5,133,1,32,127,24,10,42,130,46,4,76" hai1="52,135,36,112,129,62,81,40,63,90,70,72,20" hai2="88,123,35,79,41,100,91,75,73,39,8,115,89" hai3="28,11,37,110,122,6,18,38,56,27,116,44,7"/><W107/><G116/><T53/><D127/><U94/><E135/><V29/><F8/><W83/><G122/><T30/><D133/><U31/><E112/><V48/><F39/><W86/><G107/><T103/><D103/><U66/><E40/><V95/><F115/><W87/><G87/><T124/><D124/><U47/><E36/><V67/><F67/><W101/><G101/><T77/><D53/><U111/><E111/><V128/><F123/><W97/><G97/><T64/><D64/><U23/><E23/><V80/><F75/><W54/><G18/><T69/><D69/><U98/><E47/><V58/><F128/><W68/><G68/><T118/><D118/><U60/><E129/><V134/><F134/><W19/><G19/><T74/><D130/><U71/><E52/><V119/><F119/><W108/><G44/><T82/><D77/><U93/><E93/><V17/><F17/><W51/><G6/><N who="0" m="1359" /><D12/><U104/><E104/><V109/><F109/><W61/><G61/><T43/><D43/><U2/><E2/><V25/><F100/><W131/><G108/><T22/><D32/><U26/><E71/><V57/><REACH who="2" step="1"/><F95/><REACH who="2" ten="145,469,127,249" step="2"/><W105/><G110/><T96/><D96/><U13/><E13/><V3/><F3/><W9/><G131/><T78/><D78/><U33/><E33/><V59/><F59/><W14/><G105/><T0/><D0/><U92/><E92/><V50/><F50/><W49/><G38/><T34/><D34/><U65/><E65/><V121/><F121/><W113/><G37/><AGARI ba="1,1" hai="4,5,22,24,30,37,42,46,74,76,82" m="1359" machi="37" ten="30,1000,0" yaku="25,1" doraHai="125" who="0" fromWho="3" sc="145,23,469,0,127,0,249,-13" owari="168,-23.0,469,56.0,127,-37.0,236,4.0" /></mjloggm>