<mjloggm ver="2.3"><GO type="169" lobby="0"/><UN n0="%E8%9E%8D" n1="%E3%82%A6%E3%83%AB%E3%83%88%E3%83%A9%E7%AB%8B%E7%9B%B4" n2="%79%65%61%72%6C%69%67%68" n3="%E3%83%89%E3%83%90%E3%82%AF%E3%83%81%E5%A4%A7%E9%87%8E" dan="17,18,17,17" rate="2137.62,2250.97,2140.41,2154.17" sx="M,M,M,M"/><TAIKYOKU oya="0"/><INIT seed="0,0,0,1,0,97" ten="250,250,250,250" oya="0" hai0="131,20,16,33,43,46,66,118,76,127,15,45,114" hai1="120,89,34,92,61,8,132,125,123,7,72,75,107" hai2="47,56,68,52,87,49,4,133,13,85,102,19,124" hai3="17,58,25,99,88,82,40,70,100,64,63,81,134"/><T48/><D118/><U117/><E34/><V6/><F68/><W50/><G134/><T69/><D114/><U94/><E61/><V128/><F133/><W113/><G113/><T135/><D135/><U95/><E8/><V23/><F124/><W32/><G88/><T101/><D131/><U30/><E30/><V0/><F102/><W73/><G73/><N who="1" m="28234" /><E7/><V38/><F128/><W93/><G32/><T24/><D76/><U104/><E132/><V83/><F0/><W105/><G105/><N who="1" m="40522" /><E117/><V22/><F87/><W42/><G70/><T9/><D127/><U98/><E125/><V115/><F115/><W119/><G119/><T108/><D66/><U59/><E59/><V130/><F130/><W27/><G27/><T31/><D69/><U1/><E1/><V103/><F23/><N who="3" m="13551" /><G40/><T54/><D108/><U14/><E14/><V26/><F26/><W12/><G12/><T28/><D101/><N who="1" m="60615" /><E95/><V55/><F38/><W79/><G42/><T18/><REACH who="0" step="1"/><D33/><REACH who="0" ten="240,250,250,250" step="2"/><U111/><E111/><V10/><F103/><W80/><G79/><T60/><D60/><U122/><E122/><V51/><F22/><W78/><G78/><AGARI ba="0,1" hai="4,6,10,13,19,47,49,51,52,55,56,78,83,85" machi="78" ten="30,3900,0" yaku="7,1,8,1,54,1" doraHai="97" who="2" fromWho="3" sc="240,0,250,0,250,49,250,-39" /><INIT seed="1,0,0,4,5,31" ten="240,250,299,211" oya="1" hai0="121,132,82,94,3,55,116,21,28,76,79,126,11" hai1="95,43,103,78,1,71,101,25,90,68,74,50,35" hai2="32,85,99,72,125,45,63,88,48,122,83,75,115" hai3="128,27,8,113,58,47,44,65,64,67,16,10,0"/><U66/><E1/><V91/><F122/><W38/><G113/><T84/><D121/><U20/><E74/><V107/><F115/><W127/><G127/><T130/><D116/><U54/><E78/><V12/><F125/><W81/><G128/><T9/><D126/><U102/><E43/><V134/><F134/><W87/><G38/><T22/><D130/><U119/><E119/><V49/><F32/><W46/><G0/><T37/><D132/><U4/><E4/><V26/><F26/><W129/><G129/><T133/><D133/><U60/><E71/><V18/><F63/><W70/><G70/><T118/><D118/><U98/><E35/><V112/><F49/><W104/><G104/><T34/><D34/><U19/><REACH who="1" step="1"/><E103/><REACH who="1" ten="240,240,299,211" step="2"/><N who="2" m="62975" /><F112/><W80/><G80/><T42/><D79/><U2/><E2/><V30/><F75/><W108/><G108/><T5/><D42/><U51/><E51/><V96/><F72/><W61/><G61/><T39/><D39/><U36/><E36/><V77/><F77/><W106/><G106/><T6/><D37/><U62/><E62/><V89/><F48/><W105/><G105/><T40/><D40/><U15/><E15/><V17/><F12/><W109/><G109/><T52/><D82/><U93/><E93/><V123/><F83/><W73/><G73/><T59/><D94/><U14/><E14/><V92/><F92/><W29/><G81/><T7/><D76/><U53/><E53/><V110/><F110/><W111/><G111/><T24/><D55/><U69/><E69/><V114/><F114/><W56/><G64/><RYUUKYOKU ba="0,1" sc="240,-10,240,30,299,-10,211,-10" hai1="19,20,25,50,54,60,66,68,90,95,98,101,102" /><INIT seed="1,1,1,2,2,103" ten="230,270,289,201" oya="1" hai0="105,22,3,114,91,7,116,31,98,111,50,71,46" hai1="56,82,25,117,132,18,133,88,93,106,123,16,87" hai2="112,4,122,100,29,26,90,135,36,131,125,33,61" hai3="21,64,66,35,39,77,72,120,57,126,63,127,20"/><U130/><E117/><V78/><F78/><W28/><G120/><T37/><D114/><U75/><E123/><V23/><F90/><W17/><G39/><T73/><D116/><U129/><E106/><V12/><F100/><W96/><G35/><T79/><D111/><U99/><E56/><V107/><F61/><W134/><G134/><N who="1" m="51818" /><E75/><V68/><F23/><W80/><G96/><T86/><D71/><U65/><E65/><V34/><F12/><W76/><G76/><T115/><D115/><U81/><E81/><V13/><F26/><W48/><G48/><T51/><D73/><U58/><E58/><V67/><F13/><W70/><G70/><T110/><D79/><N who="1" m="46559" /><E25/><V43/><F67/><W113/><G66/><T19/><D110/><U97/><E97/><V8/><F68/><W94/><G113/><T44/><D105/><U45/><E45/><V47/><F107/><W0/><G64/><T5/><D98/><U14/><E18/><V119/><F122/><W1/><G57/><T62/><D19/><U10/><AGARI ba="1,1" hai="10,14,16,88,93,99,129,130" m="46559,51818" machi="10" ten="30,6000,0" yaku="20,1,54,2" doraHai="103" who="1" fromWho="1" sc="230,-21,270,73,289,-21,201,-21" /><INIT seed="1,2,0,1,4,4" ten="209,343,268,180" oya="1" hai0="58,21,77,54,44,102,130,110,6,67,132,42,97" hai1="82,2,9,113,116,114,63,107,92,16,131,62,27" hai2="73,93,55,112,22,40,90,88,104,1,81,79,95" hai3="133,75,41,7,117,11,29,71,13,48,36,125,12"/><U68/><E107/><V106/><F1/><W74/><G71/><T86/><D110/><U45/><E116/><V26/><F40/><W83/><G117/><T119/><D119/><U35/><E92/><V109/><F109/><W18/><G29/><T115/><D115/><U34/><E82/><V5/><F5/><W46/><G133/><T96/><D130/><U70/><E45/><V19/><F112/><W39/><G125/><T123/><D123/><U72/><E27/><V127/><F127/><W128/><G128/><T94/><D132/><U129/><E2/><V120/><F120/><W89/><G89/><T80/><D67/><U10/><E16/><V53/><F53/><W24/><G24/><T47/><D42/><U99/><E99/><V84/><REACH who="2" step="1"/><F55/><REACH who="2" ten="209,343,258,180" step="2"/><W23/><REACH who="3" step="1"/><G83/><REACH who="3" ten="209,343,258,170" step="2"/><T57/><D80/><U69/><E69/><V31/><F31/><W0/><G0/><T76/><D102/><U135/><E135/><V20/><F20/><W49/><G49/><T15/><D21/><U59/><E59/><V50/><F50/><W52/><G52/><T65/><D54/><U30/><E30/><V98/><AGARI ba="2,2" hai="19,22,26,73,79,81,84,88,90,93,95,98,104,106" machi="98" ten="20,12000,2" yaku="1,1,0,1,7,1,54,1,53,2" doraHai="4" doraHaiUra="91" who="2" fromWho="2" sc="209,-32,343,-62,258,146,170,-32" /><INIT seed="2,0,0,2,0,91" ten="177,281,404,138" oya="2" hai0="24,113,67,130,133,63,92,21,9,37,42,22,125" hai1="32,35,15,12,29,119,60,43,112,100,93,96,18" hai2="25,81,70,102,111,48,20,106,41,47,44,68,105" hai3="86,64,39,50,109,90,114,103,62,127,36,80,1"/><V69/><F111/><W121/><G121/><T115/><D133/><U134/><E112/><V95/><F81/><W17/><G114/><T54/><D130/><U56/><E119/><V49/><F95/><W123/><G123/><T55/><D125/><U88/><E134/><V107/><F102/><W129/><G1/><T126/><D126/><U83/><E43/><V6/><F6/><W7/><G7/><T110/><D110/><U75/><E29/><V116/><F116/><W2/><G2/><T72/><D72/><U46/><E46/><V66/><F66/><W28/><G109/><T3/><D42/><U45/><E45/><V53/><REACH who="2" step="1"/><F70/><REACH who="2" ten="177,281,394,138" step="2"/><W8/><G103/><T89/><D115/><U38/><E100/><V135/><F135/><W40/><G127/><T94/><D94/><U117/><E117/><V84/><F84/><W65/><G65/><T34/><D67/><U14/><E83/><V132/><F132/><W82/><G82/><T31/><D92/><U23/><E75/><V4/><F4/><W71/><G80/><T10/><D113/><U58/><E93/><V57/><F57/><W97/><G86/><T74/><D74/><U11/><E58/><V33/><F33/><W51/><G71/><T5/><D89/><U120/><E88/><V19/><AGARI ba="0,1" hai="19,20,25,41,44,47,48,49,53,68,69,105,106,107" machi="19" ten="30,3000,0" yaku="1,1,0,1,53,0" doraHai="91" doraHaiUra="99" who="2" fromWho="2" sc="177,-10,281,-10,394,40,138,-10" /><INIT seed="2,1,0,1,1,6" ten="167,271,434,128" oya="2" hai0="55,82,16,97,134,124,46,131,26,105,0,112,94" hai1="13,2,25,9,130,77,65,113,99,53,74,106,72" hai2="98,24,133,107,57,119,27,19,63,28,78,85,11" hai3="44,100,39,7,68,118,90,75,70,71,127,14,59"/><V64/><F119/><W132/><G118/><T35/><D112/><U38/><E113/><V129/><F129/><W51/><G75/><T3/><D134/><U32/><E130/><V117/><F117/><W22/><G132/><T58/><D131/><U40/><E65/><V60/><F133/><W110/><G100/><T50/><D124/><U52/><E106/><V86/><F107/><W95/><G39/><T108/><D108/><U61/><E99/><V20/><F98/><W114/><G114/><T29/><D105/><U79/><E61/><V111/><F111/><W80/><G80/><T45/><D82/><U30/><E2/><V47/><F78/><W34/><G34/><T69/><D69/><U102/><E102/><V43/><F60/><W37/><G37/><T96/><D96/><U4/><E79/><V73/><F73/><W36/><G36/><T5/><D16/><U125/><E125/><V67/><F67/><W15/><G127/><T115/><D115/><U21/><E32/><V126/><F126/><W121/><G121/><T109/><D109/><U93/><E93/><V56/><F56/><W49/><G59/><T33/><D33/><U17/><E17/><V81/><F81/><W66/><G66/><T83/><D83/><N who="1" m="45479" /><E74/><V128/><F128/><W87/><G110/><T23/><D35/><U41/><E38/><N who="2" m="22007" /><F27/><W8/><G44/><N who="0" m="17003" /><D5/><U103/><E103/><V120/><F120/><W1/><G1/><N who="0" m="587" /><D94/><U116/><E116/><V91/><F91/><W92/><G92/><T123/><D123/><U10/><E10/><V104/><F104/><W122/><G122/><RYUUKYOKU ba="1,0" sc="167,0,271,0,434,0,128,0" hai0="23,26,29,50,55,58,97" hai1="4,9,13,21,25,30,40,41,52,53" hai2="11,19,20,24,28,57,63,64,85,86" hai3="7,8,14,15,22,49,51,68,70,71,87,90,95" /><INIT seed="2,2,0,1,0,85" ten="167,271,434,128" oya="2" hai0="114,99,108,84,58,5,2,34,81,38,91,65,14" hai1="75,46,125,102,122,131,71,132,79,111,30,26,50" hai2="90,33,32,129,40,10,121,39,36,20,113,128,68" hai3="106,67,117,53,45,41,48,51,63,103,104,118,127"/><V24/><F68/><W112/><G112/><T15/><D114/><U22/><E71/><V19/><F113/><W93/><G127/><T49/><D38/><U120/><E102/><V66/><F66/><W55/><G41/><T95/><D108/><U130/><E111/><V57/><F121/><N who="1" m="46697" /><E132/><V97/><F57/><W11/><G93/><T74/><D74/><U7/><E7/><V89/><F10/><W12/><G103/><T52/><D34/><N who="2" m="13418" /><F97/><W8/><G8/><T18/><D18/><U109/><E109/><V31/><F31/><W80/><G80/><T123/><D123/><U13/><E13/><V60/><F60/><W69/><G106/><T92/><D92/><U87/><E125/><V64/><F64/><W28/><G28/><T134/><D134/><U42/><E87/><V83/><F83/><AGARI ba="2,0" hai="22,26,30,42,46,50,75,79,83,130,131" m="46697" machi="83" ten="30,1000,0" yaku="13,1" doraHai="85" who="1" fromWho="2" sc="167,0,271,16,434,-16,128,0" /><INIT seed="3,0,0,3,5,65" ten="167,287,418,128" oya="3" hai0="93,45,66,36,77,4,54,28,121,74,1,86,82" hai1="47,9,122,19,13,106,102,69,95,53,57,42,112" hai2="3,38,120,7,33,70,125,94,37,44,22,80,29" hai3="8,5,61,126,115,117,108,98,34,111,12,100,27"/><W88/><G117/><T71/><D121/><U119/><E112/><V18/><F120/><W114/><G126/><T101/><D28/><U129/><E122/><V92/><F70/><W41/><G41/><N who="0" m="22695" /><D54/><U40/><E106/><V14/><F125/><W134/><G61/><N who="0" m="40399" /><D86/><U63/><E129/><V20/><F80/><W39/><G39/><T35/><D93/><U118/><E69/><V15/><F44/><W43/><G43/><T72/><D101/><U83/><E83/><V127/><F127/><W16/><G134/><T56/><D56/><U99/><REACH who="1" step="1"/><E42/><REACH who="1" ten="167,277,418,128" step="2"/><V0/><F92/><N who="3" m="56583" /><G100/><T25/><D72/><U6/><E6/><V26/><F94/><W2/><G34/><T128/><D128/><U67/><E67/><V85/><F7/><W64/><G64/><T75/><D75/><U46/><E46/><V135/><F33/><W32/><G32/><T17/><D35/><U10/><E10/><V124/><F124/><W76/><G115/><T131/><D131/><U23/><E23/><V133/><F22/><N who="3" m="13767" /><G114/><T97/><D74/><U90/><E90/><V62/><F135/><W89/><G89/><T91/><D91/><U11/><E11/><V84/><F133/><W21/><G76/><T104/><D77/><U31/><E31/><V130/><F29/><W96/><G96/><T68/><D97/><U105/><E105/><V58/><F130/><W59/><G59/><T123/><D104/><U52/><E52/><V48/><F58/><W78/><G78/><T132/><D132/><U116/><E116/><V24/><F38/><AGARI ba="0,1" hai="9,13,19,38,40,47,53,57,63,95,99,102,118,119" machi="38" ten="40,1300,0" yaku="1,1,53,0" doraHai="65" doraHaiUra="87" who="1" fromWho="2" sc="167,0,277,23,418,-13,128,0" /><INIT seed="4,0,0,5,2,131" ten="167,300,405,128" oya="0" hai0="91,5,100,57,121,19,59,73,96,2,31,46,26" hai1="47,40,21,22,36,0,93,45,7,62,123,29,52" hai2="125,77,72,135,9,86,24,49,42,108,133,37,81" hai3="27,74,55,94,116,114,56,44,105,120,102,117,83"/><T3/><D121/><U127/><E123/><V110/><F125/><W107/><G120/><T79/><D91/><U39/><E127/><V97/><F97/><W82/><G44/><T78/><D19/><U53/><E0/><V112/><F112/><W1/><G1/><T132/><D3/><U75/><E75/><V33/><F9/><W8/><G8/><T16/><D2/><U64/><E7/><V134/><F37/><W118/><G114/><T128/><D5/><U109/><E93/><V6/><F6/><W61/><G94/><N who="0" m="58391" /><D73/><U65/><E29/><N who="2" m="19623" /><F72/><W95/><G95/><T119/><D119/><U66/><E22/><V92/><F92/><W111/><G111/><T80/><D46/><AGARI ba="0,0" hai="42,46,49,77,81,86,108,110,133,134,135" m="19623" machi="46" ten="30,7700,0" yaku="20,1,52,3" doraHai="131" who="2" fromWho="0" sc="167,-77,300,0,405,77,128,0" /><INIT seed="5,0,0,0,5,81" ten="90,300,482,128" oya="1" hai0="126,118,19,130,57,52,131,135,13,31,11,53,95" hai1="132,28,0,80,34,89,30,29,124,112,125,96,108" hai2="113,10,104,21,44,68,78,72,12,86,25,122,45" hai3="116,4,99,62,24,64,42,33,36,70,1,75,49"/><U106/><E0/><V114/><F122/><W102/><G116/><T110/><D110/><U105/><E112/><N who="2" m="43115" /><F72/><W91/><G75/><T17/><D118/><U77/><E132/><V107/><F68/><W117/><G117/><T26/><D126/><N who="1" m="48747" /><E34/><V18/><F78/><W50/><G91/><T2/><D135/><U88/><E108/><V84/><F45/><W51/><G36/><T129/><D2/><U67/><E67/><V56/><F56/><W15/><G1/><T87/><D19/><U37/><E37/><V85/><F44/><W8/><G42/><T41/><D41/><U98/><E98/><V109/><F109/><W123/><G123/><T120/><D120/><U119/><E119/><V92/><F92/><W40/><G40/><T76/><D57/><U94/><E89/><V73/><F73/><AGARI ba="0,0" hai="28,29,30,73,77,80,88,94,96,105,106" m="48747" machi="73" ten="30,2900,0" yaku="18,1,54,1" doraHai="81" who="1" fromWho="2" sc="90,0,300,29,482,-29,128,0" /><INIT seed="5,1,0,4,3,107" ten="90,329,453,128" oya="1" hai0="53,79,17,76,60,15,45,77,55,96,38,73,100" hai1="48,99,27,123,74,56,90,3,37,16,64,117,102" hai2="71,128,13,94,114,51,121,24,98,126,122,109,72" hai3="92,21,124,118,28,0,11,112,29,105,14,135,132"/><U83/><E37/><V57/><F71/><W134/><G105/><T95/><D73/><U18/><E3/><V40/><F72/><W131/><G92/><T43/><REACH who="0" step="1"/><D60/><REACH who="0" ten="80,329,453,128" step="2"/><U82/><E74/><V80/><F122/><W52/><G118/><T75/><D75/><U108/><E123/><V67/><F121/><W61/><G112/><T46/><D46/><U50/><E117/><V113/><F114/><W19/><G131/><T25/><D25/><U41/><E27/><V125/><F24/><N who="3" m="14399" /><G124/><T47/><D47/><N who="1" m="25711" /><E108/><V88/><F109/><W81/><G132/><T65/><D65/><U10/><E64/><V116/><F67/><W9/><G134/><T44/><D44/><U85/><E82/><V33/><F128/><W2/><G135/><T103/><D103/><U49/><E56/><V59/><F80/><W35/><G81/><T69/><D69/><U93/><E10/><AGARI ba="1,1" hai="10,15,17,38,43,45,53,55,76,77,79,95,96,100" machi="10" ten="40,1300,0" yaku="1,1,53,0" doraHai="107" doraHaiUra="120" who="0" fromWho="1" sc="80,26,329,-16,453,0,128,0" /><INIT seed="6,0,0,1,0,114" ten="106,313,453,128" oya="2" hai0="69,29,101,6,98,62,119,73,132,75,87,95,93" hai1="45,0,121,84,100,49,96,116,70,21,71,135,77" hai2="94,10,7,3,16,56,115,124,65,14,12,80,5" hai3="97,8,33,44,85,99,28,26,48,81,109,83,128"/><V46/><F115/><W120/><G120/><T52/><D132/><U130/><E0/><V58/><F124/><W54/><G109/><T66/><D119/><U86/><E21/><V47/><F3/><W34/><G34/><T23/><D6/><N who="2" m="2058" /><F80/><W107/><G128/><T102/><D29/><U78/><E49/><V76/><F76/><W36/><G36/><T30/><D30/><U92/><E45/><N who="2" m="16907" /><F65/><W38/><G38/><T82/><D23/><U118/><E71/><V90/><F14/><W60/><G8/><T31/><D31/><U104/><E70/><V42/><F42/><W35/><G35/><T57/><D101/><U122/><E135/><V32/><F32/><W27/><G27/><T125/><D95/><U61/><E61/><V106/><F106/><W72/><G107/><T39/><D39/><U64/><E64/><V91/><F91/><W67/><G72/><T110/><D110/><U41/><E41/><V50/><F50/><W4/><G4/><T2/><D2/><U19/><E130/><V1/><F1/><W63/><G63/><T20/><D20/><U68/><E68/><V15/><F12/><W117/><G81/><T43/><D43/><U9/><E9/><V40/><F40/><W126/><G126/><T74/><D125/><U111/><E111/><V37/><F37/><W127/><G127/><T131/><D131/><U105/><E100/><V123/><F123/><W133/><G133/><T25/><D25/><U11/><E11/><V112/><F112/><W113/><G113/><T89/><D69/><U108/><E108/><V134/><F134/><RYUUKYOKU ba="0,0" sc="106,15,313,-15,453,15,128,-15" hai0="52,57,62,66,73,74,75,82,87,89,93,98,102" hai2="10,15,16,56,58,90,94" /><INIT seed="6,1,0,5,5,69" ten="121,298,468,113" oya="2" hai0="116,50,46,10,109,58,47,110,104,18,8,82,36" hai1="130,119,115,91,95,64,35,61,43,28,52,14,112" hai2="128,98,11,54,6,90,105,56,24,132,85,62,76" hai3="97,120,40,59,108,0,75,51,81,66,114,80,21"/><V125/><F128/><W106/><G120/><T5/><D104/><U20/><E119/><V22/><F132/><W83/><G0/><T78/><D116/><U33/><E43/><V2/><F125/><W15/><G108/><T113/><D113/><U127/><E52/><V99/><F76/><W39/><G114/><N who="1" m="43562" /><E130/><V94/><F105/><W17/><G75/><N who="0" m="43359" /><D10/><U122/><E122/><V30/><AGARI ba="1,0" hai="2,6,11,22,24,30,54,56,62,85,90,94,98,99" machi="30" ten="20,2100,0" yaku="0,1,7,1" doraHai="69" who="2" fromWho="2" sc="121,-8,298,-8,468,24,113,-8" /><INIT seed="6,2,0,1,3,26" ten="113,290,492,105" oya="2" hai0="133,84,104,130,17,67,19,0,14,29,39,77,134" hai1="36,40,64,89,50,6,63,128,101,7,3,83,125" hai2="95,72,37,69,73,121,86,122,65,129,114,124,110" hai3="131,117,15,44,96,49,90,18,113,38,31,55,12"/><V68/><F95/><W135/><G117/><T5/><D130/><U20/><E3/><V45/><F86/><W21/><G135/><N who="0" m="51723" /><D39/><U119/><E36/><V100/><F100/><W99/><G38/><T105/><D67/><U32/><E50/><V35/><F35/><W82/><G131/><T103/><D0/><U92/><E63/><N who="2" m="39999" /><F73/><W116/><G116/><T52/><D29/><U42/><E32/><V11/><F11/><W4/><G113/><T13/><D5/><U28/><E6/><V10/><F72/><W93/><G82/><N who="0" m="47183" /><D52/><U123/><E7/><V34/><F10/><N who="3" m="4167" /><G31/><T57/><D57/><U98/><E28/><V91/><F69/><W51/><G51/><T76/><D76/><U58/><E20/><V111/><F37/><W87/><AGARI ba="2,0" hai="15,18,21,44,49,55,87,90,93,96,99" m="4167" machi="87" ten="30,1100,0" yaku="8,1" doraHai="26" who="3" fromWho="3" sc="113,-5,290,-5,492,-7,105,17" /><INIT seed="7,0,0,5,3,98" ten="108,285,485,122" oya="3" hai0="131,31,16,72,93,91,41,8,74,44,26,0,126" hai1="23,76,20,102,88,66,96,125,70,99,65,105,51" hai2="37,21,78,50,2,15,56,113,42,24,5,124,1" hai3="64,132,79,49,43,52,122,4,115,73,123,9,10"/><W112/><G132/><T68/><D68/><U117/><E76/><V36/><F56/><W134/><G134/><T19/><D131/><U30/><E51/><V59/><F59/><N who="3" m="33167" /><G64/><T114/><D126/><U25/><E70/><V121/><F78/><W119/><G119/><T33/><D114/><N who="3" m="43561" /><G43/><T29/><D29/><U18/><E125/><V92/><F42/><W34/><G34/><T63/><D63/><U94/><E117/><V48/><F124/><W60/><G60/><T97/><D0/><U86/><E99/><V35/><F2/><N who="3" m="151" /><G10/><T127/><D127/><U39/><E39/><V100/><F35/><W69/><G69/><T58/><D58/><U62/><E62/><V84/><F37/><W103/><G103/><T101/><D101/><U22/><E22/><V116/><F21/><W83/><AGARI ba="0,0" hai="73,79,83,122,123" m="151,43561,33167" machi="83" ten="30,3000,0" yaku="15,1,54,1" doraHai="98" who="3" fromWho="3" sc="108,-10,285,-10,485,-10,122,30" /><INIT seed="7,1,0,2,2,125" ten="98,275,475,152" oya="3" hai0="44,105,55,51,78,93,104,40,74,68,9,90,88" hai1="2,39,6,17,73,110,32,81,76,16,84,92,37" hai2="82,47,60,57,129,131,127,22,61,108,75,117,101" hai3="70,30,53,34,122,25,133,87,135,35,120,23,12"/><W43/><G70/><T0/><D68/><U130/><E32/><V109/><F117/><W95/><G43/><T31/><D31/><U65/><E65/><V48/><F127/><W96/><G87/><T64/><D64/><U54/><E110/><V134/><F101/><W71/><G71/><T20/><D20/><U36/><E130/><N who="2" m="49675" /><F134/><N who="3" m="51211" /><G53/><T58/><D90/><U10/><E54/><N who="2" m="31943" /><F22/><W91/><G12/><T126/><D126/><U118/><E118/><V59/><F47/><W21/><G21/><T102/><D102/><U13/><E2/><V38/><F38/><W45/><G45/><T85/><D9/><U29/><E29/><V83/><F61/><W27/><G35/><T33/><D0/><U111/><E111/><N who="2" m="42571" /><F75/><W112/><G112/><T97/><D74/><U106/><E73/><V52/><AGARI ba="1,0" hai="52,59,60,82,83" m="42571,31943,49675" machi="52" ten="30,8000,1" yaku="19,1,52,3,54,1" doraHai="125" who="2" fromWho="2" sc="98,-21,275,-21,475,83,152,-41" owari="77,-42.0,254,5.0,558,66.0,111,-29.0" /></mjloggm>