<mjloggm ver="2.3"><GO type="169" lobby="0"/><UN n0="%50%41%48%75%6E%74%65%72" n1="%4D%4F%44" n2="%E3%83%88%E3%83%88%E3%83%AA%E5%85%88%E7%94%9F%31%39%E6%AD%B3" n3="%E5%AD%94%E9%9B%80%E7%8E%8B" dan="17,17,19,16" rate="2113.20,2212.00,2266.84,2053.67" sx="M,M,F,M"/><TAIKYOKU oya="0"/><INIT seed="0,0,0,3,3,115" ten="250,250,250,250" oya="0" hai0="114,12,80,113,16,99,76,36,7,129,97,40,92" hai1="93,121,54,6,96,111,104,2,123,60,134,10,87" hai2="108,19,83,66,38,62,127,43,88,42,48,45,70" hai3="52,107,39,13,20,29,28,51,133,72,1,46,67"/><T116/><D7/><U25/><E111/><V21/><F108/><W75/><G1/><T4/><D4/><U14/><E134/><V119/><F127/><W26/><G133/><T50/><D36/><U85/><E2/><V131/><F131/><W31/><G107/><T102/><D99/><U65/><E54/><V17/><F119/><W53/><G39/><T86/><D129/><U24/><E104/><V128/><F128/><W103/><G103/><T89/><D116/><U90/><E123/><V57/><F21/><W55/><G67/><T77/><D114/><U125/><E125/><V64/><F64/><W101/><G101/><T117/><D117/><U35/><E121/><V47/><REACH who="2" step="1"/><F70/><REACH who="2" ten="250,250,240,250" step="2"/><W44/><G13/><T18/><D113/><U37/><E35/><V22/><F22/><W56/><G20/><N who="0" m="11271" /><D18/><U27/><REACH who="1" step="1"/><E37/><REACH who="1" ten="250,240,240,250" step="2"/><V135/><F135/><W23/><G44/><AGARI ba="0,2" hai="40,44,50,76,77,80,86,89,92,97,102" m="11271" machi="44" ten="30,2900,0" yaku="8,1,54,1" doraHai="115" who="0" fromWho="3" sc="250,49,240,0,240,0,250,-29" /><INIT seed="0,1,0,3,3,115" ten="299,240,240,221" oya="0" hai0="131,134,65,7,111,118,87,101,135,46,112,8,54" hai1="102,33,20,32,24,97,12,1,103,76,0,70,16" hai2="83,100,38,25,27,26,110,14,86,96,15,84,117" hai3="130,85,28,59,41,18,82,123,113,34,60,2,40"/><T78/><D112/><U121/><E121/><V50/><F38/><W72/><G113/><T37/><D101/><U106/><E103/><V62/><F110/><W133/><G72/><T95/><D65/><U90/><E76/><V132/><F132/><N who="0" m="50730" /><D111/><U99/><E70/><V98/><F117/><W30/><G130/><T39/><D131/><U43/><E43/><V31/><F31/><W77/><G2/><T36/><D118/><U109/><E109/><V104/><F104/><W58/><G133/><T127/><D127/><U88/><E33/><V129/><F129/><W45/><G59/><T19/><D19/><U81/><E81/><V92/><F98/><W64/><G123/><T119/><D119/><U128/><E128/><V68/><F83/><W6/><G6/><T69/><D69/><U107/><E107/><V10/><F15/><W52/><G18/><T56/><D46/><U29/><REACH who="1" step="1"/><E90/><REACH who="1" ten="299,230,240,221" step="2"/><V74/><F68/><W93/><G34/><T44/><D78/><U122/><E122/><V66/><F100/><W116/><G77/><T35/><D35/><U105/><E105/><V126/><F74/><W55/><G116/><T47/><D95/><AGARI ba="1,1" hai="0,1,12,16,20,24,29,32,88,95,97,99,102,106" machi="95" ten="40,5200,0" yaku="1,1,54,2,53,0" doraHai="115" doraHaiUra="61" who="1" fromWho="0" sc="299,-55,230,65,240,0,221,0" /><INIT seed="1,0,0,2,4,15" ten="244,295,240,221" oya="1" hai0="103,94,92,54,19,126,93,16,33,23,1,52,58" hai1="129,51,85,12,99,44,41,35,9,76,117,71,20" hai2="122,38,31,36,46,116,89,68,79,87,53,5,100" hai3="8,13,18,80,135,63,97,69,37,96,56,110,66"/><U47/><E117/><V72/><F116/><W21/><G110/><T74/><D74/><U84/><E35/><V128/><F122/><W121/><G121/><T105/><D33/><U49/><E71/><V50/><F68/><W7/><G135/><T11/><D126/><U62/><E129/><V55/><F128/><W73/><G37/><T90/><D54/><U78/><E62/><V2/><F31/><W82/><G69/><T123/><D123/><U4/><E99/><N who="3" m="37962" /><G73/><T60/><D105/><U59/><E59/><V124/><F124/><W107/><G107/><T91/><D103/><U131/><E131/><V83/><F100/><W109/><G109/><T102/><D102/><U27/><E78/><V10/><REACH who="2" step="1"/><F55/><REACH who="2" ten="244,295,230,221" step="2"/><W106/><G106/><T119/><D119/><U77/><E76/><V24/><F24/><AGARI ba="0,1" hai="7,8,13,18,21,24,56,63,66,80,82" m="37962" machi="24" ten="30,2000,0" yaku="8,1,52,1" doraHai="15" who="3" fromWho="2" sc="244,0,295,0,230,-20,221,30" /><INIT seed="2,0,0,5,2,77" ten="244,295,210,251" oya="2" hai0="98,99,109,2,66,25,75,30,3,12,135,52,126" hai1="85,92,65,102,37,6,59,20,117,76,39,33,82" hai2="73,63,125,38,45,24,120,50,1,67,101,15,128" hai3="69,51,72,57,53,97,122,95,44,80,90,83,130"/><V28/><F120/><W89/><G122/><T14/><D75/><U60/><E33/><V18/><F1/><W115/><G69/><T13/><D66/><U108/><E117/><V127/><F38/><W87/><G130/><T21/><D126/><U121/><E121/><V119/><F119/><W91/><G115/><T43/><D43/><U114/><E114/><V8/><F73/><W124/><G124/><T104/><D135/><U132/><E132/><V79/><F79/><W46/><G72/><T22/><D109/><U78/><E108/><V54/><F101/><W5/><G5/><T16/><D104/><U112/><E112/><V103/><F103/><W40/><G40/><T23/><D3/><U36/><E6/><V4/><F4/><W96/><G96/><N who="0" m="36907" /><D2/><U106/><E106/><V113/><F113/><W27/><G27/><T131/><D131/><U10/><E10/><V68/><REACH who="2" step="1"/><F128/><REACH who="2" ten="244,295,200,251" step="2"/><W133/><G133/><T48/><D30/><U61/><E102/><V81/><F81/><W41/><G41/><T118/><D118/><U93/><E78/><V62/><F62/><W105/><G105/><T55/><D55/><U9/><E61/><V0/><F0/><W134/><G134/><T19/><D25/><U35/><E60/><V100/><F100/><W116/><G116/><T110/><D110/><U49/><E39/><V17/><F17/><W31/><G31/><T111/><D111/><U58/><E37/><V34/><AGARI ba="0,1" hai="8,15,18,24,28,34,45,50,54,63,67,68,125,127" machi="34" ten="30,3000,0" yaku="1,1,0,1,53,0" doraHai="77" doraHaiUra="70" who="2" fromWho="2" sc="244,-10,295,-10,200,40,251,-10" /><INIT seed="2,1,0,2,0,66" ten="234,285,240,241" oya="2" hai0="45,29,52,114,64,101,75,22,41,125,89,129,91" hai1="120,15,50,11,76,58,8,81,4,92,69,18,79" hai2="33,93,5,62,20,74,96,27,98,118,119,57,78" hai3="26,23,103,13,110,122,115,25,72,37,49,65,44"/><V2/><F33/><W83/><G122/><T42/><D75/><U61/><E120/><V80/><F5/><W109/><G37/><T97/><D114/><U127/><E127/><V111/><F2/><W126/><G126/><T7/><D125/><U121/><E121/><V55/><F111/><N who="3" m="42507" /><G115/><T77/><D77/><U107/><E107/><V16/><REACH who="2" step="1"/><F98/><REACH who="2" ten="234,285,230,241" step="2"/><W59/><G13/><T68/><D7/><U113/><E15/><V108/><F108/><W10/><G26/><T36/><D129/><U21/><E4/><V40/><F40/><W30/><G25/><T73/><D42/><U105/><E113/><V85/><F85/><W112/><G72/><T88/><D73/><U12/><E12/><V35/><F35/><W70/><G112/><T31/><D97/><U117/><E117/><V38/><F38/><W87/><G87/><T1/><D1/><U82/><E11/><V130/><F130/><W133/><G10/><T67/><D41/><U124/><E8/><V3/><F3/><W46/><G23/><T43/><D22/><U128/><E21/><V28/><F28/><W86/><G30/><T17/><D31/><U106/><E124/><V14/><F14/><W39/><G39/><T9/><D29/><U63/><E128/><V95/><F95/><W135/><G86/><T56/><D9/><U102/><E92/><V19/><F19/><W24/><G24/><T48/><D17/><U84/><E18/><V71/><F71/><W90/><G70/><T60/><D67/><U123/><E123/><V47/><F47/><W51/><G65/><T99/><D99/><RYUUKYOKU ba="1,1" sc="234,15,285,-15,230,15,241,-15" hai0="36,43,45,48,52,56,60,64,68,88,89,91,101" hai2="16,20,27,55,57,62,74,78,80,93,96,118,119" /><INIT seed="2,2,1,0,1,27" ten="249,270,245,226" oya="2" hai0="93,36,72,74,109,66,41,120,51,34,134,107,114" hai1="77,102,53,60,54,5,105,73,115,21,37,20,94" hai2="124,125,15,113,121,1,16,108,32,7,97,39,31" hai3="17,131,44,10,79,100,130,99,91,49,14,42,55"/><V89/><F113/><W81/><G91/><T18/><D114/><U90/><E37/><V68/><F39/><W101/><G42/><T50/><D120/><U96/><E115/><V43/><F43/><W76/><G76/><T86/><D107/><U82/><E5/><V26/><F68/><W22/><G10/><T85/><D66/><U11/><E11/><N who="2" m="2543" /><F89/><W116/><G116/><T112/><D112/><U111/><E111/><V19/><F97/><W69/><G69/><T40/><D36/><U2/><E2/><V30/><F121/><W12/><G12/><T70/><D70/><U65/><E65/><V71/><F71/><W29/><G29/><N who="2" m="10761" /><F32/><W132/><G99/><T38/><D38/><U59/><REACH who="1" step="1"/><E54/><REACH who="1" ten="249,260,245,226" step="2"/><V33/><F108/><W45/><G55/><T23/><D109/><U127/><E127/><N who="2" m="48715" /><F15/><W110/><G14/><T35/><D35/><U63/><E63/><V78/><F78/><W88/><G79/><T128/><D34/><U9/><E9/><V117/><F117/><W6/><G110/><T0/><D41/><U119/><E119/><V13/><F13/><W64/><G64/><T104/><D40/><U126/><E126/><V28/><AGARI ba="2,2" hai="16,19,26,28,33" m="48715,10761,2543" machi="28" ten="30,24000,3" yaku="18,1,34,2,52,4,54,1" doraHai="27" who="2" fromWho="2" sc="249,-82,260,-82,245,266,226,-82" /><INIT seed="2,3,0,5,1,75" ten="167,178,511,144" oya="2" hai0="95,125,88,11,89,38,31,4,32,20,94,108,61" hai1="53,35,132,48,12,115,39,76,124,84,17,104,18" hai2="55,7,107,19,42,109,67,58,30,60,80,8,73" hai3="86,126,46,82,130,101,16,51,52,96,97,23,24"/><V10/><F107/><W105/><G130/><T110/><D38/><U119/><E119/><V40/><F109/><N who="0" m="42090" /><D61/><U92/><E115/><V63/><F30/><W0/><G0/><T128/><D32/><U14/><E104/><V66/><F55/><W70/><G70/><T131/><D31/><U21/><E39/><V122/><F122/><W135/><G135/><T27/><D27/><U87/><E132/><V100/><F100/><W50/><G126/><T54/><D54/><U83/><E35/><V121/><F19/><W111/><G111/><T26/><D26/><U77/><E124/><V25/><F25/><W49/><REACH who="3" step="1"/><G97/><REACH who="3" ten="167,178,511,134" step="2"/><N who="0" m="57543" /><D125/><U106/><E106/><V103/><F121/><W59/><G59/><T133/><D133/><U120/><E120/><V41/><F58/><W44/><G44/><T117/><D117/><U118/><E118/><V114/><F114/><W28/><G28/><T56/><D56/><N who="1" m="32807" /><E92/><V116/><F116/><W90/><AGARI ba="3,1" hai="16,23,24,46,49,50,51,52,82,86,90,96,101,105" machi="90" ten="20,12000,2" yaku="1,1,0,1,7,1,54,2,53,1" doraHai="75" doraHaiUra="43" who="3" fromWho="3" sc="167,-33,178,-33,511,-63,134,139" /><INIT seed="3,0,0,3,3,60" ten="134,145,448,273" oya="3" hai0="121,106,93,65,58,31,47,108,69,111,28,84,134" hai1="54,66,55,38,99,94,25,59,76,56,82,46,49" hai2="2,53,19,30,1,78,77,50,67,112,20,15,125" hai3="118,113,14,7,61,12,128,23,75,33,91,102,74"/><W110/><G33/><T85/><D106/><U100/><E38/><V120/><F112/><W135/><G113/><T105/><D105/><U52/><E25/><N who="2" m="16679" /><F2/><W86/><G118/><T5/><D5/><U63/><REACH who="1" step="1"/><E59/><REACH who="1" ten="134,135,448,273" step="2"/><V70/><F70/><W51/><G110/><N who="0" m="42027" /><D69/><U16/><E16/><V122/><F19/><W13/><G7/><T89/><D121/><U11/><E11/><V0/><F120/><W116/><G116/><T97/><D134/><U72/><AGARI ba="0,1" hai="46,49,52,54,55,56,63,66,72,76,82,94,99,100" machi="72" ten="20,8000,1" yaku="1,1,0,1,7,1,52,1,54,1,53,0" doraHai="60" doraHaiUra="124" who="1" fromWho="1" sc="134,-20,135,90,448,-20,273,-40" /><INIT seed="4,0,0,1,1,27" ten="114,225,428,233" oya="0" hai0="130,56,19,45,89,59,26,3,100,24,53,12,32" hai1="82,63,119,135,98,37,85,1,111,121,66,25,113" hai2="87,133,131,120,55,104,30,95,8,115,64,21,34" hai3="40,92,84,70,4,134,118,108,127,52,132,5,71"/><T0/><D130/><U97/><E111/><V86/><F104/><W69/><G108/><T96/><D89/><U39/><E119/><V60/><F120/><W103/><G118/><T44/><D26/><U15/><E1/><V47/><F34/><W105/><G127/><T112/><D112/><U62/><E121/><V14/><F131/><W99/><G40/><T83/><D83/><U57/><E135/><N who="3" m="51754" /><G52/><T18/><D3/><U122/><E122/><V58/><F133/><W51/><G51/><T46/><D0/><U125/><E125/><V128/><F128/><W110/><G110/><T93/><D53/><U124/><E124/><V114/><F95/><W7/><G84/><T16/><REACH who="0" step="1"/><D12/><REACH who="0" ten="104,225,428,233" step="2"/><U48/><E15/><V41/><F55/><W11/><G103/><T65/><D65/><U126/><E126/><V76/><F114/><W117/><G117/><T23/><D23/><U67/><E113/><V90/><F90/><W106/><G11/><T22/><D22/><U81/><E25/><N who="2" m="16687" /><F115/><W20/><G20/><T107/><D107/><U88/><E82/><V13/><F13/><W109/><G109/><T29/><AGARI ba="0,1" hai="16,18,19,24,29,32,44,45,46,56,59,93,96,100" machi="29" ten="40,12000,1" yaku="1,1,0,1,52,1,54,1,53,0" doraHai="27" doraHaiUra="129" who="0" fromWho="0" sc="104,130,225,-40,428,-40,233,-40" /><INIT seed="4,1,0,3,1,68" ten="234,185,388,193" oya="0" hai0="115,82,0,23,124,62,73,12,110,94,111,88,67" hai1="75,38,89,116,79,53,106,93,112,56,30,16,2" hai2="61,131,98,113,6,35,54,129,25,85,49,105,71" hai3="47,24,92,46,7,44,42,76,130,15,81,99,86"/><T59/><D0/><U13/><E116/><V107/><F113/><W97/><G130/><N who="2" m="49673" /><F6/><W102/><G24/><T126/><D115/><U19/><E106/><V17/><F98/><W135/><G135/><T95/><D12/><U96/><E2/><V123/><F123/><W26/><G26/><T34/><D23/><U10/><E112/><V121/><F121/><W120/><G120/><T55/><D34/><U52/><E30/><V83/><F61/><W74/><G99/><N who="0" m="57799" /><D95/><U117/><E117/><V21/><F71/><W114/><G114/><T11/><D11/><U90/><E38/><V4/><F4/><W39/><REACH who="3" step="1"/><G74/><REACH who="3" ten="234,185,388,183" step="2"/><T28/><D28/><U18/><E75/><V45/><F35/><W37/><G37/><T40/><D40/><U132/><E132/><V118/><F118/><W31/><G31/><T63/><D73/><U87/><E79/><AGARI ba="1,1" hai="17,21,25,45,49,54,79,83,85,105,107" m="49673" machi="79" ten="30,1000,0" yaku="19,1" doraHai="68" who="2" fromWho="1" sc="234,0,185,-13,388,23,183,0" /><INIT seed="5,0,0,2,3,27" ten="234,172,411,183" oya="1" hai0="12,97,31,43,34,106,0,18,118,112,119,16,38" hai1="128,104,35,30,24,47,116,82,23,36,75,58,59" hai2="54,78,127,32,121,13,26,57,37,111,17,6,25" hai3="126,52,44,109,68,98,9,64,134,56,15,107,105"/><U55/><E116/><V114/><F111/><W95/><G109/><T120/><D38/><U85/><E128/><V100/><F121/><W80/><G134/><T86/><D43/><U89/><E104/><V131/><F37/><W66/><G126/><T14/><D86/><U130/><E130/><V73/><F6/><W65/><G68/><T123/><D97/><U63/><E75/><V49/><F131/><W5/><G80/><T53/><D53/><U115/><E115/><V129/><F129/><W29/><G44/><T45/><D45/><U69/><E69/><V122/><F122/><N who="0" m="46634" /><D106/><U96/><E96/><V3/><F3/><W94/><G29/><T74/><D74/><U46/><E36/><V4/><F54/><W10/><G10/><N who="0" m="6167" /><D0/><U83/><E35/><V101/><F32/><W7/><G95/><T108/><D108/><U51/><REACH who="1" step="1"/><E82/><REACH who="1" ten="234,162,411,183" step="2"/><V110/><F73/><W88/><REACH who="3" step="1"/><G7/><REACH who="3" ten="234,162,411,173" step="2"/><T132/><D132/><U87/><E87/><V62/><F4/><W76/><G76/><T70/><D70/><U72/><E72/><V2/><F78/><W113/><G113/><T33/><D112/><U19/><E19/><V117/><F17/><W8/><G8/><N who="0" m="6471" /><D31/><U92/><E92/><V77/><F77/><W21/><G21/><T93/><D93/><U61/><E61/><AGARI ba="0,2" hai="5,9,15,52,56,61,64,65,66,88,94,98,105,107" machi="61" ten="40,5200,0" yaku="1,1,54,2,53,0" doraHai="27" doraHaiUra="99" who="3" fromWho="1" sc="234,0,162,-52,411,0,173,72" /><INIT seed="6,0,0,3,1,55" ten="234,110,411,245" oya="2" hai0="14,60,13,52,86,80,81,76,36,21,29,106,127" hai1="123,9,62,118,115,32,50,19,35,48,97,129,7" hai2="47,130,116,101,28,23,16,8,71,44,12,78,63" hai3="5,27,87,102,110,24,22,90,72,93,42,131,40"/><V109/><F116/><W18/><G72/><T107/><D36/><U121/><E118/><V125/><F130/><W117/><G110/><T66/><D127/><U43/><E129/><V68/><F125/><W82/><G117/><T79/><D107/><U132/><E115/><V33/><F33/><W105/><G105/><T38/><D38/><U128/><E128/><V65/><F68/><W89/><G102/><T88/><D106/><U69/><E132/><V99/><F78/><W51/><G5/><T91/><D66/><U73/><E73/><V114/><F114/><W113/><G113/><T41/><D41/><U108/><E108/><V61/><F61/><W10/><G10/><T30/><D14/><U94/><E35/><V20/><F109/><W70/><G70/><T59/><D30/><U103/><E32/><V15/><F23/><N who="3" m="13815" /><G51/><T45/><D45/><U75/><E75/><V53/><F28/><N who="3" m="17431" /><G131/><T77/><D77/><U31/><E69/><V64/><F71/><W4/><G4/><T84/><D13/><U26/><E123/><V57/><F44/><W1/><G1/><T96/><D96/><AGARI ba="0,0" hai="40,42,82,87,89,90,93,96" m="17431,13815" machi="96" ten="30,1000,0" yaku="8,1" doraHai="55" who="3" fromWho="0" sc="234,-10,110,0,411,0,245,10" /><INIT seed="7,0,0,0,5,11" ten="224,110,411,255" oya="3" hai0="83,73,56,20,134,55,105,69,35,34,124,119,100" hai1="19,67,47,129,36,84,10,16,110,58,9,76,114" hai2="93,122,22,45,57,50,43,112,28,17,101,18,63" hai3="3,74,21,115,117,7,79,111,46,29,118,38,108"/><W27/><G74/><T91/><D69/><U0/><E114/><V75/><F75/><W81/><G115/><T5/><D119/><U120/><E129/><V24/><F112/><W70/><G70/><T62/><D124/><U48/><E120/><V26/><F122/><W13/><G81/><T2/><D134/><U106/><E106/><V116/><F116/><W135/><G79/><T82/><D82/><U52/><E110/><N who="3" m="42026" /><G38/><T65/><D55/><U60/><E76/><V23/><F28/><W109/><G46/><T98/><D20/><U51/><E36/><V32/><F32/><W113/><G113/><T133/><D133/><U126/><E126/><V49/><F49/><W66/><G66/><T61/><D61/><U53/><E84/><V94/><F101/><W102/><G102/><T44/><D44/><U12/><E0/><V86/><F86/><W104/><G104/><T25/><D73/><U95/><E95/><V42/><F43/><W97/><G97/><T54/><D83/><U78/><E78/><V4/><F4/><W127/><G135/><T37/><D37/><U128/><E128/><V39/><F39/><W59/><G127/><T68/><D5/><N who="1" m="3119" /><E10/><V14/><F26/><W71/><G109/><T77/><D77/><U125/><E125/><V64/><AGARI ba="0,0" hai="14,17,18,22,23,24,42,45,50,57,63,64,93,94" machi="64" ten="20,5200,0" yaku="0,1,7,1,8,1,52,1" doraHai="11" who="2" fromWho="2" sc="224,-13,110,-13,411,52,255,-26" owari="211,-19.0,97,-40.0,463,56.0,229,3.0" /></mjloggm>