<mjloggm ver="2.3"><GO type="169" lobby="0"/><UN n0="%E5%B1%81%E8%83%A1%E6%89%8B" n1="%E3%81%82%E3%81%84%E3%81%A0%E3%81%A6" n2="%E3%83%88%E3%83%88%E3%83%AA%E5%85%88%E7%94%9F%31%39%E6%AD%B3" n3="%E3%83%A4%E3%83%83%E3%82%BF%E3%83%AB%E3%83%81%E3%83%A3%E3%83%B3" dan="16,16,19,16" rate="2088.48,2117.53,2257.25,2156.97" sx="F,M,F,M"/><TAIKYOKU oya="0"/><INIT seed="0,0,0,3,5,135" ten="250,250,250,250" oya="0" hai0="110,41,132,72,96,102,69,38,70,120,128,97,11" hai1="88,28,22,29,90,111,48,79,49,91,50,118,6" hai2="56,66,27,7,21,87,37,59,81,25,5,12,18" hai3="109,113,3,83,78,64,84,117,73,55,134,19,108"/><T95/><D120/><U46/><E111/><V89/><F37/><W52/><G3/><T8/><D72/><U30/><E118/><V10/><F25/><W68/><G134/><T116/><D132/><U57/><E79/><V115/><F115/><W71/><G113/><T103/><D116/><U14/><E57/><N who="2" m="22091" /><F66/><W4/><G4/><AGARI ba="0,0" hai="4,5,7,10,12,18,21,27,81,87,89" m="22091" machi="4" ten="30,1000,0" yaku="8,1" doraHai="135" who="2" fromWho="3" sc="250,0,250,0,250,10,250,-10" /><INIT seed="1,0,0,2,0,60" ten="250,250,260,240" oya="1" hai0="44,95,65,40,114,59,18,50,5,72,28,58,105" hai1="70,37,51,8,4,63,69,122,133,107,97,3,79" hai2="7,29,45,14,120,127,31,123,52,15,22,35,42" hai3="90,75,109,125,66,38,93,124,92,83,113,39,118"/><U68/><E122/><V73/><F73/><W41/><G113/><T76/><D105/><U126/><E126/><N who="3" m="48746" /><G109/><T86/><D114/><U94/><E133/><V54/><F127/><W74/><G41/><T87/><D72/><N who="3" m="27689" /><G83/><T84/><D5/><U80/><E37/><V67/><F35/><W17/><G118/><T1/><D1/><U103/><E51/><V117/><F117/><W20/><G66/><T27/><D18/><U106/><REACH who="1" step="1"/><E63/><REACH who="1" ten="250,240,260,240" step="2"/><V48/><F123/><W134/><G134/><T128/><D128/><U21/><E21/><V53/><F120/><W33/><G33/><T10/><D10/><U98/><E98/><V82/><F22/><W81/><G81/><T0/><D76/><U43/><E43/><V78/><F82/><W111/><G111/><T71/><D95/><N who="3" m="36425" /><G90/><T11/><D11/><U96/><E96/><V131/><F78/><W55/><G55/><T108/><D108/><U16/><E16/><V25/><F53/><W115/><G115/><T61/><D0/><U130/><E130/><V57/><F54/><W47/><G47/><T9/><D9/><U64/><E64/><V116/><F131/><W6/><G6/><T34/><AGARI ba="0,1" hai="27,28,34,40,44,50,58,59,61,65,71,84,86,87" machi="34" ten="30,2000,0" yaku="0,1,52,1" doraHai="60" who="0" fromWho="0" sc="250,30,240,-10,260,-5,240,-5" /><INIT seed="2,0,0,0,5,17" ten="280,230,255,235" oya="2" hai0="85,24,77,100,58,111,107,36,34,62,98,101,125" hai1="23,35,33,52,49,103,59,70,106,117,26,92,114" hai2="79,89,124,132,72,44,128,115,47,8,116,43,63" hai3="83,112,134,11,39,76,96,68,127,64,46,94,42"/><V56/><F115/><W126/><G134/><T123/><D123/><U30/><E117/><V118/><F132/><W120/><G120/><T15/><D36/><U3/><E114/><V88/><F128/><W122/><G122/><T121/><D121/><U2/><E70/><V86/><F124/><W12/><G112/><T61/><D111/><U32/><REACH who="1" step="1"/><E92/><REACH who="1" ten="280,220,255,235" step="2"/><V75/><F118/><W55/><G68/><T93/><D125/><U18/><E18/><V131/><F116/><W54/><G126/><T6/><D107/><U109/><E109/><V69/><F69/><W19/><G127/><T40/><D93/><U4/><E4/><V99/><F131/><W20/><G64/><T73/><D6/><U0/><E0/><V108/><F108/><W97/><G97/><AGARI ba="0,1" hai="2,3,23,26,30,32,33,35,49,52,59,97,103,106" machi="97" ten="40,5200,0" yaku="1,1,52,1,54,1,53,0" doraHai="17" doraHaiUra="104" who="1" fromWho="3" sc="280,0,220,62,255,0,235,-52" /><INIT seed="3,0,0,4,0,105" ten="280,282,255,183" oya="3" hai0="64,116,77,134,2,50,107,22,49,87,103,44,90" hai1="53,127,15,40,7,43,14,1,67,62,122,74,111" hai2="128,68,117,100,123,89,61,55,119,27,135,54,102" hai3="101,59,71,21,48,12,46,42,76,99,104,86,110"/><W75/><G71/><T26/><D116/><U4/><E122/><V65/><F123/><W31/><G110/><T32/><D134/><U16/><E74/><V60/><F135/><W94/><G59/><T58/><D32/><U131/><E127/><V30/><F128/><W121/><G121/><T113/><D2/><U38/><E38/><V112/><F112/><W79/><G79/><T82/><D113/><U51/><E1/><V52/><F61/><W126/><G126/><T47/><D107/><U20/><E131/><V96/><F89/><W132/><G132/><T114/><D103/><U69/><E111/><V6/><F6/><W11/><G31/><T39/><D114/><U91/><E91/><V0/><F0/><W130/><G21/><T56/><D39/><U133/><E133/><V108/><F108/><W10/><G130/><T83/><D64/><U34/><E34/><V8/><F8/><W17/><G10/><T73/><D22/><U3/><E14/><V13/><F13/><W81/><REACH who="3" step="1"/><G104/><REACH who="3" ten="280,282,255,173" step="2"/><T115/><D115/><U93/><E20/><V78/><F78/><W124/><G124/><T118/><D118/><U23/><E69/><V88/><F117/><W70/><G70/><T98/><D58/><U125/><E23/><N who="2" m="15743" /><F119/><W80/><G80/><T45/><D26/><U84/><E125/><V97/><F68/><W24/><G24/><T29/><D29/><U19/><E93/><N who="2" m="56359" /><F97/><W109/><G109/><T25/><D98/><U28/><E28/><V57/><AGARI ba="0,1" hai="52,54,55,57,60,65,100,102" m="56359,15743" machi="57" ten="30,4000,0" yaku="8,1,54,2" doraHai="105" who="2" fromWho="2" sc="280,-10,282,-10,255,50,173,-20" /><INIT seed="4,0,0,5,1,128" ten="270,272,305,153" oya="0" hai0="117,18,127,22,55,75,6,67,135,2,49,73,0" hai1="126,64,100,111,33,134,9,110,35,118,103,50,16" hai2="108,114,79,65,88,76,54,44,36,80,59,12,123" hai3="89,115,14,109,39,43,61,85,24,34,1,28,25"/><T69/><D117/><U68/><E118/><V10/><F123/><W51/><G1/><T105/><D105/><U130/><E126/><V92/><F114/><W13/><G109/><N who="1" m="41482" /><E50/><V5/><F108/><W71/><G115/><T66/><D127/><U82/><E82/><V31/><F31/><W119/><G119/><T121/><D121/><U26/><E9/><V8/><F65/><W116/><G116/><T4/><D49/><U57/><E68/><V104/><F104/><W60/><G39/><T90/><D69/><U95/><E95/><V53/><F10/><W101/><G101/><N who="1" m="38986" /><E134/><V78/><F80/><W77/><G77/><T131/><D55/><U38/><E38/><V45/><F36/><W19/><G71/><T30/><D30/><U133/><E133/><V41/><F41/><W132/><G51/><T3/><D135/><U81/><E81/><V23/><F23/><W87/><G43/><T72/><D90/><U7/><E7/><V27/><F27/><W21/><G132/><T70/><D67/><U11/><E11/><V97/><REACH who="2" step="1"/><F54/><REACH who="2" ten="270,272,295,153" step="2"/><W52/><G25/><T74/><N who="0" m="18432" /><DORA hai="107" /><T37/><D37/><U91/><E26/><V29/><F29/><W106/><G106/><T40/><D40/><U125/><E64/><V15/><F15/><W48/><G14/><T93/><D66/><U113/><E113/><V112/><F112/><W17/><G13/><T96/><D70/><U99/><E125/><V42/><F42/><W122/><G122/><T84/><D2/><U94/><E33/><V83/><F83/><W124/><G124/><T98/><D0/><RYUUKYOKU ba="0,1" sc="270,-10,272,-10,295,30,153,-10" hai2="5,8,12,44,45,53,59,76,78,79,88,92,97" /><INIT seed="5,1,1,2,2,92" ten="260,262,325,143" oya="1" hai0="44,124,103,55,28,97,110,40,8,120,69,21,22" hai1="108,65,14,1,45,125,106,73,53,30,24,50,70" hai2="107,87,4,51,80,76,71,63,61,3,67,29,46" hai3="33,59,38,109,105,129,52,77,64,19,114,12,113"/><U91/><E125/><V116/><F116/><W54/><G109/><T102/><D110/><U57/><E1/><V132/><F132/><W60/><G33/><T95/><D69/><U20/><E73/><V66/><F107/><W72/><G38/><T13/><D124/><U31/><E106/><V93/><F29/><W84/><G72/><T42/><D120/><U74/><E74/><V37/><F37/><W26/><G26/><T43/><D103/><U75/><E75/><V83/><F3/><W94/><G105/><T90/><D102/><U79/><E79/><V127/><F4/><W39/><G39/><T47/><D28/><U81/><E108/><V48/><F127/><W10/><G129/><T99/><D55/><U121/><E70/><V15/><F83/><N who="3" m="47215" /><G94/><T133/><D133/><U126/><E121/><V98/><F15/><W62/><G60/><T111/><D111/><U7/><E126/><V16/><F16/><W34/><G34/><T89/><D22/><U115/><E7/><V5/><F5/><W86/><G86/><N who="0" m="52663" /><D21/><U9/><E9/><V101/><F46/><N who="0" m="17450" /><D90/><U23/><E23/><V130/><F130/><W122/><G122/><T0/><D0/><U11/><E11/><V128/><F128/><W117/><G117/><T56/><D56/><AGARI ba="1,1" hai="48,51,56,61,63,66,67,71,76,80,87,93,98,101" machi="56" ten="30,2000,0" yaku="7,1,52,1" doraHai="92" who="2" fromWho="0" sc="260,-23,262,0,325,33,143,0" /><INIT seed="6,0,0,4,3,14" ten="237,262,358,143" oya="2" hai0="104,131,43,123,4,44,86,60,69,113,29,87,76" hai1="117,46,81,124,64,42,32,56,7,72,57,135,2" hai2="77,51,17,78,45,133,103,75,112,101,39,120,21" hai3="126,89,47,85,52,61,94,100,114,73,70,55,98"/><V122/><F39/><W110/><G110/><T12/><D123/><U88/><E117/><V5/><F112/><W25/><G126/><T31/><D104/><U68/><E32/><V71/><F71/><W118/><G118/><T54/><D113/><U13/><E2/><V6/><F133/><W102/><G73/><T115/><D115/><U82/><E72/><V23/><F75/><W129/><G129/><T40/><D131/><U38/><E135/><V90/><F90/><W97/><G114/><T33/><D33/><U65/><E82/><V67/><F67/><W125/><G125/><T16/><D4/><N who="2" m="1642" /><F23/><W108/><G108/><T26/><D69/><U106/><E106/><V134/><F134/><W19/><G70/><T28/><D26/><U0/><E0/><V111/><F111/><W109/><G109/><T18/><D12/><U1/><E1/><V41/><F122/><W27/><G85/><N who="0" m="32267" /><D76/><N who="2" m="29290" /><F120/><W79/><G79/><T93/><D93/><U58/><E68/><V3/><F3/><W84/><G84/><T130/><D130/><U22/><E81/><V119/><F119/><W83/><G83/><T53/><D44/><U10/><E88/><V15/><AGARI ba="0,0" hai="15,17,21,41,45,51,101,103" m="29290,1642" machi="15" ten="30,3000,0" yaku="8,1,52,1" doraHai="14" who="2" fromWho="2" sc="237,-10,262,-10,358,30,143,-10" /><INIT seed="6,1,0,0,3,5" ten="227,252,388,133" oya="2" hai0="14,53,128,82,98,29,30,133,54,22,103,65,55" hai1="73,93,40,59,4,18,72,117,125,104,20,15,3" hai2="89,2,68,25,47,95,123,67,32,6,130,33,12" hai3="88,116,70,85,28,94,51,45,131,19,79,36,42"/><V96/><F123/><W84/><G131/><T16/><D133/><U92/><E104/><V41/><F2/><W81/><G70/><T74/><D128/><U91/><E117/><V110/><F130/><W77/><G116/><T119/><D119/><U38/><E92/><V21/><F110/><W56/><G28/><T113/><D113/><U105/><E105/><V102/><F67/><W109/><G109/><T63/><D82/><U71/><E71/><V124/><F68/><W126/><G126/><T132/><D74/><U27/><E3/><V35/><F124/><W90/><G36/><T112/><D112/><U100/><E100/><V87/><F25/><W57/><G77/><T118/><D132/><U120/><E120/><V0/><F0/><W17/><G79/><T121/><D121/><U9/><E59/><AGARI ba="1,0" hai="17,19,42,45,51,56,57,59,81,84,85,88,90,94" machi="59" ten="40,2600,0" yaku="8,1,54,1" doraHai="5" who="3" fromWho="1" sc="227,0,252,-29,388,0,133,29" /><INIT seed="7,0,0,3,0,5" ten="227,223,388,162" oya="3" hai0="118,96,12,1,89,83,13,131,132,45,51,23,77" hai1="15,104,134,124,125,73,44,117,90,3,87,76,71" hai2="102,52,116,126,42,32,50,31,28,66,74,81,133" hai3="68,119,2,128,58,67,11,75,85,33,109,38,60"/><W48/><G33/><T47/><D118/><U92/><E3/><V94/><F42/><W97/><G119/><T21/><D1/><U54/><E117/><V69/><F32/><W46/><G75/><T106/><D132/><U112/><E134/><V41/><F41/><N who="3" m="22839" /><G97/><T123/><D123/><U43/><E71/><V62/><F133/><W91/><G128/><T130/><D106/><U25/><E104/><V107/><F107/><W80/><G109/><T65/><D65/><U9/><E54/><V111/><F111/><W70/><G2/><T17/><D47/><U35/><E112/><V24/><F31/><W0/><G0/><T29/><D96/><U10/><E15/><V39/><F39/><W127/><G70/><T56/><D29/><N who="1" m="19887" /><E76/><V122/><F122/><W103/><G103/><T36/><D12/><U100/><E100/><V101/><F101/><W84/><G84/><N who="0" m="50335" /><D77/><U53/><E53/><V82/><F116/><W114/><G11/><N who="1" m="4106" /><E73/><V72/><F72/><W4/><G4/><T108/><D108/><U18/><E18/><V93/><F74/><W63/><G63/><T30/><D131/><U105/><E105/><V55/><F102/><W98/><G98/><T129/><D17/><U8/><N who="1" m="4114" /><U99/><DORA hai="37" /><E99/><V34/><F69/><W79/><G114/><T95/><D13/><U6/><E6/><V61/><F61/><W113/><G113/><T135/><D130/><U86/><E87/><V26/><F62/><W19/><G19/><T49/><D129/><U14/><E14/><V121/><F121/><W110/><G110/><T27/><D135/><RYUUKYOKU ba="0,0" sc="227,-10,223,30,388,-10,162,-10" hai1="43,44,86,90,92,124,125" owari="217,-18.0,253,5.0,378,48.0,152,-35.0" /></mjloggm>