<mjloggm ver="2.3"><GO type="169" lobby="0"/><UN n0="%E3%83%88%E3%83%88%E3%83%AA%E5%85%88%E7%94%9F%31%39%E6%AD%B3" n1="%E3%82%AF%E3%83%AD%E3%82%B9%E3%83%AD%E3%83%BC%E3%83%AB" n2="%CE%BD%E3%82%AC%E3%83%B3%E3%83%80%E3%83%A0" n3="%E3%81%86%E3%81%8D%E3%81%A7%E3%82%93" dan="19,16,17,16" rate="2309.61,2143.85,2192.90,2126.29" sx="F,M,M,M"/><TAIKYOKU oya="0"/><INIT seed="0,0,0,1,2,80" ten="250,250,250,250" oya="0" hai0="123,70,82,26,100,4,99,54,14,129,98,93,23" hai1="20,102,122,50,62,57,10,75,112,2,91,53,67" hai2="126,22,125,24,132,68,38,52,120,66,69,9,105" hai3="29,58,103,7,115,90,121,16,127,108,46,131,79"/><T49/><D123/><U94/><E122/><V64/><F105/><W47/><G7/><T106/><D129/><U15/><E75/><V135/><F9/><W1/><G1/><T87/><D70/><N who="2" m="27242" /><F22/><W32/><G79/><T116/><D116/><U134/><E134/><N who="2" m="51243" /><F24/><W0/><G0/><T8/><D99/><U81/><E112/><V86/><F120/><W12/><G103/><T41/><D41/><U95/><E2/><V13/><F13/><W31/><G90/><T25/><D106/><U72/><E20/><V88/><F38/><W71/><G12/><T84/><D82/><U18/><E102/><V110/><F110/><W37/><G31/><T85/><D23/><U107/><E107/><V11/><F52/><W39/><G29/><T128/><D128/><U73/><E94/><N who="2" m="54551" /><F11/><W33/><G39/><T114/><D114/><U117/><E117/><V96/><F96/><W42/><G37/><T111/><D111/><U119/><E119/><V101/><F101/><W77/><G33/><T45/><AGARI ba="0,0" hai="4,8,14,25,26,45,49,54,84,85,87,93,98,100" machi="45" ten="30,12000,1" yaku="0,1,8,1,52,3" doraHai="80" who="0" fromWho="0" sc="250,120,250,-40,250,-40,250,-40" /><INIT seed="0,1,0,3,4,96" ten="370,210,210,210" oya="0" hai0="12,62,32,80,134,30,42,105,11,55,91,52,5" hai1="61,66,93,73,44,70,89,58,29,116,33,18,125" hai2="72,87,85,3,120,41,121,78,50,107,126,102,7" hai3="6,25,114,67,119,37,64,100,22,103,74,94,45"/><T82/><D105/><U79/><E116/><V20/><F3/><W19/><G74/><T130/><D130/><U24/><E125/><V95/><F7/><W54/><G119/><T59/><D134/><U113/><E113/><V92/><F20/><W21/><G114/><T40/><D32/><U76/><E73/><V132/><F50/><W31/><G6/><T90/><D30/><U69/><E18/><V123/><F41/><N who="0" m="15978" /><D55/><U1/><E1/><V108/><F108/><W38/><G38/><T111/><D111/><U101/><E101/><V23/><F23/><W14/><G37/><T112/><D112/><U127/><E44/><V48/><F48/><W99/><REACH who="3" step="1"/><G100/><REACH who="3" ten="370,210,210,200" step="2"/><T97/><D91/><U27/><E127/><V68/><F72/><W17/><G17/><T128/><D128/><U83/><E89/><V110/><F110/><W47/><G47/><T13/><D13/><U75/><E75/><V51/><F102/><W9/><G9/><T43/><D43/><U135/><E135/><V88/><F132/><W28/><G28/><T0/><D0/><U8/><E8/><V115/><F115/><W39/><G39/><T124/><D124/><U104/><E29/><V109/><F109/><W10/><G10/><T15/><D15/><U53/><E27/><V81/><F126/><W16/><G16/><T56/><D56/><U60/><E24/><V86/><F68/><W35/><G35/><T129/><D129/><U122/><E58/><V131/><F131/><W63/><G63/><T65/><D65/><U77/><E66/><V98/><F88/><W36/><G36/><RYUUKYOKU ba="1,1" sc="370,15,210,-15,210,-15,200,15" hai0="5,11,12,52,59,62,80,82,90,97" hai3="14,19,21,22,25,31,45,54,64,67,94,99,103" /><INIT seed="0,2,1,0,2,62" ten="385,195,195,215" oya="0" hai0="102,130,14,22,55,128,87,111,12,54,52,84,126" hai1="71,40,86,85,97,90,45,24,104,51,129,74,63" hai2="73,115,91,69,53,10,9,88,13,67,57,89,127" hai3="106,135,25,15,76,38,121,34,81,100,133,60,33"/><T58/><D126/><U17/><E74/><V120/><F120/><W35/><G38/><T16/><D111/><U92/><E129/><N who="0" m="49769" /><D102/><U68/><E68/><V82/><F115/><W66/><G15/><N who="0" m="9503" /><D58/><U8/><E104/><V56/><F69/><W93/><G93/><T46/><D46/><U65/><REACH who="1" step="1"/><E8/><REACH who="1" ten="385,185,195,215" step="2"/><V70/><F9/><W47/><G106/><T79/><D87/><U118/><E118/><V4/><F70/><W96/><G121/><T124/><D124/><U113/><E113/><V28/><F127/><W21/><G133/><T122/><D122/><U72/><E72/><V36/><F73/><W132/><G132/><T131/><D131/><U109/><E109/><V2/><F2/><W20/><G135/><T101/><D101/><U5/><E5/><V30/><F36/><W78/><G100/><T114/><D114/><U1/><E1/><V95/><F95/><W26/><G96/><T125/><D125/><U23/><AGARI ba="2,2" hai="17,23,24,40,45,51,63,65,71,85,86,90,92,97" machi="23" ten="30,4000,0" yaku="1,1,0,1,52,1,53,0" doraHai="62" doraHaiUra="134" who="1" fromWho="1" sc="385,-22,185,66,195,-12,215,-12" /><INIT seed="1,0,0,2,0,82" ten="363,251,183,203" oya="1" hai0="48,87,53,34,16,114,60,57,125,86,28,25,0" hai1="51,83,37,80,33,27,135,129,74,68,113,100,97" hai2="92,39,61,118,126,101,120,42,45,69,94,14,71" hai3="90,111,75,8,123,84,10,79,32,40,127,77,121"/><U7/><E37/><V36/><F118/><W132/><G32/><T117/><D117/><U29/><E113/><V1/><F1/><W38/><G38/><T54/><D114/><U112/><E112/><V22/><F120/><W5/><G40/><T44/><D0/><U19/><E135/><V3/><F3/><W49/><G49/><T116/><D116/><U66/><E7/><V18/><F126/><W52/><G127/><T124/><D124/><U70/><E129/><V110/><F110/><W59/><G111/><T91/><D125/><U23/><E51/><V65/><F71/><W131/><G131/><T119/><D119/><U89/><E74/><V88/><F101/><W81/><G10/><T50/><D91/><U134/><E134/><V6/><F6/><W104/><G104/><T41/><REACH who="0" step="1"/><D16/><REACH who="0" ten="353,251,183,203" step="2"/><U96/><E89/><V78/><F78/><W17/><G79/><T31/><D31/><U103/><E19/><V105/><F105/><W106/><G17/><T128/><D128/><U85/><E29/><V35/><F35/><W4/><G106/><T55/><D55/><U64/><E33/><V62/><F42/><W115/><G115/><T58/><AGARI ba="0,1" hai="25,28,34,41,44,48,50,53,54,57,58,60,86,87" machi="58" ten="20,12000,2" yaku="1,1,0,1,7,1,52,2,53,1" doraHai="82" doraHaiUra="43" who="0" fromWho="0" sc="353,130,251,-60,183,-30,203,-30" /><INIT seed="2,0,0,2,3,124" ten="483,191,153,173" oya="2" hai0="59,31,117,95,88,108,22,93,79,80,63,14,114" hai1="85,1,43,107,49,28,52,83,66,30,128,126,41" hai2="39,60,101,17,53,134,47,3,34,100,68,78,33" hai3="50,6,92,37,94,131,84,91,61,35,55,75,70"/><V110/><F3/><W48/><G37/><T105/><D105/><U82/><E107/><V116/><F116/><W72/><G35/><T15/><D117/><U44/><E1/><V45/><F134/><W11/><G50/><T102/><D114/><U5/><E126/><V26/><F78/><W109/><G109/><T121/><D108/><U56/><E5/><V23/><F110/><W38/><G38/><T73/><D121/><U32/><E128/><V118/><F118/><W112/><G131/><T125/><D125/><U106/><E106/><V113/><F113/><W97/><G61/><T42/><D42/><N who="1" m="15883" /><E32/><V2/><F2/><W40/><G40/><T76/><D76/><N who="1" m="46279" /><E83/><V58/><F39/><W122/><G70/><T123/><D123/><U104/><E104/><V86/><F34/><W18/><G18/><T9/><D9/><U90/><E90/><V74/><F74/><W67/><G67/><T120/><D120/><U103/><E103/><N who="2" m="39499" /><F68/><W77/><G122/><T87/><D95/><U7/><E7/><V36/><F33/><W12/><G112/><T130/><D102/><U132/><E132/><V98/><F36/><W133/><G133/><T8/><D8/><U46/><E66/><V69/><F69/><W115/><G115/><T127/><D130/><U71/><E71/><V129/><F129/><W10/><G10/><T24/><D127/><U89/><E89/><V16/><F98/><W51/><G77/><T4/><D4/><U96/><E96/><V20/><F86/><W54/><G75/><T21/><D21/><U111/><E111/><V19/><F23/><RYUUKYOKU ba="0,0" sc="483,10,191,10,153,10,173,-30" hai0="14,15,22,24,31,59,63,73,79,80,87,88,93" hai1="28,30,44,46,49,52,56" hai2="16,17,19,20,26,45,47,53,58,60" /><INIT seed="2,1,0,2,3,4" ten="493,201,163,143" oya="2" hai0="44,95,27,93,62,37,29,88,54,90,64,131,92" hai1="18,76,23,71,89,121,43,118,119,105,34,68,80" hai2="70,7,113,28,12,14,10,112,127,39,52,53,73" hai3="116,59,85,81,134,94,47,49,3,26,69,99,75"/><V15/><F73/><W55/><G69/><T83/><D131/><U19/><E34/><V65/><F39/><W32/><G75/><T58/><D83/><U101/><E121/><V96/><F127/><W78/><G3/><T0/><D0/><U109/><E109/><V91/><F28/><W117/><G134/><T48/><REACH who="0" step="1"/><D37/><REACH who="0" ten="483,201,163,143" step="2"/><U9/><E119/><V22/><F113/><W106/><G81/><T42/><D42/><U130/><E43/><V8/><F112/><W132/><G116/><T120/><D120/><U51/><E80/><V128/><F128/><W45/><G117/><T102/><D102/><U66/><E101/><V115/><F115/><W111/><G111/><T61/><D61/><U77/><E130/><V11/><F70/><W103/><G103/><T122/><D122/><U87/><E71/><V79/><F79/><W20/><G78/><T97/><D97/><U129/><E68/><V24/><F65/><W31/><G99/><T110/><D110/><U135/><E129/><V74/><F74/><W56/><G132/><T2/><D2/><U17/><E135/><V100/><F7/><W133/><G133/><T107/><D107/><U6/><E66/><V126/><F126/><W25/><G106/><T57/><D57/><U82/><E105/><V1/><F1/><W30/><G56/><T33/><AGARI ba="1,1" hai="27,29,33,44,48,54,58,62,64,88,90,92,93,95" machi="33" ten="30,7900,0" yaku="1,1,0,1,54,1,53,1" doraHai="4" doraHaiUra="40" who="0" fromWho="0" sc="483,92,201,-21,163,-40,143,-21" /><INIT seed="3,0,0,1,0,15" ten="575,180,123,122" oya="3" hai0="56,119,129,85,79,131,42,8,114,40,13,46,27" hai1="122,64,68,101,44,34,24,48,33,23,100,5,117" hai2="132,121,10,126,26,106,32,91,9,71,116,135,87" hai3="52,50,4,98,70,118,17,90,36,110,125,92,29"/><W31/><G36/><T113/><D119/><U61/><E122/><V124/><F71/><W49/><G118/><T102/><D102/><U38/><E38/><V107/><F87/><W123/><G123/><T74/><D74/><U73/><E73/><V127/><F91/><W99/><G70/><T22/><D56/><U133/><E117/><V76/><F76/><W60/><G4/><N who="0" m="3207" /><D85/><U16/><E133/><N who="2" m="51275" /><F116/><W0/><G0/><T21/><D79/><U104/><E5/><V120/><F106/><W62/><G50/><N who="0" m="26951" /><D22/><U112/><E112/><N who="0" m="43113" /><D42/><U41/><REACH who="1" step="1"/><E104/><REACH who="1" ten="575,170,123,122" step="2"/><V55/><F107/><W47/><G125/><T18/><AGARI ba="0,1" hai="18,21,27,129,131" m="43113,26951,3207" machi="18" ten="30,2000,0" yaku="11,1,52,1" doraHai="15" who="0" fromWho="0" sc="575,30,170,-5,123,-5,122,-10" /><INIT seed="4,0,0,3,3,95" ten="605,165,118,112" oya="0" hai0="115,113,46,118,104,55,54,62,40,126,30,58,53" hai1="41,105,51,93,6,35,71,122,31,128,78,48,117" hai2="120,49,18,64,21,17,98,14,68,130,76,9,3" hai3="82,110,47,99,75,114,123,65,2,131,57,102,73"/><T12/><D104/><U111/><E105/><V52/><F130/><W42/><G2/><T119/><D12/><U34/><E71/><V107/><F120/><W63/><G110/><T13/><D13/><U16/><E6/><V67/><F68/><W135/><G131/><T79/><D79/><U91/><E117/><N who="0" m="44553" /><D30/><U69/><E111/><V125/><F125/><W25/><G114/><N who="0" m="43531" /><D126/><U74/><E31/><V33/><F33/><W28/><G135/><T129/><D129/><U43/><E35/><V109/><F109/><W27/><G27/><T20/><D20/><U112/><E34/><V72/><F76/><W5/><G5/><T60/><D58/><U50/><E78/><V24/><F72/><W10/><G10/><T108/><D108/><U97/><E74/><V132/><F132/><W127/><G82/><T96/><D96/><U101/><E97/><V38/><F3/><W89/><G89/><T92/><D92/><U11/><E91/><V85/><F85/><W32/><G123/><T87/><D87/><U103/><E93/><V8/><F8/><W84/><G84/><T83/><D83/><U66/><E122/><V29/><F29/><W22/><G32/><T36/><AGARI ba="0,0" hai="36,40,46,53,54,55,60,62" m="43531,44553" machi="36" ten="40,7800,0" yaku="15,1,34,2" doraHai="95" who="0" fromWho="0" sc="605,78,165,-26,118,-26,112,-26" /><INIT seed="4,1,0,2,3,116" ten="683,139,92,86" oya="0" hai0="99,50,92,96,39,57,89,122,51,0,71,134,35" hai1="20,86,16,19,125,42,44,77,7,8,129,127,106" hai2="26,75,103,28,33,111,46,21,9,87,62,37,34" hai3="66,131,107,80,27,82,102,4,70,121,15,100,133"/><T48/><D122/><U126/><E106/><V31/><F75/><W40/><G40/><T97/><D39/><U54/><E54/><V76/><F111/><W95/><G107/><T120/><D120/><U22/><E129/><V45/><F103/><W115/><G121/><T52/><D71/><U59/><E59/><V10/><F62/><W104/><G104/><T49/><D35/><U69/><E69/><V81/><F21/><N who="1" m="8297" /><E86/><V68/><F68/><W101/><G27/><T47/><D0/><N who="1" m="103" /><E77/><V56/><F56/><W78/><G80/><T14/><D134/><U41/><E41/><V38/><F26/><W60/><G131/><T61/><REACH who="0" step="1"/><D14/><REACH who="0" ten="673,139,92,86" step="2"/><U118/><E118/><V113/><F34/><W91/><G15/><T5/><D5/><U25/><E25/><V24/><F37/><AGARI ba="1,1" hai="16,19,37,42,44,125,126,127" m="103,8297" machi="37" ten="30,2000,0" yaku="18,1,54,1" doraHai="116" who="1" fromWho="2" sc="673,0,139,33,92,-23,86,0" /><INIT seed="5,0,0,0,2,130" ten="673,172,69,86" oya="1" hai0="73,83,64,62,121,116,16,132,84,10,67,30,58" hai1="106,25,131,78,77,63,95,74,61,36,2,124,22" hai2="5,18,133,0,34,108,76,20,118,79,48,56,119" hai3="120,117,110,39,52,8,104,98,50,31,12,65,28"/><U46/><E106/><V86/><F108/><W3/><G39/><T90/><D116/><U6/><E124/><V53/><F34/><W127/><G3/><T19/><D132/><U57/><E95/><V40/><F0/><W81/><G110/><T32/><D121/><U89/><E89/><V17/><F5/><W21/><G120/><T99/><D73/><U122/><E122/><V68/><F68/><W42/><G42/><T13/><D32/><U15/><E2/><V91/><F119/><W80/><G65/><N who="0" m="39127" /><D30/><U41/><E63/><V103/><F118/><W93/><G104/><T45/><D45/><U9/><E74/><V51/><F103/><N who="3" m="60879" /><G127/><T94/><D19/><U128/><E128/><V107/><F17/><N who="3" m="10407" /><G8/><T29/><D29/><N who="3" m="11337" /><G117/><T72/><D72/><U33/><E33/><V113/><F107/><W24/><G24/><T125/><D125/><U44/><E131/><V4/><F4/><W49/><G49/><T126/><D126/><U38/><E38/><V7/><F7/><W69/><G69/><T23/><D10/><U134/><E41/><V54/><F40/><W97/><G97/><T135/><D135/><U96/><E134/><V111/><F111/><W14/><G14/><T75/><D75/><U35/><E96/><V100/><F133/><W11/><G11/><T105/><D105/><U43/><E35/><V71/><F71/><W102/><G102/><AGARI ba="0,0" hai="13,16,23,64,67,83,84,90,94,99,102" m="39127" machi="102" ten="30,2000,0" yaku="8,1,54,1" doraHai="130" who="0" fromWho="3" sc="673,20,172,0,69,0,86,-20" /><INIT seed="6,0,0,0,2,13" ten="693,172,69,66" oya="2" hai0="71,90,131,15,50,100,40,135,26,89,84,31,11" hai1="6,62,120,64,17,112,45,118,65,9,72,124,55" hai2="73,82,93,23,128,75,109,113,30,76,29,97,14" hai3="58,106,85,87,83,10,42,130,80,107,22,1,41"/><V60/><F113/><W115/><G115/><T37/><D71/><U74/><E112/><V32/><F128/><W126/><G22/><T5/><D131/><U116/><E124/><V122/><F122/><W61/><G130/><T63/><D135/><U111/><E111/><V47/><F109/><W134/><G126/><T8/><D37/><U36/><E120/><V33/><F75/><W110/><G110/><T12/><D100/><U2/><E65/><V66/><F47/><W54/><G106/><T52/><D63/><U28/><E28/><V0/><F0/><W16/><G107/><T133/><D40/><N who="1" m="22663" /><E17/><V99/><F99/><W79/><G134/><T114/><D114/><U94/><E94/><V81/><F81/><W117/><G117/><N who="1" m="45162" /><E55/><V102/><F30/><W101/><G101/><T57/><D84/><U18/><E18/><V129/><F129/><W119/><G119/><T34/><D133/><U4/><E4/><AGARI ba="0,0" hai="4,5,8,11,12,15,26,31,34,50,52,57,89,90" machi="4" ten="30,3900,0" yaku="7,1,9,1,54,1" doraHai="13" who="0" fromWho="1" sc="693,39,172,-39,69,0,66,0" /><INIT seed="7,0,0,4,5,108" ten="732,133,69,66" oya="3" hai0="30,6,68,92,76,27,75,9,33,48,80,43,40" hai1="126,70,66,89,73,79,127,93,77,115,32,67,118" hai2="38,16,71,100,85,11,55,17,109,87,117,84,97" hai3="8,107,122,19,110,130,119,64,74,134,51,113,101"/><W102/><G74/><T23/><D68/><U0/><E115/><V22/><F109/><W58/><G119/><T98/><D48/><U128/><E32/><V123/><F117/><W103/><G122/><T104/><D104/><U91/><E0/><V78/><F38/><W82/><G110/><T12/><D33/><U2/><E2/><V37/><F37/><W83/><G134/><T60/><D60/><N who="1" m="40263" /><E128/><V41/><F71/><W53/><G130/><T72/><D72/><U5/><E5/><V61/><F41/><W56/><G107/><T133/><D133/><U99/><E67/><V29/><F123/><W124/><G124/><N who="1" m="47658" /><E118/><V18/><F78/><N who="1" m="29705" /><E73/><V132/><F132/><W52/><G64/><T36/><D36/><U63/><E63/><V47/><F61/><N who="3" m="35975" /><G113/><T54/><D54/><U4/><E4/><V34/><F34/><W14/><AGARI ba="0,0" hai="8,14,19,51,53,58,82,83,101,102,103" m="35975" machi="14" ten="30,3000,0" yaku="8,1,54,1" doraHai="108" who="3" fromWho="3" sc="732,-10,133,-10,69,-10,66,30" /><INIT seed="7,1,0,1,2,17" ten="722,123,59,96" oya="3" hai0="87,6,41,18,64,36,93,92,123,118,129,34,127" hai1="112,84,72,5,44,19,3,135,131,65,66,10,42" hai2="115,83,116,31,24,50,1,46,121,60,69,20,32" hai3="67,68,98,99,105,22,114,97,8,88,77,75,124"/><W61/><G114/><T125/><D34/><U80/><E112/><V70/><F116/><W102/><G8/><T111/><D111/><U11/><E135/><V25/><F115/><W35/><G35/><T107/><D107/><U132/><E132/><V28/><F1/><W63/><G63/><T55/><D118/><U39/><E131/><V62/><F121/><W108/><G124/><T96/><D123/><U21/><E11/><V58/><F83/><W106/><G106/><T81/><D6/><U27/><E72/><V16/><F31/><W26/><G77/><AGARI ba="1,0" hai="3,5,10,19,21,27,39,42,44,65,66,77,80,84" machi="77" ten="30,2000,0" yaku="7,1,52,1" doraHai="17" who="1" fromWho="3" sc="722,0,123,23,59,0,96,-23" owari="722,82.0,146,-5.0,59,-44.0,73,-33.0" /></mjloggm>