<mjloggm ver="2.3"><GO type="169" lobby="0"/><UN n0="%E8%8C%A8%E3%81%AE%E7%B2%BE%E9%9C%8A" n1="%E3%83%88%E3%83%88%E3%83%AA%E5%85%88%E7%94%9F%31%39%E6%AD%B3" n2="%E5%8C%97%E9%A2%A8%E3%83%80%E3%83%B3%E3%82%B4" n3="%E3%83%88%E3%83%8B%E3%83%BC%E2%98%85%E5%BD%A1" dan="16,19,17,16" rate="2107.82,2293.43,2284.08,2123.81" sx="F,F,M,M"/><TAIKYOKU oya="0"/><INIT seed="0,0,0,3,0,8" ten="250,250,250,250" oya="0" hai0="90,28,66,96,109,120,44,108,112,97,6,3,57" hai1="84,41,82,48,18,130,14,20,40,124,60,35,72" hai2="47,15,91,68,4,94,7,62,16,98,118,131,122" hai3="70,103,29,31,11,30,0,123,24,107,76,36,106"/><T89/><D120/><U12/><E35/><V21/><F122/><W92/><G123/><T134/><D112/><U104/><E72/><V125/><F131/><W37/><G70/><T74/><D74/><U75/><E75/><V5/><F125/><W27/><G76/><T2/><D28/><U129/><E104/><V88/><F118/><W52/><G92/><T85/><D44/><U32/><E32/><V115/><F115/><W135/><G135/><T93/><D134/><U63/><E124/><V65/><REACH who="2" step="1"/><F47/><REACH who="2" ten="250,250,240,250" step="2"/><W86/><G107/><T54/><D66/><U46/><E130/><V128/><F128/><W53/><G106/><T110/><D6/><U81/><E129/><V133/><F133/><W113/><G113/><T1/><REACH who="0" step="1"/><D90/><AGARI ba="0,1" hai="4,5,7,15,16,21,62,65,68,88,90,91,94,98" machi="90" ten="40,8000,1" yaku="1,1,52,1,54,2,53,0" doraHai="8" doraHaiUra="83" who="2" fromWho="0" sc="250,-80,250,0,240,90,250,0" /><INIT seed="1,0,0,2,5,112" ten="170,250,330,250" oya="1" hai0="10,37,79,107,5,114,117,60,75,135,119,115,90" hai1="8,12,35,26,47,52,46,38,54,45,96,76,64" hai2="84,66,14,40,83,133,89,33,94,57,71,48,130" hai3="134,100,61,69,23,111,82,99,132,102,88,63,49"/><U21/><E35/><V85/><F130/><W108/><G49/><T29/><D90/><U118/><E38/><V50/><F133/><N who="3" m="51307" /><G23/><T127/><D135/><U62/><E118/><N who="0" m="45065" /><D127/><U128/><E128/><V3/><F3/><W43/><G43/><T125/><D125/><U87/><E96/><V95/><F71/><W106/><G102/><T129/><D129/><U70/><E87/><V15/><F33/><W27/><G69/><T109/><D109/><N who="3" m="42057" /><G27/><T19/><D29/><U124/><E76/><N who="2" m="46183" /><F95/><W16/><G16/><T65/><D19/><U74/><E74/><V93/><F93/><W121/><G121/><T56/><D37/><U7/><REACH who="1" step="1"/><E124/><REACH who="1" ten="170,240,330,250" step="2"/><V13/><F40/><W103/><G100/><T72/><D107/><U131/><E131/><V104/><F104/><W34/><G34/><T97/><D97/><U123/><E123/><V31/><F31/><AGARI ba="0,1" hai="7,8,12,21,26,31,45,46,47,52,54,62,64,70" machi="31" ten="40,3900,0" yaku="1,1,54,1,53,0" doraHai="112" doraHaiUra="81" who="1" fromWho="2" sc="170,0,240,49,330,-39,250,0" /><INIT seed="1,1,0,1,3,80" ten="170,289,291,250" oya="1" hai0="114,45,70,110,53,58,134,117,0,59,7,86,85" hai1="64,60,30,115,74,14,98,125,26,8,54,23,51" hai2="50,112,42,122,130,104,27,3,105,28,57,83,44" hai3="76,16,101,63,21,111,4,55,90,10,135,52,19"/><U113/><E74/><V109/><F109/><W46/><G111/><T48/><D110/><U36/><E36/><V13/><F122/><W99/><G76/><T18/><D114/><U116/><E116/><V1/><F130/><W120/><G120/><T89/><D70/><U118/><E118/><V49/><F112/><W87/><G135/><T123/><D134/><U97/><E125/><V38/><F13/><N who="3" m="5319" /><G46/><T35/><D123/><U68/><E113/><V41/><F83/><N who="3" m="49535" /><G63/><T72/><D72/><U17/><REACH who="1" step="1"/><E115/><REACH who="1" ten="170,279,291,250" step="2"/><V79/><F38/><W131/><G131/><T11/><D117/><U102/><E102/><V24/><F1/><W100/><G19/><T69/><D18/><U127/><E127/><V34/><F3/><W39/><G39/><T25/><D0/><U9/><E9/><V103/><F103/><N who="3" m="39499" /><G99/><T91/><D11/><U75/><E75/><V31/><F105/><W56/><G56/><AGARI ba="1,1" hai="8,14,17,23,26,30,51,54,56,60,64,68,97,98" machi="56" ten="30,2900,0" yaku="1,1,7,1,53,0" doraHai="80" doraHaiUra="126" who="1" fromWho="3" sc="170,0,279,42,291,0,250,-32" /><INIT seed="1,2,0,0,2,55" ten="170,321,291,218" oya="1" hai0="14,69,43,72,32,98,65,78,116,36,95,64,28" hai1="39,130,109,37,87,85,41,13,89,1,45,93,63" hai2="20,132,111,124,60,79,103,31,126,67,47,30,83" hai3="52,135,5,62,102,16,3,80,6,84,7,113,112"/><U131/><E1/><V25/><F111/><W4/><G102/><T133/><D116/><U90/><E109/><V101/><F132/><W46/><G135/><T54/><D78/><U57/><E13/><V42/><F31/><W12/><G3/><T118/><D72/><U33/><E33/><V121/><F121/><W114/><N who="3" m="1024" /><DORA hai="75" /><W61/><G46/><T24/><D69/><U97/><E37/><V81/><F81/><W22/><REACH who="3" step="1"/><G52/><REACH who="3" ten="170,321,291,208" step="2"/><T99/><D133/><U8/><E130/><V44/><F103/><W105/><G105/><T58/><D118/><U23/><E131/><V19/><F101/><W21/><G21/><T2/><D2/><U71/><E23/><V74/><F44/><W50/><G50/><T15/><D36/><U49/><E8/><V91/><F47/><W51/><G51/><T117/><D117/><U73/><E39/><V48/><F48/><W53/><G53/><T9/><D43/><U35/><E35/><V107/><F107/><W29/><G29/><T77/><D9/><U34/><E34/><V128/><F42/><W129/><G129/><T104/><D104/><U68/><E49/><V56/><F128/><W40/><G40/><T18/><D32/><U0/><E0/><V125/><F30/><W76/><AGARI ba="2,1" hai="12,16,22,61,62,76,80,84,112,113,114" m="1024" machi="76" ten="50,8000,1" yaku="1,1,0,1,52,1,54,1,53,0" doraHai="55,75" doraHaiUra="122,94" who="3" fromWho="3" sc="170,-22,321,-42,291,-22,208,96" /><INIT seed="2,0,0,5,4,114" ten="148,279,269,304" oya="2" hai0="108,45,95,84,122,53,26,9,3,12,107,51,20" hai1="106,123,98,55,64,118,75,15,93,33,92,4,27" hai2="88,14,37,81,62,39,66,104,50,102,40,30,97" hai3="54,116,44,0,101,109,25,59,60,21,91,132,121"/><V82/><F50/><W134/><G121/><T73/><D107/><U10/><E123/><V57/><F14/><W11/><G109/><T6/><D108/><U5/><E75/><V115/><F115/><W58/><G101/><T131/><D73/><U22/><E33/><V31/><F81/><W77/><G77/><T34/><D131/><U72/><E72/><V117/><F117/><W125/><G125/><T83/><D95/><U79/><E79/><V94/><F82/><W99/><G44/><T56/><D34/><U49/><E118/><V16/><F16/><N who="3" m="12455" /><G116/><T103/><D103/><U71/><E106/><V48/><F48/><W111/><G111/><T65/><D65/><U112/><E112/><V105/><F105/><W28/><G28/><T89/><D122/><U24/><E24/><V69/><F69/><W70/><G70/><T86/><D84/><U23/><E64/><V119/><F119/><W42/><G42/><T61/><D3/><U110/><E71/><V41/><F41/><W7/><G59/><T100/><D100/><U90/><E27/><V46/><REACH who="2" step="1"/><F39/><REACH who="2" ten="148,279,259,304" step="2"/><W87/><G0/><T120/><D120/><U80/><E80/><V36/><F36/><W76/><G7/><N who="1" m="2634" /><E110/><V38/><F38/><W128/><G60/><T63/><REACH who="0" step="1"/><D45/><REACH who="0" ten="138,279,259,304" step="2"/><N who="1" m="28079" /><E93/><V127/><F127/><W52/><G128/><T96/><D96/><AGARI ba="0,2" hai="30,31,37,40,46,57,62,66,88,94,96,97,102,104" machi="96" ten="30,5800,0" yaku="1,1,7,1,54,1,53,0" doraHai="114" doraHaiUra="130" who="2" fromWho="0" sc="138,-58,279,0,259,78,304,0" /><INIT seed="2,1,0,3,2,90" ten="80,279,337,304" oya="2" hai0="28,120,26,16,80,79,30,103,73,75,117,113,97" hai1="44,85,0,126,63,59,57,69,134,129,82,13,116" hai2="121,41,6,66,55,67,108,127,25,7,124,71,56" hai3="22,37,114,107,9,33,5,122,12,8,119,50,15"/><V99/><F121/><W31/><G37/><T23/><D120/><U39/><E0/><V46/><F25/><N who="3" m="18671" /><G107/><T24/><D113/><U110/><E116/><V86/><F86/><W43/><G43/><T118/><D75/><U58/><E110/><V109/><F99/><W98/><G50/><T128/><D128/><U104/><E104/><V60/><F7/><N who="3" m="3135" /><G98/><T34/><REACH who="0" step="1"/><D30/><REACH who="0" ten="70,279,337,304" step="2"/><U105/><E129/><V78/><F108/><W4/><G122/><T135/><D135/><U1/><E134/><V65/><F109/><W51/><G114/><T29/><D29/><U62/><E126/><V27/><F124/><W83/><G119/><T130/><D130/><U42/><E105/><AGARI ba="1,1" hai="16,23,24,26,28,34,73,79,80,97,103,105,117,118" machi="105" ten="40,5200,0" yaku="1,1,54,1,53,1" doraHai="90" doraHaiUra="100" who="0" fromWho="1" sc="70,65,279,-55,337,0,304,0" /><INIT seed="3,0,0,1,5,133" ten="135,224,337,304" oya="3" hai0="127,109,18,73,35,40,68,99,84,28,123,11,124" hai1="45,114,83,34,24,129,43,27,16,63,130,65,6" hai2="108,105,69,64,98,102,14,36,88,110,29,49,131" hai3="72,135,93,119,70,38,31,95,125,81,76,53,66"/><W111/><G119/><T47/><D123/><U46/><E114/><V113/><F36/><W25/><G38/><T51/><D73/><U97/><E6/><V4/><F113/><W78/><G135/><T87/><D68/><U120/><E120/><V12/><F131/><N who="1" m="50185" /><E34/><V42/><F29/><W118/><G118/><T80/><D109/><N who="2" m="42090" /><F4/><W3/><G3/><T86/><D99/><U116/><E116/><V92/><F64/><W19/><G78/><T103/><D103/><U104/><E83/><V107/><F69/><W75/><G75/><T17/><D80/><U115/><E115/><V56/><F105/><W128/><G128/><T20/><D35/><U91/><E16/><V7/><F7/><W2/><G19/><T96/><D96/><U74/><E74/><V37/><F37/><W10/><G2/><T23/><D28/><U9/><E9/><V122/><F122/><W71/><G10/><T82/><D82/><U48/><E46/><N who="2" m="25815" /><F56/><W32/><G71/><T121/><D121/><U61/><E61/><V26/><F26/><W33/><G25/><T55/><D40/><U13/><E13/><V50/><F50/><W41/><G41/><T30/><D30/><U5/><E5/><V52/><F52/><W85/><G31/><T106/><D106/><U62/><E104/><V1/><F1/><W58/><G32/><T44/><D44/><U126/><E62/><V39/><F39/><W60/><G33/><T57/><D47/><U54/><E43/><V22/><F22/><N who="0" m="8234" /><D11/><U100/><E45/><V112/><F112/><W89/><G111/><T59/><D59/><RYUUKYOKU ba="0,0" sc="135,15,224,-15,337,15,304,-15" hai0="17,18,51,55,57,84,86,87,124,127" hai2="12,14,88,92,98,102,107" /><INIT seed="4,1,0,0,5,95" ten="150,209,352,289" oya="0" hai0="68,79,83,72,90,60,59,111,122,128,54,11,74" hai1="89,1,96,50,77,98,14,23,52,118,36,30,64" hai2="2,119,105,78,29,33,40,16,132,82,113,49,35" hai3="84,70,106,43,7,39,5,103,71,62,24,75,102"/><T26/><D122/><U127/><E118/><V18/><F2/><W4/><G75/><T109/><D74/><U133/><E36/><V130/><F105/><W25/><G84/><T57/><D128/><U131/><E1/><V104/><F104/><W10/><G10/><T48/><D68/><U63/><E131/><V20/><F130/><W32/><G32/><T85/><D26/><N who="1" m="16735" /><E77/><V17/><F113/><W97/><G103/><T87/><D11/><U91/><E133/><V58/><F132/><W88/><G88/><N who="1" m="33866" /><E127/><V8/><F119/><W126/><G126/><T3/><D3/><U28/><E28/><V123/><F123/><W93/><G106/><T86/><REACH who="0" step="1"/><D90/><REACH who="0" ten="140,209,352,289" step="2"/><U134/><E134/><V124/><F124/><W114/><G71/><T92/><D92/><U38/><E14/><V112/><F112/><W22/><G93/><T120/><D120/><U51/><E38/><V80/><F8/><W9/><G9/><T0/><D0/><U53/><E64/><AGARI ba="1,1" hai="48,54,57,59,60,64,72,79,83,85,86,87,109,111" machi="64" ten="40,2000,0" yaku="1,1,53,0" doraHai="95" doraHaiUra="65" who="0" fromWho="1" sc="140,33,209,-23,352,0,289,0" /><INIT seed="4,2,0,1,0,113" ten="173,186,352,289" oya="0" hai0="100,45,31,114,70,2,9,15,88,42,62,89,8" hai1="44,99,47,122,106,134,118,74,18,52,115,23,103" hai2="38,102,56,21,66,53,26,98,64,27,11,67,109" hai3="90,92,77,93,112,111,51,69,96,121,17,34,63"/><T117/><D114/><U35/><E122/><V120/><F120/><W87/><G112/><T10/><D31/><U129/><E115/><V50/><F109/><W30/><G111/><T12/><D2/><U25/><E74/><V80/><F38/><W131/><G121/><T37/><D100/><U49/><E129/><V46/><F11/><W28/><G34/><T72/><D72/><U24/><E134/><V94/><F80/><W33/><G33/><T126/><D126/><U58/><REACH who="1" step="1"/><E118/><REACH who="1" ten="173,176,352,289" step="2"/><V119/><F119/><W85/><G131/><T68/><D117/><U104/><E104/><V13/><F46/><W29/><G29/><AGARI ba="2,1" hai="18,23,24,25,29,35,44,47,49,52,58,99,103,106" machi="29" ten="40,2600,0" yaku="1,1,54,1,53,0" doraHai="113" doraHaiUra="125" who="1" fromWho="3" sc="173,0,176,42,352,0,289,-32" /><INIT seed="5,0,0,1,2,99" ten="173,218,352,257" oya="1" hai0="88,79,134,113,127,119,22,135,47,115,104,56,83" hai1="5,62,74,8,103,14,125,48,57,43,72,0,65" hai2="122,121,97,96,37,63,114,76,130,49,51,84,1" hai3="17,12,58,55,112,52,4,18,44,123,9,102,36"/><U78/><E125/><V54/><F37/><W30/><G123/><T24/><D119/><U73/><E0/><V118/><F118/><W133/><G112/><N who="0" m="43083" /><D47/><U35/><E35/><V31/><F114/><W75/><G75/><N who="0" m="43519" /><D56/><U3/><E3/><V40/><F1/><W71/><G71/><T94/><D104/><U109/><E109/><V77/><F130/><W64/><G30/><N who="0" m="17687" /><D127/><U21/><E21/><V87/><F31/><W100/><G133/><T82/><D82/><U53/><E43/><V33/><F40/><W46/><G36/><T28/><D28/><U128/><E128/><V93/><F93/><W25/><G64/><T61/><D61/><U38/><E78/><V89/><F63/><N who="3" m="36295" /><G46/><T23/><D23/><U126/><E38/><V106/><F106/><W90/><G90/><T50/><D50/><U81/><E126/><V124/><F89/><W98/><G98/><AGARI ba="0,0" hai="88,94,98,134,135" m="17687,43519,43083" machi="98" ten="30,2000,0" yaku="15,1,54,1" doraHai="99" who="0" fromWho="3" sc="173,20,218,0,352,0,257,-20" /><INIT seed="6,0,0,5,0,67" ten="193,218,352,237" oya="2" hai0="62,102,13,88,126,76,85,113,47,87,90,128,56" hai1="71,55,119,86,133,48,3,81,114,130,15,21,132" hai2="33,26,100,60,82,65,91,93,64,39,115,27,52" hai3="6,4,11,31,25,8,36,32,19,89,45,84,78"/><V105/><F39/><W129/><G129/><T77/><D113/><U131/><E119/><V83/><F115/><W124/><G124/><T43/><D102/><U10/><E114/><V37/><F37/><W99/><G78/><T80/><D126/><U0/><E21/><V72/><F105/><W118/><G118/><T69/><D69/><U117/><E117/><V41/><F41/><W95/><G19/><T103/><D103/><U116/><E116/><V49/><F100/><W12/><G36/><T110/><D110/><U53/><E71/><V2/><F2/><N who="1" m="553" /><E15/><V106/><F106/><W24/><G45/><T44/><D13/><U109/><E10/><V101/><F101/><W70/><G70/><T5/><D5/><U51/><E51/><V34/><F27/><W20/><G99/><T97/><D97/><U35/><E35/><V135/><F135/><N who="1" m="51785" /><E109/><V107/><F107/><W98/><G98/><T134/><D128/><N who="1" m="49195" /><E48/><V30/><F34/><W123/><G32/><T66/><D134/><U29/><E29/><V9/><F9/><N who="3" m="3659" /><G12/><T111/><D111/><U125/><E125/><V96/><F65/><W61/><G6/><T73/><D43/><U14/><E14/><V46/><F72/><W57/><G4/><T112/><D112/><U22/><E22/><V17/><F17/><W54/><G25/><T94/><D73/><U7/><E7/><V38/><F38/><W63/><G63/><T75/><D75/><U108/><E108/><V28/><F28/><W74/><G74/><T104/><D104/><U42/><E42/><V92/><F60/><W23/><G23/><RYUUKYOKU ba="0,0" sc="193,10,218,10,352,-30,237,10" hai0="44,47,56,62,66,76,77,80,85,87,88,90,94" hai1="53,55,81,86" hai3="20,24,31,54,57,61,84,89,95,123" /><INIT seed="7,1,0,0,3,113" ten="203,228,322,247" oya="3" hai0="99,22,117,18,0,7,64,116,120,92,133,122,65" hai1="43,91,23,85,38,49,105,104,131,83,68,81,14" hai2="40,26,50,114,127,21,71,130,6,87,111,109,9" hai3="86,12,118,44,53,10,77,126,67,8,15,35,11"/><W115/><G115/><T107/><D107/><U119/><E68/><V4/><F71/><W5/><G35/><T62/><D7/><U90/><E38/><V34/><F114/><W79/><G118/><T78/><D78/><U28/><E119/><V132/><F34/><W73/><G73/><T1/><D133/><U54/><E43/><V70/><F70/><W108/><G67/><T47/><D47/><U98/><E131/><V13/><F6/><W17/><G126/><T95/><D18/><U56/><E98/><V112/><F112/><W82/><G108/><T89/><D22/><U93/><E28/><V69/><F69/><W19/><G5/><T59/><D59/><U55/><E55/><V66/><F66/><W61/><G8/><T48/><D48/><U37/><E37/><V51/><F51/><N who="3" m="28903" /><G61/><T100/><D89/><AGARI ba="1,0" hai="10,11,12,15,17,19,77,79,82,86,89" m="28903" machi="89" ten="30,2900,0" yaku="25,1,8,1" doraHai="113" who="3" fromWho="0" sc="203,-32,228,0,322,0,247,32" /><INIT seed="7,2,0,0,3,132" ten="171,228,322,279" oya="3" hai0="73,34,107,59,134,15,49,9,33,18,37,13,89" hai1="85,104,109,30,86,98,39,92,5,60,72,127,128" hai2="50,45,55,90,102,11,7,32,106,23,82,121,131" hai3="28,27,53,70,120,64,26,75,46,114,122,57,77"/><W6/><G114/><T99/><D37/><U4/><E109/><V105/><F32/><W62/><G27/><T66/><D134/><U84/><E39/><V2/><F131/><W58/><G57/><T69/><D73/><U115/><E72/><V65/><F121/><W41/><G6/><N who="1" m="2666" /><E104/><V97/><F65/><W88/><G77/><T3/><D3/><U54/><E30/><V74/><F23/><W20/><G75/><T129/><D129/><U95/><E115/><V25/><F25/><W48/><REACH who="3" step="1"/><G88/><REACH who="3" ten="171,228,322,269" step="2"/><T52/><D15/><U29/><E128/><V80/><F74/><W35/><G35/><T81/><D81/><U8/><E29/><V36/><F90/><W123/><G123/><T83/><D83/><U42/><E85/><V44/><F82/><W94/><G94/><T135/><D135/><U91/><E95/><V1/><F80/><W96/><G96/><T119/><D119/><U118/><E98/><V133/><F133/><W14/><G14/><T112/><D112/><U61/><E86/><V103/><F2/><W43/><G43/><T108/><D108/><U12/><E42/><V100/><F106/><W68/><G68/><T47/><D69/><U19/><E118/><V22/><F105/><W0/><G0/><T31/><D31/><U51/><E127/><V110/><F97/><W24/><G24/><T40/><D40/><U126/><E126/><V101/><F110/><W78/><G78/><T79/><D79/><U116/><E116/><V21/><N who="2" m="25600" /><DORA hai="117" /><V16/><F16/><W93/><G93/><N who="0" m="56751" /><D107/><U56/><AGARI ba="2,1" hai="8,12,19,51,54,56,60,61,84,91,92" m="2666" machi="56" ten="30,1100,0" yaku="8,1" doraHai="132,117" who="1" fromWho="1" sc="171,-5,228,27,322,-5,269,-7" owari="166,-33.0,255,-14.0,317,41.0,262,6.0" /></mjloggm>