<mjloggm ver="2.3"><GO type="169" lobby="0"/><UN n0="%E3%82%A6%E3%83%AB%E3%83%88%E3%83%A9%E7%AB%8B%E7%9B%B4" n1="%E2%98%85%E9%A2%A8%E3%81%AE%E8%B0%B7%E2%98%85" n2="%74%63%61%30%30" n3="%E3%81%8B%E3%81%97%E3%81%8B%E3%81%8A" dan="18,18,17,17" rate="2211.10,2232.10,2149.69,2196.72" sx="M,F,M,M"/><TAIKYOKU oya="0"/><INIT seed="0,0,0,0,0,107" ten="250,250,250,250" oya="0" hai0="85,90,1,95,29,116,105,47,80,51,57,49,3" hai1="63,59,53,88,18,122,96,16,77,99,104,31,108" hai2="54,66,78,110,119,103,111,93,43,60,34,79,46" hai3="133,19,39,84,70,62,8,129,42,64,72,6,130"/><T106/><D116/><U91/><E122/><V82/><F34/><W4/><G133/><T102/><D29/><U92/><E108/><V38/><F119/><W118/><G118/><T17/><D57/><U23/><E77/><V10/><F54/><W115/><G115/><T30/><D30/><U52/><E53/><V27/><F27/><W50/><G50/><T24/><D51/><U15/><E31/><V48/><F48/><W40/><G84/><T36/><D36/><U117/><E117/><V56/><F10/><W14/><G72/><T22/><D95/><N who="1" m="56423" /><E104/><V11/><F11/><W134/><G134/><T2/><REACH who="0" step="1"/><D102/><REACH who="0" ten="240,250,250,250" step="2"/><U68/><E68/><V25/><F111/><W112/><G112/><T67/><D67/><U55/><E55/><AGARI ba="0,1" hai="1,2,3,17,22,24,47,49,55,80,85,90,105,106" machi="55" ten="40,3900,0" yaku="1,1,53,1" doraHai="107" doraHaiUra="12" who="0" fromWho="1" sc="240,49,250,-39,250,0,250,0" /><INIT seed="0,1,0,4,4,33" ten="289,211,250,250" oya="0" hai0="104,122,55,39,134,115,110,99,119,112,29,98,41" hai1="1,114,50,59,3,133,78,102,45,106,80,54,24" hai2="113,128,23,68,8,51,15,42,27,97,21,10,92" hai3="94,30,58,69,52,105,37,93,11,89,103,79,123"/><T35/><D55/><U91/><E133/><V71/><F113/><W46/><G69/><T4/><D99/><U73/><E114/><V47/><F128/><W120/><G30/><T117/><D4/><U0/><E24/><V132/><F132/><W116/><G116/><T5/><D5/><U49/><E91/><V64/><F64/><W43/><G79/><T83/><D83/><U67/><E67/><V22/><F10/><W32/><G32/><T129/><D98/><U62/><E106/><V57/><F57/><W13/><G103/><T26/><D41/><U19/><E102/><V111/><F111/><W95/><G89/><T90/><D90/><U82/><E82/><V7/><REACH who="2" step="1"/><F27/><REACH who="2" ten="289,211,240,250" step="2"/><W18/><REACH who="3" step="1"/><G105/><REACH who="3" ten="289,211,240,240" step="2"/><T124/><D115/><U96/><E96/><V9/><F9/><W2/><G2/><T72/><D26/><U75/><E75/><V135/><F135/><W81/><G81/><T48/><D29/><U107/><E107/><V25/><F25/><W31/><G31/><T85/><D117/><U70/><E70/><V6/><F6/><W60/><AGARI ba="1,2" hai="11,13,18,37,43,46,52,58,60,93,94,95,120,123" machi="60" ten="30,4000,0" yaku="1,1,0,1,54,1,53,0" doraHai="33" doraHaiUra="65" who="3" fromWho="3" sc="289,-21,211,-11,240,-11,240,63" /><INIT seed="1,0,0,3,0,113" ten="268,200,229,303" oya="1" hai0="48,89,130,133,63,112,52,10,123,135,13,81,21" hai1="67,51,91,90,99,19,80,84,18,56,22,128,62" hai2="1,124,41,86,118,73,77,32,5,87,126,47,66" hai3="97,120,60,44,129,108,114,119,2,11,45,58,94"/><U24/><E128/><V93/><F32/><W103/><G129/><T25/><D63/><U65/><E51/><V30/><F30/><W54/><G120/><T71/><D71/><U8/><E8/><V37/><F66/><W35/><G35/><T12/><D112/><U68/><E68/><V70/><F70/><W34/><G34/><T104/><D104/><U36/><E36/><V31/><F31/><W116/><G114/><T110/><D110/><U111/><E111/><V17/><F17/><W83/><G108/><T132/><D130/><U100/><E19/><V3/><F3/><W46/><REACH who="3" step="1"/><G83/><REACH who="3" ten="268,200,229,293" step="2"/><T121/><D123/><U15/><E67/><V26/><F126/><W0/><G0/><T9/><D121/><U42/><E42/><V88/><F124/><W96/><G96/><T49/><D133/><U115/><E115/><V4/><F1/><W20/><G20/><T85/><D132/><U38/><E38/><V6/><F73/><W117/><G117/><T127/><D135/><U16/><E18/><V59/><F118/><W79/><G79/><T125/><D127/><U107/><E24/><V50/><F77/><AGARI ba="0,1" hai="15,16,22,56,62,65,77,80,84,90,91,99,100,107" machi="77" ten="30,2900,0" yaku="7,1,54,1" doraHai="113" who="1" fromWho="2" sc="268,0,200,39,229,-29,293,0" /><INIT seed="1,1,0,5,5,113" ten="268,239,200,293" oya="1" hai0="84,131,53,57,90,61,67,124,117,29,133,21,50" hai1="60,1,89,95,15,45,94,48,86,17,76,91,75" hai2="106,4,34,54,5,101,97,71,16,121,44,28,96" hai3="132,122,112,65,135,74,80,73,23,103,79,9,100"/><U12/><E1/><V108/><F121/><W115/><G65/><T39/><D131/><U125/><E125/><V33/><F108/><W30/><G9/><T107/><D107/><U55/><E75/><N who="3" m="28682" /><G30/><T40/><D133/><N who="3" m="51273" /><G23/><T38/><D124/><U98/><E76/><V24/><F34/><W2/><G2/><T88/><D117/><U111/><E111/><V49/><F96/><W43/><G43/><T129/><D129/><U56/><REACH who="1" step="1"/><E17/><REACH who="1" ten="268,229,200,293" step="2"/><V19/><REACH who="2" step="1"/><F71/><REACH who="2" ten="268,229,190,293" step="2"/><W77/><G122/><T14/><D84/><U127/><E127/><V119/><F119/><W13/><G115/><T83/><D90/><U42/><AGARI ba="1,2" hai="12,15,42,45,48,55,56,60,86,89,91,94,95,98" machi="42" ten="20,7800,0" yaku="1,1,0,1,7,1,8,1,53,0" doraHai="113" doraHaiUra="22" who="1" fromWho="1" sc="268,-27,229,101,190,-27,293,-27" /><INIT seed="1,2,0,5,3,132" ten="241,330,163,266" oya="1" hai0="99,90,11,66,12,124,82,23,93,104,126,107,8" hai1="134,50,87,55,39,0,127,4,56,80,43,135,69" hai2="74,18,123,94,13,89,121,64,19,44,78,76,108" hai3="116,131,91,6,54,17,51,71,59,67,49,112,110"/><U48/><E0/><V101/><F108/><W58/><G112/><T118/><D118/><U61/><E4/><V25/><F101/><W5/><G110/><T65/><D23/><U42/><E80/><V47/><F64/><N who="0" m="24682" /><D82/><U102/><E87/><V111/><F111/><W73/><G73/><T120/><D11/><U106/><E102/><V28/><F13/><W62/><G116/><T83/><D83/><U63/><E106/><V14/><F14/><W32/><G32/><T22/><D22/><U1/><E1/><V7/><F94/><W117/><G117/><T100/><D100/><U125/><E69/><V70/><F70/><W86/><G131/><T130/><D130/><U113/><E113/><V52/><F89/><W129/><G129/><T115/><D115/><U20/><E20/><V85/><F85/><W53/><G17/><N who="0" m="8327" /><D120/><U77/><E77/><V128/><F128/><W37/><G37/><T30/><D30/><U96/><E96/><V97/><F97/><W68/><G68/><T27/><D27/><U114/><E114/><V133/><F25/><W21/><G21/><T36/><D36/><U29/><E29/><V9/><F28/><W3/><G3/><T33/><D33/><U41/><E39/><V16/><F18/><W38/><G38/><T26/><D26/><U109/><E109/><V24/><F24/><W10/><G10/><T72/><D72/><U2/><E2/><V75/><F9/><W45/><G71/><T31/><D31/><U105/><E105/><V98/><F7/><W79/><G79/><T46/><D46/><U57/><E41/><RYUUKYOKU ba="2,0" sc="241,10,330,10,163,-30,266,10" hai0="90,93,99,104,107,124,126" hai1="42,43,48,50,55,56,57,61,63,125,127,134,135" hai3="5,6,45,49,51,53,54,58,59,62,67,86,91" /><INIT seed="1,3,0,5,3,106" ten="251,340,133,276" oya="1" hai0="45,97,66,126,35,31,2,121,99,1,14,82,120" hai1="68,111,118,23,132,133,76,88,91,34,19,117,87" hai2="55,32,42,46,51,77,37,3,21,113,108,84,10" hai3="50,22,6,52,24,58,125,116,105,54,110,102,25"/><U59/><E34/><V129/><F32/><W41/><G110/><T112/><D112/><U30/><E68/><V95/><F108/><W131/><G131/><T33/><D66/><U115/><E111/><V8/><F129/><W93/><G105/><T9/><D45/><U83/><E115/><V28/><F113/><W0/><G125/><T57/><D57/><U17/><E30/><V5/><F10/><W56/><G41/><T36/><D82/><U86/><E76/><V38/><F42/><W119/><G6/><T130/><D130/><U39/><E39/><V43/><F43/><W75/><G75/><T60/><D60/><U27/><E59/><V81/><F28/><W73/><G73/><T29/><D14/><U74/><E74/><V124/><F124/><W15/><G15/><T104/><D104/><U65/><E65/><V49/><F51/><W53/><G0/><T63/><D63/><U64/><E64/><V109/><F109/><W13/><G13/><T61/><D61/><U11/><E11/><V12/><REACH who="2" step="1"/><F95/><REACH who="2" ten="251,340,123,276" step="2"/><W4/><G50/><T70/><D9/><U85/><E117/><N who="3" m="45130" /><G4/><T96/><D126/><U98/><E118/><V114/><F114/><W18/><G25/><T69/><D35/><U16/><E27/><V134/><F134/><N who="1" m="51817" /><E23/><V80/><F80/><W89/><G24/><T127/><D33/><U100/><E83/><V103/><F103/><W90/><G102/><T20/><D127/><U122/><E122/><V78/><F78/><W107/><G107/><AGARI ba="3,1" hai="16,17,19,85,86,87,88,91,98,100,107" m="51817" machi="107" ten="40,7700,0" yaku="20,1,54,2" doraHai="106" who="1" fromWho="3" sc="251,0,340,96,123,0,276,-86" /><INIT seed="1,4,0,1,2,61" ten="251,436,123,190" oya="1" hai0="130,85,32,132,134,27,118,112,88,121,109,4,82" hai1="97,38,126,66,65,78,52,90,59,2,46,127,108" hai2="122,14,22,50,129,0,105,62,92,73,16,6,17" hai3="135,103,124,75,56,57,99,89,37,98,119,41,69"/><U128/><E2/><V31/><F105/><W43/><G75/><T24/><D112/><U84/><E128/><V15/><F122/><W80/><G69/><T106/><D118/><U12/><E108/><V63/><F73/><W25/><G119/><T28/><D106/><U44/><E78/><V104/><F104/><W79/><G79/><T60/><D109/><U70/><E97/><V53/><F129/><W33/><G135/><T64/><D130/><U10/><E70/><V8/><F31/><W1/><G1/><T93/><D121/><U47/><E38/><V36/><F36/><W87/><G124/><N who="1" m="47658" /><E90/><V3/><F92/><W29/><G99/><T39/><D39/><U100/><E100/><V34/><F34/><W54/><G37/><T42/><D42/><U111/><E84/><V26/><F0/><W116/><G116/><T133/><D24/><U131/><E111/><V125/><F3/><W5/><G5/><T19/><D4/><N who="1" m="3143" /><E131/><V101/><F101/><W96/><G96/><T45/><D45/><U83/><E83/><V68/><F68/><W48/><G57/><N who="0" m="36879" /><D19/><U7/><E7/><V51/><F125/><W115/><REACH who="3" step="1"/><G115/><REACH who="3" ten="251,436,123,180" step="2"/><T55/><D55/><U102/><E102/><V76/><F76/><W114/><G114/><T81/><AGARI ba="4,1" hai="27,28,32,81,82,85,88,93,132,133,134" m="36879" machi="81" ten="40,5200,0" yaku="20,1,52,1,54,1" doraHai="61" who="0" fromWho="0" sc="251,74,436,-30,123,-17,180,-17" /><INIT seed="2,0,0,1,2,116" ten="325,406,106,163" oya="2" hai0="58,1,56,117,69,39,44,11,134,68,14,135,65" hai1="122,98,114,71,94,7,78,133,112,66,73,115,36" hai2="22,100,83,13,119,29,96,27,4,32,41,97,60" hai3="76,24,93,17,43,70,107,113,33,106,5,81,120"/><V99/><F119/><W2/><G70/><N who="0" m="27243" /><D1/><U18/><E36/><V79/><F41/><W121/><G93/><T28/><D28/><U129/><E71/><V8/><F60/><W102/><G113/><T124/><D117/><U82/><E66/><V57/><F57/><W67/><G67/><T128/><D65/><U46/><E46/><V16/><F100/><W130/><G17/><T10/><D128/><U105/><E18/><V47/><F47/><W132/><G130/><T101/><D101/><N who="1" m="62647" /><E7/><V38/><F38/><W85/><G43/><N who="0" m="22655" /><D10/><U74/><E133/><N who="0" m="50697" /><D124/><U131/><E74/><V61/><F61/><W12/><G132/><T88/><D88/><U52/><E52/><V110/><F110/><W90/><G12/><T55/><D55/><U0/><E0/><V123/><F83/><W84/><G5/><AGARI ba="0,0" hai="5,11,14,56,58" m="50697,22655,27243" machi="5" ten="30,1000,0" yaku="20,1" doraHai="116" who="0" fromWho="3" sc="325,10,406,0,106,0,163,-10" /><INIT seed="3,0,0,5,0,132" ten="335,406,106,153" oya="3" hai0="22,21,65,127,8,7,38,13,100,116,102,23,0" hai1="73,101,107,126,25,88,87,103,85,71,72,89,55" hai2="83,44,79,114,33,32,90,77,17,59,64,20,91" hai3="54,113,108,36,26,119,43,78,111,84,16,58,128"/><W1/><G113/><T63/><D38/><U14/><E71/><V6/><F114/><W98/><G119/><T105/><D116/><U118/><E118/><V115/><F115/><W70/><G70/><T104/><D0/><U69/><E69/><V130/><F130/><W121/><G121/><T134/><D134/><U31/><E14/><V27/><F6/><W15/><G1/><T50/><D50/><U12/><E12/><V57/><F44/><W56/><G128/><T125/><D63/><U76/><E55/><V5/><F5/><W66/><G26/><T34/><D65/><U110/><E110/><N who="3" m="42026" /><G98/><T133/><D34/><U53/><E53/><V2/><F2/><W39/><G43/><T40/><D40/><U19/><E19/><V75/><F79/><W86/><G66/><T97/><D133/><U10/><E25/><V80/><F64/><W122/><G122/><T24/><D24/><U42/><E42/><V120/><F120/><W29/><G29/><T51/><D51/><U99/><E31/><V129/><F129/><W112/><G112/><T92/><REACH who="0" step="1"/><D102/><REACH who="0" ten="325,406,106,153" step="2"/><U135/><E135/><V11/><F33/><W106/><G39/><T124/><AGARI ba="0,1" hai="7,8,13,21,22,23,92,97,100,104,105,124,125,127" machi="124" ten="40,12000,2" yaku="1,1,2,1,0,1,18,1,52,3,53,0" doraHai="132" doraHaiUra="131" who="0" fromWho="0" sc="325,130,406,-30,106,-30,153,-60" /><INIT seed="4,0,0,1,0,8" ten="455,376,76,93" oya="0" hai0="111,67,83,68,55,89,72,114,26,124,117,17,35" hai1="43,86,40,76,54,95,14,120,10,0,75,132,102" hai2="70,64,6,47,38,66,25,4,13,56,12,106,107" hai3="52,3,134,15,92,79,116,65,5,100,69,19,98"/><T53/><D117/><U81/><E120/><V45/><F56/><W2/><G116/><T93/><D114/><U21/><E132/><V97/><F25/><W24/><G134/><T121/><D121/><U20/><E0/><V61/><F61/><W131/><G131/><T59/><D124/><U126/><E126/><V115/><F97/><W80/><G5/><T91/><D111/><U87/><E75/><V123/><F123/><W58/><G24/><T101/><D68/><U88/><E102/><V34/><F34/><W28/><G28/><T36/><D36/><U84/><E84/><V71/><REACH who="2" step="1"/><F38/><REACH who="2" ten="455,376,66,93" step="2"/><W130/><G69/><T41/><D59/><U73/><E73/><V110/><F110/><W7/><G65/><T57/><D67/><U1/><E1/><V85/><F85/><W129/><G3/><T18/><D72/><U33/><E33/><V99/><F99/><W133/><G133/><T22/><D35/><U48/><E86/><V49/><F49/><W32/><G32/><T62/><D62/><U82/><E81/><V31/><F31/><W44/><G58/><T60/><D83/><U96/><E76/><V104/><F104/><W105/><G105/><T63/><D63/><U51/><E51/><V127/><F127/><W27/><G27/><T74/><D26/><U78/><E78/><V122/><F122/><W135/><G135/><T103/><D60/><U16/><E96/><V77/><F77/><W119/><G80/><T128/><D74/><U9/><E82/><V30/><F30/><W109/><G79/><T29/><D29/><U39/><E39/><RYUUKYOKU ba="0,1" sc="455,-10,376,-10,66,30,93,-10" hai2="4,6,12,13,45,47,64,66,70,71,106,107,115" /><INIT seed="5,1,1,2,3,20" ten="445,366,96,83" oya="1" hai0="60,54,16,24,97,77,75,129,62,135,11,99,36" hai1="66,51,58,71,123,107,110,13,85,5,52,121,7" hai2="114,127,72,6,48,91,74,18,0,38,83,125,133" hai3="25,9,67,98,56,4,109,134,53,84,65,3,61"/><U117/><E117/><V120/><F38/><W101/><G134/><T37/><D135/><U69/><E107/><V31/><F120/><W70/><G109/><T34/><D75/><U132/><E132/><V102/><F133/><W118/><G118/><T93/><D77/><U49/><E110/><V81/><F31/><W73/><G73/><N who="2" m="28265" /><F48/><W46/><G84/><T35/><D129/><U21/><E7/><V29/><F29/><W86/><G86/><T131/><D131/><U105/><E105/><V59/><F59/><W50/><G25/><T33/><D11/><U124/><E51/><V95/><F18/><W106/><REACH who="3" step="1"/><G70/><REACH who="3" ten="445,366,96,73" step="2"/><T41/><D24/><U23/><E85/><N who="2" m="52719" /><F114/><W111/><G111/><T96/><D35/><U126/><E71/><V113/><F113/><W19/><G19/><T26/><D16/><U17/><E69/><V76/><F6/><W88/><G88/><T80/><D33/><U45/><E5/><V2/><F102/><W40/><AGARI ba="1,2" hai="3,4,9,40,46,50,53,56,61,65,67,98,101,106" machi="40" ten="20,2700,0" yaku="1,1,0,1,7,1,53,0" doraHai="20" doraHaiUra="15" who="3" fromWho="3" sc="445,-8,366,-14,96,-8,73,50" /><INIT seed="6,0,0,1,5,86" ten="437,352,88,123" oya="2" hai0="64,45,37,82,43,112,98,67,120,2,132,61,40" hai1="35,16,6,18,127,76,105,77,62,79,72,14,96" hai2="4,74,32,59,92,38,134,1,133,15,129,117,25" hai3="75,19,114,30,103,126,44,87,111,57,49,58,71"/><V78/><F117/><W83/><G111/><T55/><D2/><U50/><E35/><V131/><F38/><W69/><G75/><T48/><D120/><U119/><E119/><V85/><F74/><W9/><G126/><T34/><D34/><U106/><E127/><V121/><F121/><W89/><G30/><T104/><D112/><U41/><E72/><V108/><F108/><W66/><G114/><T22/><D132/><N who="2" m="50794" /><F1/><W81/><G103/><T28/><D104/><U80/><E6/><V68/><F68/><W116/><G116/><T24/><D98/><U53/><E18/><V100/><F59/><W7/><G83/><T0/><D0/><U128/><E128/><N who="2" m="49227" /><F15/><N who="3" m="7663" /><G7/><T51/><D37/><U123/><E14/><V130/><F4/><W54/><G71/><T60/><D24/><U46/><E46/><V84/><N who="2" m="49235" /><V20/><DORA hai="23" /><F78/><W5/><G5/><T102/><D45/><U124/><E79/><V27/><F32/><W113/><G113/><T21/><D21/><U93/><E77/><V63/><F63/><AGARI ba="0,0" hai="44,49,54,57,58,63,66,69,81,87,89" m="7663" machi="63" ten="30,2000,0" yaku="25,1,52,1" doraHai="86,23" who="3" fromWho="2" sc="437,0,352,0,88,-20,123,20" /><INIT seed="7,0,0,0,3,20" ten="437,352,68,143" oya="3" hai0="46,95,34,130,133,100,96,44,2,47,128,27,93" hai1="81,105,52,91,122,134,13,5,121,12,41,28,124" hai2="65,82,6,21,92,101,104,58,14,49,7,120,79" hai3="66,32,114,123,33,135,71,116,106,78,98,90,0"/><W68/><G90/><T57/><D2/><U70/><E105/><V69/><F104/><W125/><G78/><T60/><D133/><U37/><E70/><V10/><F69/><W61/><G68/><T94/><D27/><U53/><E134/><V19/><F120/><W15/><G15/><T126/><D34/><U18/><E124/><V40/><F65/><W109/><G98/><T83/><D83/><U87/><E28/><V73/><F7/><W108/><G61/><T17/><D17/><U22/><E37/><V42/><F101/><W54/><G54/><N who="0" m="33847" /><D126/><U132/><E41/><V131/><F131/><AGARI ba="0,0" hai="44,46,47,93,94,95,96,100,128,130,131" m="33847" machi="131" ten="30,1000,0" yaku="19,1" doraHai="20" who="0" fromWho="2" sc="437,10,352,0,68,-10,143,0" owari="447,55.0,352,15.0,58,-44.0,143,-26.0" /></mjloggm>