<mjloggm ver="2.3"><GO type="169" lobby="0"/><UN n0="%EF%BC%AD%EF%BD%89%EF%BD%93%EF%BD%88%EF%BD%81%EF%BD%8E" n1="%E3%81%B5%E3%81%8B" n2="%E3%82%B9%E3%82%B1%E3%83%BC%E3%82%BF%E3%83%BC" n3="%E3%82%A6%E3%83%AB%E3%83%88%E3%83%A9%E7%AB%8B%E7%9B%B4" dan="17,17,16,18" rate="2246.90,2171.72,2113.32,2242.17" sx="M,M,M,M"/><TAIKYOKU oya="0"/><INIT seed="0,0,0,0,4,7" ten="250,250,250,250" oya="0" hai0="9,124,23,73,70,19,63,93,117,118,32,0,81" hai1="35,134,33,100,27,121,18,65,42,29,17,101,16" hai2="1,108,41,11,12,114,119,126,94,131,44,31,82" hai3="34,79,59,37,71,21,77,128,47,4,111,89,95"/><T45/><D32/><U109/><E121/><V83/><F114/><W103/><G71/><T40/><D93/><U99/><E109/><V61/><F108/><W48/><G34/><T90/><D124/><U110/><E110/><V56/><F131/><W133/><G111/><T85/><D73/><U64/><E134/><V28/><F1/><W76/><G128/><T69/><D69/><U102/><E42/><V68/><F126/><W26/><G37/><T20/><D20/><U55/><E35/><V125/><F68/><W132/><G59/><T49/><D63/><U72/><E72/><V6/><F119/><W113/><G4/><T30/><D30/><U24/><E24/><V115/><F115/><W15/><G15/><T13/><REACH who="0" step="1"/><D70/><REACH who="0" ten="240,250,250,250" step="2"/><U104/><E33/><V130/><F94/><W43/><G113/><T52/><D52/><U38/><E55/><V8/><F125/><W67/><G67/><T22/><D22/><U53/><E53/><N who="2" m="33935" /><F130/><W112/><G112/><T50/><D50/><U105/><E29/><V14/><F31/><W5/><G21/><T86/><D86/><U60/><E65/><V116/><F28/><W51/><G95/><T92/><D92/><U135/><E60/><V84/><F84/><W120/><G51/><T96/><D96/><U87/><E64/><V129/><F129/><W127/><G48/><T75/><D75/><U58/><E87/><V62/><F62/><W122/><G127/><T3/><D3/><U80/><E99/><V107/><F116/><W39/><G133/><T74/><D74/><U57/><E135/><V25/><F107/><RYUUKYOKU ba="0,1" sc="240,30,250,-10,250,-10,250,-10" hai0="0,9,13,19,23,40,45,49,81,85,90,117,118" /><INIT seed="0,1,1,0,4,38" ten="270,240,240,240" oya="0" hai0="76,86,73,67,15,61,22,8,109,25,72,58,10" hai1="49,125,18,93,54,28,99,90,4,16,79,105,17" hai2="77,13,84,57,23,124,6,123,106,65,68,44,98" hai3="75,43,115,56,114,88,82,134,0,127,133,121,19"/><T91/><D76/><U111/><E111/><V107/><F123/><W50/><G0/><T129/><D129/><U69/><E69/><V92/><F68/><W40/><G121/><T80/><D109/><U64/><E64/><V52/><F124/><W103/><G103/><T70/><D70/><U53/><E125/><V78/><F65/><W62/><G19/><T71/><D71/><U126/><E126/><V63/><F44/><W100/><G100/><T11/><REACH who="0" step="1"/><D15/><REACH who="0" ten="260,240,240,240" step="2"/><U29/><E79/><V132/><F78/><W7/><G127/><T128/><D128/><U97/><E105/><V35/><F13/><W87/><G115/><T51/><D51/><U94/><E4/><V102/><F6/><W95/><G7/><T46/><D46/><U104/><E104/><V31/><F107/><W39/><G50/><T2/><D2/><U83/><E49/><V66/><F77/><N who="3" m="44351" /><G114/><T55/><D55/><U117/><E53/><V27/><F52/><N who="3" m="34055" /><G39/><T14/><D14/><U60/><E54/><V3/><F3/><W120/><G120/><T36/><D36/><U131/><E131/><V85/><F106/><W12/><G12/><T24/><D24/><U89/><E60/><V116/><F27/><W33/><G33/><T135/><D135/><AGARI ba="1,2" hai="40,43,87,88,95,133,134,135" m="34055,44351" machi="135" ten="30,8000,1" yaku="20,1,52,2,54,2" doraHai="38" who="3" fromWho="0" sc="260,-83,240,0,240,0,240,103" /><INIT seed="1,0,0,2,4,53" ten="177,240,240,343" oya="1" hai0="47,58,86,101,63,18,109,124,97,122,36,81,66" hai1="79,1,116,5,82,60,98,65,74,22,113,59,93" hai2="118,117,114,85,76,75,26,24,67,90,87,126,105" hai3="127,16,135,134,29,10,35,12,112,46,111,39,30"/><U88/><E113/><V11/><F114/><W21/><G39/><T68/><D124/><U106/><E116/><V52/><F126/><W115/><G46/><T129/><D129/><U20/><REACH who="1" step="1"/><E106/><REACH who="1" ten="177,230,240,343" step="2"/><V61/><F105/><W51/><G115/><T125/><D125/><U130/><E130/><V2/><F118/><W0/><G112/><T72/><D122/><U95/><E95/><V6/><F117/><W23/><G127/><T123/><D123/><U49/><E49/><V3/><F3/><W38/><G51/><T119/><D119/><U94/><E94/><V99/><F2/><W56/><G0/><T19/><D36/><U64/><E64/><V100/><F67/><W54/><G38/><T43/><D68/><U133/><E133/><V7/><F7/><W37/><G37/><T32/><D66/><U92/><E92/><V41/><F6/><W131/><G131/><T120/><D120/><U45/><E45/><V78/><F78/><W96/><G135/><T71/><D71/><U91/><E91/><V73/><F90/><W69/><G69/><T77/><D47/><U15/><E15/><V8/><F76/><W121/><G12/><T104/><D77/><U9/><AGARI ba="0,1" hai="1,5,9,20,22,59,60,65,74,79,82,88,93,98" machi="9" ten="30,12000,1" yaku="1,1,0,1,52,1,54,1,53,1" doraHai="53" doraHaiUra="4" who="1" fromWho="1" sc="177,-40,230,130,240,-40,343,-40" /><INIT seed="1,1,0,4,2,11" ten="137,360,200,303" oya="1" hai0="123,31,23,22,118,13,88,49,57,97,5,48,79" hai1="43,71,66,76,70,125,51,58,121,91,98,109,78" hai2="40,12,21,65,63,103,105,102,111,41,110,28,52" hai3="56,128,100,47,45,24,127,120,20,90,117,131,46"/><U67/><E121/><V34/><F34/><W85/><G120/><T135/><D123/><U62/><E125/><V74/><F74/><W108/><G100/><T107/><D118/><U0/><E0/><V10/><F28/><W8/><G108/><N who="2" m="41513" /><F21/><N who="0" m="7690" /><D107/><U69/><E109/><V9/><F9/><W73/><G73/><T77/><D31/><U25/><E25/><V133/><F133/><W126/><G56/><T132/><D57/><U106/><E66/><V50/><F63/><W30/><G8/><N who="0" m="4239" /><D77/><U93/><E106/><V72/><F65/><W104/><G104/><T14/><D79/><U87/><E76/><V129/><F72/><W26/><G117/><T17/><D132/><U94/><E78/><V7/><F129/><N who="3" m="49739" /><G26/><T114/><D114/><U39/><E70/><V83/><F83/><AGARI ba="1,0" hai="20,24,30,45,46,47,83,85,90,126,127" m="49739" machi="83" ten="30,1000,0" yaku="19,1" doraHai="11" who="3" fromWho="2" sc="137,0,360,0,200,-13,303,13" /><INIT seed="2,0,0,4,2,74" ten="137,360,187,316" oya="2" hai0="10,78,5,52,92,15,116,87,31,102,27,114,4" hai1="3,75,20,33,40,86,34,133,69,44,26,120,81" hai2="88,47,126,65,90,66,41,0,132,14,68,106,28" hai3="39,118,110,46,17,21,60,84,98,24,85,43,82"/><V48/><F0/><W94/><G118/><T80/><D114/><U121/><E75/><V37/><F106/><W58/><G82/><T105/><D105/><U35/><E69/><V130/><F130/><W129/><G110/><T62/><D116/><U25/><E3/><V13/><F132/><W89/><REACH who="3" step="1"/><G129/><REACH who="3" ten="137,360,187,306" step="2"/><T45/><D92/><U36/><E133/><V1/><F126/><W117/><G117/><T59/><D102/><U93/><E93/><V77/><F90/><W115/><G115/><T100/><D100/><U54/><E81/><V76/><F1/><W131/><G131/><T23/><REACH who="0" step="1"/><D45/><REACH who="0" ten="127,360,187,306" step="2"/><U109/><E44/><V119/><F119/><W38/><G38/><T8/><D8/><U29/><E36/><V91/><F37/><W134/><G134/><T49/><D49/><U73/><E109/><V108/><F108/><W107/><G107/><T83/><D83/><U70/><E120/><V125/><F47/><W95/><G95/><T124/><D124/><U128/><E121/><V19/><F125/><W72/><G72/><T99/><D99/><U122/><E73/><V112/><F48/><W113/><G113/><T51/><D51/><U71/><E128/><V11/><F112/><W103/><G103/><T104/><D104/><U57/><E122/><V61/><F11/><W123/><G123/><T22/><D22/><U127/><E20/><V18/><F91/><W7/><G7/><AGARI ba="0,2" hai="4,5,7,10,15,23,27,31,52,59,62,78,80,87" machi="7" ten="30,8000,1" yaku="1,1,7,1,8,1,52,1,54,1,53,0" doraHai="74" doraHaiUra="63" who="0" fromWho="3" sc="127,100,360,0,187,0,306,-80" /><INIT seed="3,0,0,4,3,69" ten="227,360,187,226" oya="3" hai0="68,92,77,120,79,42,54,129,16,3,107,133,0" hai1="101,27,118,95,106,128,113,28,130,20,55,4,33" hai2="86,61,43,32,44,63,12,11,89,2,124,46,45" hai3="64,24,135,72,8,31,49,85,37,21,117,97,50"/><W13/><G72/><T96/><D107/><U41/><E113/><V22/><F124/><W125/><G117/><T25/><D120/><U102/><E106/><V36/><F32/><W98/><G37/><T67/><D133/><U71/><E71/><V83/><F2/><W80/><G64/><T30/><D129/><U122/><E122/><V104/><F104/><W47/><G135/><T26/><D79/><U56/><E118/><V14/><F44/><W1/><G1/><T87/><D42/><U40/><E4/><V109/><F109/><W126/><G126/><T100/><D54/><U65/><E65/><V119/><F119/><W93/><G125/><T114/><D114/><U84/><E33/><V5/><F45/><W51/><G93/><T52/><D52/><U70/><E70/><V60/><F22/><W62/><G62/><T58/><D68/><U35/><E35/><V34/><F34/><W116/><G116/><T75/><D75/><U73/><E73/><V88/><REACH who="2" step="1"/><F12/><REACH who="2" ten="227,360,177,226" step="2"/><W91/><REACH who="3" step="1"/><G47/><REACH who="3" ten="227,360,177,216" step="2"/><T15/><D3/><U39/><E128/><V112/><F112/><W53/><G53/><T115/><D115/><U134/><E55/><V10/><F10/><W94/><G94/><T123/><D0/><U66/><E95/><V108/><F108/><W29/><G29/><T18/><D30/><U132/><E28/><V99/><F99/><W48/><N who="3" m="12288" /><DORA hai="59" /><W57/><G57/><T17/><D123/><U121/><E121/><V23/><F23/><W19/><AGARI ba="0,2" hai="8,13,19,21,24,31,80,85,91,97,98" m="12288" machi="19" ten="40,12000,1" yaku="1,1,0,1,8,1,53,1" doraHai="69,59" doraHaiUra="82,103" who="3" fromWho="3" sc="227,-40,360,-40,177,-40,216,140" /><INIT seed="3,1,0,2,5,3" ten="187,320,137,356" oya="3" hai0="57,7,96,121,70,24,32,29,37,62,59,75,73" hai1="119,83,102,34,130,125,90,84,88,134,93,115,131" hai2="126,17,135,86,118,68,82,85,19,21,46,27,92" hai3="1,42,25,79,23,65,101,64,108,2,112,52,35"/><W69/><G35/><T124/><D121/><U53/><E34/><V4/><F118/><W22/><G112/><T95/><D37/><U133/><E53/><V41/><F135/><N who="1" m="51721" /><E115/><V97/><F126/><W106/><G42/><T20/><D124/><U77/><E125/><V30/><F68/><W114/><G114/><T72/><D32/><U31/><E31/><V132/><F132/><W60/><G108/><T14/><D70/><U67/><E67/><V26/><F4/><W104/><G79/><T39/><D39/><U0/><E0/><V94/><F27/><W103/><G25/><T81/><D81/><U109/><E109/><V111/><F111/><W66/><G69/><T78/><D78/><U56/><E56/><V9/><F9/><W128/><G65/><T91/><REACH who="0" step="1"/><D62/><REACH who="0" ten="177,320,137,356" step="2"/><U105/><E119/><V47/><F82/><W123/><G60/><T45/><D45/><U80/><E80/><V76/><F47/><W8/><G123/><T36/><D36/><U117/><E117/><V50/><F76/><W16/><G128/><T28/><D28/><U43/><E77/><V58/><F58/><W63/><G63/><T11/><AGARI ba="1,1" hai="7,11,14,20,24,29,57,59,72,73,75,91,95,96" machi="11" ten="40,5200,0" yaku="1,1,0,1,52,1,53,0" doraHai="3" doraHaiUra="40" who="0" fromWho="0" sc="177,65,320,-14,137,-14,356,-27" /><INIT seed="4,0,0,2,4,78" ten="242,306,123,329" oya="0" hai0="13,73,82,1,28,7,105,50,26,98,47,126,106" hai1="95,121,57,88,117,21,124,19,116,91,3,35,81" hai2="23,79,46,62,75,87,12,60,134,44,110,119,132" hai3="48,68,107,99,64,41,90,17,94,131,54,122,42"/><T128/><D1/><U85/><E121/><V77/><F75/><W27/><G107/><T30/><D128/><U114/><E35/><V129/><F110/><W55/><G68/><T37/><D37/><U53/><E3/><V111/><F111/><W56/><G64/><T25/><D126/><U18/><E114/><V115/><F12/><W38/><G38/><T108/><D108/><U86/><E124/><V123/><F23/><N who="3" m="13807" /><G122/><T58/><D58/><U125/><E125/><V76/><F123/><W0/><G0/><T130/><D130/><U2/><E2/><V67/><F129/><W80/><G131/><T72/><D98/><U32/><E32/><V83/><F115/><W24/><G24/><T135/><D13/><U100/><E100/><V120/><F119/><W20/><G20/><T102/><D102/><U101/><E101/><V9/><F9/><W63/><G80/><T133/><D50/><U113/><E113/><V51/><F120/><W104/><G104/><T10/><D10/><U97/><E97/><V70/><F62/><W45/><AGARI ba="0,0" hai="41,42,45,48,54,55,56,63,90,94,99" m="13807" machi="45" ten="30,2000,0" yaku="25,1,8,1" doraHai="78" who="3" fromWho="3" sc="242,-10,306,-5,123,-5,329,20" /><INIT seed="5,0,0,3,1,130" ten="232,301,118,349" oya="1" hai0="14,59,127,63,17,92,0,76,115,46,122,100,50" hai1="83,32,2,123,3,90,54,35,15,52,112,69,65" hai2="91,21,125,18,13,98,111,20,57,6,72,88,29" hai3="105,134,47,77,27,84,42,128,104,107,99,103,31"/><U33/><E123/><V48/><F111/><W44/><G128/><T89/><D0/><U12/><E112/><V11/><F125/><W64/><G64/><T106/><D115/><U19/><E3/><V40/><F72/><W82/><G134/><T108/><D108/><U55/><E2/><V16/><F29/><W61/><G61/><T10/><D127/><U101/><E101/><V43/><F98/><W120/><G120/><T60/><D76/><U74/><E12/><V118/><F118/><W93/><REACH who="3" step="1"/><G42/><REACH who="3" ten="232,301,118,339" step="2"/><T81/><D122/><U24/><E65/><V39/><F43/><W119/><G119/><T51/><D63/><U9/><E69/><V114/><F114/><W7/><G7/><T53/><D106/><U116/><E116/><V97/><F40/><W36/><G36/><T67/><D51/><U126/><E126/><V86/><F39/><W4/><G4/><T45/><D100/><U78/><REACH who="1" step="1"/><E90/><REACH who="1" ten="232,291,118,339" step="2"/><V95/><F6/><W37/><G37/><T49/><D89/><U102/><E102/><V80/><F11/><W121/><G121/><T117/><D117/><U38/><E38/><V26/><F48/><W62/><G62/><T131/><D50/><U68/><E68/><V70/><F70/><W41/><G41/><T5/><D60/><U73/><E73/><V1/><F1/><W79/><G79/><T85/><D67/><U75/><E75/><V56/><AGARI ba="0,2" hai="13,16,18,20,21,26,56,57,80,86,88,91,95,97" machi="56" ten="30,7900,0" yaku="0,1,8,1,54,2" doraHai="130" who="2" fromWho="2" sc="232,-20,291,-39,118,99,339,-20" /><INIT seed="6,0,0,1,1,57" ten="212,252,217,319" oya="2" hai0="38,122,16,24,63,48,56,55,15,99,30,118,43" hai1="36,23,59,84,31,41,72,13,37,96,22,35,60" hai2="123,134,95,75,79,135,42,77,20,112,70,87,69" hai3="68,49,91,89,93,18,65,62,73,2,97,103,127"/><V119/><F119/><W81/><G2/><T0/><D0/><U129/><E72/><V108/><F123/><W100/><G127/><T6/><D122/><U94/><E35/><V115/><F75/><W10/><G49/><T46/><D118/><U76/><E41/><V5/><F42/><W120/><G120/><T64/><D6/><U54/><E129/><V121/><F121/><W9/><G91/><T44/><D99/><U90/><E13/><V1/><F20/><W26/><G26/><T133/><D133/><N who="2" m="50698" /><F108/><W101/><REACH who="3" step="1"/><G18/><REACH who="3" ten="212,252,217,309" step="2"/><T53/><D24/><U104/><E90/><N who="2" m="53727" /><F1/><W116/><G116/><T88/><D30/><U58/><E31/><V82/><F5/><W19/><G19/><T125/><D125/><U4/><E4/><V74/><F79/><AGARI ba="0,1" hai="9,10,62,65,68,73,79,81,89,93,97,100,101,103" machi="79" ten="40,2600,0" yaku="1,1,52,1,53,0" doraHai="57" doraHaiUra="132" who="3" fromWho="2" sc="212,0,252,0,217,-26,309,36" /><INIT seed="7,0,0,4,2,6" ten="212,252,191,345" oya="3" hai0="112,133,77,102,53,97,17,85,39,81,94,76,118" hai1="15,52,0,104,55,29,111,73,5,100,125,84,1" hai2="42,65,33,3,101,57,106,2,63,40,27,89,31" hai3="132,54,64,43,58,71,83,74,117,128,98,99,108"/><W123/><G43/><T12/><D39/><U14/><E73/><V22/><F106/><W107/><G64/><T119/><D133/><U121/><E29/><V10/><F101/><W82/><G71/><T35/><D35/><U93/><E104/><V78/><F78/><W48/><G83/><T56/><D112/><U21/><E100/><V25/><F89/><W36/><G48/><T18/><D18/><U61/><E21/><V11/><F3/><W120/><G54/><T67/><D67/><U13/><E5/><V131/><F131/><W86/><G58/><T135/><D135/><U23/><E23/><N who="2" m="15807" /><F2/><W72/><G36/><T122/><D122/><U87/><E0/><V47/><F33/><W20/><G20/><T9/><D77/><U103/><E1/><V49/><F42/><W59/><G123/><T8/><D119/><U50/><E103/><V32/><F32/><W92/><G107/><T45/><D45/><U95/><E121/><V51/><F49/><W124/><G120/><T28/><D28/><AGARI ba="0,0" hai="10,11,22,27,28,40,47,51,57,63,65" m="15807" machi="28" ten="30,3900,0" yaku="8,1,52,2" doraHai="6" who="2" fromWho="0" sc="212,-39,252,0,191,39,345,0" owari="173,-33.0,252,5.0,230,-17.0,345,45.0" /></mjloggm>