<mjloggm ver="2.3"><GO type="169" lobby="0"/><UN n0="%E3%82%B7%E3%83%A3%E3%82%AD%E3%82%AA%E3%83%8B" n1="%63%6F%62%65%68%6F%70%65" n2="%53%2E%44%61%6E%63%65%72" n3="%E3%82%A6%E3%83%AB%E3%83%88%E3%83%A9%E7%AB%8B%E7%9B%B4" dan="17,16,16,18" rate="2113.13,2097.03,2188.74,2272.06" sx="M,M,M,M"/><TAIKYOKU oya="0"/><INIT seed="0,0,0,0,1,79" ten="250,250,250,250" oya="0" hai0="18,13,64,68,17,43,115,38,47,56,63,7,0" hai1="108,96,78,134,58,51,5,73,60,33,106,113,93" hai2="129,25,132,130,16,100,31,77,122,109,45,26,66" hai3="19,62,92,69,67,50,87,125,120,4,94,97,52"/><T76/><D115/><U6/><E33/><V49/><F122/><W101/><G125/><T105/><D105/><U57/><E106/><V39/><F39/><W81/><G4/><T128/><D128/><N who="2" m="49258" /><F109/><W22/><G120/><T131/><D131/><U42/><E108/><V90/><F100/><W34/><G34/><T12/><D68/><U53/><E134/><V118/><F132/><W8/><G8/><T114/><D114/><U111/><E111/><V80/><F90/><W119/><G119/><T124/><D124/><U86/><E73/><V30/><F66/><W9/><G9/><T44/><D44/><U85/><E113/><V95/><F95/><W110/><G110/><T24/><D0/><U23/><E23/><N who="2" m="13543" /><F26/><W91/><G22/><T15/><D7/><U28/><E28/><V32/><F32/><W127/><G19/><T121/><D121/><U102/><E78/><V104/><F104/><W71/><G127/><T14/><N who="0" m="3072" /><DORA hai="98" /><T88/><D76/><U61/><E6/><V135/><F118/><W74/><G74/><T133/><D133/><U27/><E27/><V55/><F135/><W75/><G75/><AGARI ba="0,0" hai="30,31,45,49,55,75,77,80" m="13543,49258" machi="75" ten="30,3900,0" yaku="19,1,52,1,54,1" doraHai="79,98" who="2" fromWho="3" sc="250,0,250,0,250,39,250,-39" /><INIT seed="1,0,0,5,5,85" ten="250,250,289,211" oya="1" hai0="19,33,38,135,10,41,49,81,129,32,40,7,131" hai1="53,62,5,15,93,65,52,39,100,0,108,104,113" hai2="90,67,29,23,4,101,121,115,25,43,114,27,3" hai3="1,133,69,66,30,71,44,24,2,31,57,8,110"/><U72/><E113/><N who="2" m="43019" /><F101/><W99/><G110/><T14/><D38/><U28/><E108/><V117/><F117/><W68/><G133/><T106/><D106/><U16/><E72/><V134/><F121/><W123/><G123/><T26/><D81/><U37/><E104/><V87/><F134/><W55/><G8/><T84/><D84/><U91/><E100/><V120/><F120/><W6/><G6/><T47/><D40/><U82/><E82/><V119/><F119/><W80/><G80/><T128/><D135/><U130/><E28/><V20/><F67/><W51/><G31/><T89/><D89/><U124/><E5/><V125/><F125/><W107/><G107/><T112/><D112/><U73/><E73/><V122/><F43/><W35/><G99/><T61/><D61/><U36/><E0/><V21/><F27/><W22/><G35/><T48/><D48/><U78/><E78/><V58/><F58/><W11/><G11/><N who="0" m="6623" /><D26/><U103/><E103/><V42/><F42/><W111/><G111/><T94/><D94/><U59/><E124/><V105/><F105/><W74/><G74/><T95/><D95/><U56/><E56/><V109/><F109/><W92/><G92/><T77/><D77/><U18/><E65/><V132/><F132/><W50/><G66/><T116/><D116/><U96/><E53/><V64/><F64/><W17/><G30/><T60/><D60/><U9/><REACH who="1" step="1"/><E18/><REACH who="1" ten="250,240,289,211" step="2"/><V13/><F122/><W54/><AGARI ba="0,1" hai="1,2,17,22,24,44,50,51,54,55,57,68,69,71" machi="54" ten="40,1500,0" yaku="0,1" doraHai="85" who="3" fromWho="3" sc="250,-4,240,-7,289,-4,211,25" /><INIT seed="2,0,0,5,2,68" ten="246,233,285,236" oya="2" hai0="11,50,59,96,94,62,56,74,39,5,23,119,49" hai1="99,79,129,131,97,104,57,12,3,112,82,126,0" hai2="35,21,87,28,22,80,128,1,111,32,33,130,58" hai3="64,10,95,106,4,90,25,43,45,123,91,14,18"/><V77/><F1/><W116/><G106/><T88/><D74/><U63/><E112/><V81/><F111/><W20/><G116/><T98/><D119/><U7/><E126/><V6/><F6/><W72/><G72/><T100/><D23/><U41/><E41/><V55/><F81/><W66/><G123/><T40/><D39/><U85/><E12/><V122/><F122/><W92/><G92/><T127/><D127/><U71/><E71/><V9/><F9/><W51/><REACH who="3" step="1"/><G91/><REACH who="3" ten="246,233,285,226" step="2"/><T101/><D101/><U102/><E99/><AGARI ba="0,1" hai="4,10,14,18,20,25,43,45,51,64,66,90,95,99" machi="99" ten="30,8000,1" yaku="1,1,2,1,7,1,8,1,53,1" doraHai="68" doraHaiUra="8" who="3" fromWho="1" sc="246,0,233,-80,285,0,226,90" /><INIT seed="3,0,0,3,0,135" ten="246,153,285,316" oya="3" hai0="17,37,76,2,117,26,115,32,92,63,132,40,62" hai1="112,124,61,100,125,78,88,121,120,13,50,44,0" hai2="128,133,15,110,114,109,20,49,46,131,68,39,86" hai3="107,74,10,111,93,58,45,95,130,89,35,71,87"/><W104/><G71/><T14/><D117/><U83/><E0/><V56/><F86/><W52/><G35/><T28/><D2/><U94/><E112/><V59/><F114/><W69/><G69/><T75/><D115/><U29/><E100/><V24/><F15/><W25/><G74/><T90/><D132/><U81/><E29/><V113/><F113/><W129/><G45/><T105/><D105/><U60/><E13/><V123/><F133/><W6/><G25/><T122/><D122/><U9/><E9/><V36/><F123/><W96/><G111/><N who="2" m="42505" /><F20/><W70/><G70/><T23/><D40/><U21/><E21/><V101/><F101/><W66/><G66/><T43/><D43/><N who="1" m="24863" /><E121/><V30/><F68/><W33/><G33/><T11/><D37/><N who="2" m="14410" /><F30/><W91/><G107/><T102/><D102/><U82/><E78/><V99/><F99/><W119/><G104/><T4/><D76/><U41/><E41/><N who="2" m="24783" /><F24/><W67/><G10/><T98/><D75/><U116/><E116/><V34/><F34/><W27/><G119/><T18/><D18/><U73/><E73/><V55/><F55/><W38/><G27/><T1/><AGARI ba="0,0" hai="1,4,11,14,17,23,26,28,32,62,63,90,92,98" machi="1" ten="20,5200,0" yaku="0,1,7,1,24,2" doraHai="135" who="0" fromWho="0" sc="246,52,153,-13,285,-13,316,-26" /><INIT seed="4,0,0,2,1,35" ten="298,140,272,290" oya="0" hai0="27,108,23,3,49,55,119,96,112,94,44,97,125" hai1="73,0,87,103,42,130,26,128,135,11,115,101,79" hai2="69,32,106,52,65,60,100,90,9,12,88,24,71" hai3="25,126,92,16,54,104,133,43,113,111,30,13,38"/><T50/><D119/><U56/><E73/><V37/><F37/><W123/><G104/><T62/><D112/><U74/><E74/><V76/><F76/><W75/><G75/><T80/><D125/><U53/><E42/><V98/><F71/><W8/><G111/><T7/><D80/><N who="1" m="47519" /><E115/><V83/><F83/><W67/><G67/><T66/><D108/><U70/><E70/><V132/><F132/><W51/><G133/><T33/><D33/><U77/><E26/><V121/><F121/><W29/><G126/><T19/><D50/><N who="1" m="30775" /><E77/><V17/><F52/><W61/><G38/><T95/><D95/><U1/><E11/><V46/><F46/><N who="3" m="26079" /><G123/><T5/><D3/><N who="1" m="1099" /><E135/><V15/><F15/><W40/><G40/><T28/><D97/><U134/><E134/><V39/><F39/><W22/><G113/><T99/><D96/><U18/><E18/><V58/><F58/><N who="3" m="35031" /><G92/><T107/><D107/><U21/><E21/><V118/><F118/><W36/><G36/><T57/><D19/><AGARI ba="0,0" hai="8,13,16,19,22,25,29,30" m="35031,26079" machi="19" ten="30,2000,0" yaku="8,1,54,1" doraHai="35" who="3" fromWho="0" sc="298,-20,140,0,272,0,290,20" /><INIT seed="5,0,0,2,3,28" ten="278,140,272,310" oya="1" hai0="124,110,18,67,81,128,30,3,44,24,114,89,106" hai1="9,45,5,11,0,12,84,57,27,70,120,63,121" hai2="112,39,93,94,117,35,56,96,10,130,118,108,99" hai3="129,51,83,79,41,82,31,127,102,14,15,33,105"/><U49/><E70/><V113/><F39/><W116/><G102/><T66/><D110/><U64/><E27/><V109/><F56/><W98/><G98/><N who="2" m="37417" /><F10/><W47/><G105/><T62/><D106/><U52/><REACH who="1" step="1"/><E84/><REACH who="1" ten="278,130,272,310" step="2"/><V72/><F72/><W60/><G116/><N who="2" m="44649" /><F130/><W71/><G129/><T32/><D128/><U68/><E68/><V65/><F65/><W26/><G71/><T43/><D67/><U125/><E125/><V78/><F35/><W111/><G127/><T16/><D124/><U54/><E54/><V36/><F36/><W90/><G33/><T77/><D32/><U91/><E91/><V100/><F78/><W73/><G79/><T50/><D89/><U42/><E42/><V29/><F29/><W87/><G31/><T37/><D24/><U58/><E58/><V103/><F100/><W48/><G26/><T40/><D30/><U53/><E53/><V6/><F103/><W107/><G41/><T104/><D43/><U19/><AGARI ba="0,1" hai="0,5,9,11,12,19,45,49,52,57,63,64,120,121" machi="19" ten="20,7800,0" yaku="1,1,0,1,7,1,54,1,53,0" doraHai="28" doraHaiUra="86" who="1" fromWho="1" sc="278,-26,130,88,272,-26,310,-26" /><INIT seed="5,1,0,4,5,14" ten="252,218,246,284" oya="1" hai0="125,81,54,109,113,50,58,52,56,55,34,95,72" hai1="44,92,105,45,130,32,12,4,3,9,24,108,80" hai2="64,87,121,39,110,31,84,134,114,129,47,61,40" hai3="101,98,79,57,119,36,116,96,42,85,43,19,21"/><U41/><E130/><V71/><F121/><W11/><G11/><T46/><D109/><U33/><E105/><V70/><F110/><W66/><G36/><T77/><D34/><U103/><E108/><V23/><F129/><W75/><G75/><T69/><D69/><U27/><E45/><V128/><F128/><W1/><G1/><T20/><D113/><U78/><E92/><V76/><F114/><W68/><G68/><T123/><D125/><U94/><E94/><V89/><F134/><W124/><G124/><T118/><D118/><N who="3" m="45097" /><G85/><T82/><D82/><U29/><E103/><V26/><F76/><W127/><G79/><T106/><D106/><U18/><E27/><V17/><F71/><W74/><G74/><T0/><D0/><U10/><E24/><V99/><F99/><W135/><G135/><T104/><D104/><U53/><E53/><V7/><F7/><W91/><G91/><T133/><D133/><U131/><E29/><V65/><F65/><W16/><G127/><T107/><D107/><U38/><E131/><V86/><REACH who="2" step="1"/><F31/><REACH who="2" ten="252,218,236,284" step="2"/><W59/><G98/><T73/><D123/><U6/><E6/><V90/><AGARI ba="1,1" hai="17,23,26,39,40,47,61,64,70,84,86,87,89,90" machi="90" ten="30,7900,0" yaku="1,1,2,1,0,1,52,1,53,0" doraHai="14" doraHaiUra="120" who="2" fromWho="2" sc="252,-21,218,-40,236,92,284,-21" /><INIT seed="6,0,0,4,4,119" ten="231,178,328,263" oya="2" hai0="28,88,114,7,48,32,107,83,36,38,27,50,120" hai1="131,118,17,58,111,77,128,86,55,71,123,98,44" hai2="95,54,3,112,117,91,104,92,69,94,80,22,99" hai3="13,97,85,25,74,39,90,34,132,11,126,57,78"/><V46/><F69/><W19/><G39/><T21/><D114/><U125/><E71/><V16/><F3/><W82/><G126/><T41/><D107/><U67/><E111/><V47/><F117/><W42/><G42/><T81/><D32/><U37/><E118/><V63/><F112/><W14/><G97/><T96/><D7/><U24/><E67/><V115/><F115/><W134/><G57/><T12/><D12/><U102/><E125/><V53/><F104/><W121/><G121/><T1/><D1/><U30/><E17/><V76/><F76/><W18/><G25/><T20/><D96/><U116/><E116/><V49/><F80/><W33/><G33/><T105/><D105/><U65/><E65/><V40/><F63/><W60/><G60/><T56/><D56/><U135/><E135/><V66/><F66/><W59/><G59/><T93/><D93/><N who="2" m="35946" /><F47/><W51/><G34/><T5/><D27/><AGARI ba="0,0" hai="16,22,27,40,46,49,53,54,91,95,99" m="35946" machi="27" ten="30,2900,0" yaku="8,1,54,1" doraHai="119" who="2" fromWho="0" sc="231,-29,178,0,328,29,263,0" /><INIT seed="6,1,0,2,2,12" ten="202,178,357,263" oya="2" hai0="45,112,72,97,98,15,58,96,129,75,22,61,64" hai1="70,86,87,53,115,52,116,134,46,121,34,56,20" hai2="69,3,26,13,122,77,48,27,85,83,92,65,111" hai3="21,2,68,79,6,63,135,100,14,114,130,24,28"/><V109/><F122/><W30/><G79/><T110/><D110/><N who="2" m="41994" /><F3/><W71/><G100/><T105/><D105/><U127/><E34/><V38/><F38/><W125/><G63/><T124/><D112/><U41/><E115/><V47/><F92/><W4/><G71/><T40/><D129/><U103/><E70/><V104/><F104/><W95/><G95/><T132/><D132/><U88/><E134/><V60/><F13/><W106/><G14/><T74/><D124/><U117/><E127/><V59/><F59/><W57/><G57/><T81/><D81/><U62/><E121/><V37/><F37/><W33/><G2/><T55/><D64/><U0/><E0/><V31/><F31/><W5/><G30/><T101/><D101/><U9/><E103/><V17/><F17/><W123/><G28/><T11/><D22/><U23/><E9/><V10/><F10/><W93/><G21/><T118/><D118/><U80/><E117/><V42/><AGARI ba="1,0" hai="26,27,42,47,48,60,65,69,77,83,85" m="41994" machi="42" ten="30,1500,0" yaku="10,1" doraHai="12" who="2" fromWho="2" sc="202,-6,178,-6,357,18,263,-6" /><INIT seed="6,2,0,0,1,132" ten="196,172,375,257" oya="2" hai0="39,93,105,14,59,81,118,40,91,12,61,125,74" hai1="113,102,42,57,67,33,9,17,109,29,43,90,18" hai2="114,55,110,15,99,52,77,10,107,94,127,89,27" hai3="38,123,3,22,129,2,115,112,135,88,80,36,54"/><V69/><F69/><W128/><G22/><T64/><D118/><U83/><E109/><V106/><F110/><W133/><G54/><T72/><D105/><U28/><E113/><N who="3" m="43594" /><G123/><T92/><D40/><N who="1" m="15403" /><E33/><V37/><F37/><N who="3" m="14443" /><G88/><T95/><D39/><U20/><E102/><V50/><F114/><W131/><G80/><T130/><D130/><U26/><E9/><V13/><F77/><W4/><G4/><T84/><REACH who="0" step="1"/><D125/><REACH who="0" ten="186,172,375,257" step="2"/><U8/><E83/><V121/><F127/><W75/><G75/><AGARI ba="2,1" hai="12,14,59,61,64,72,74,75,81,84,91,92,93,95" machi="75" ten="40,2600,0" yaku="1,1,2,1,53,0" doraHai="132" doraHaiUra="25" who="0" fromWho="3" sc="186,42,172,0,375,0,257,-32" /><INIT seed="7,0,0,5,5,100" ten="228,172,375,225" oya="3" hai0="99,71,102,126,125,94,81,73,74,43,132,36,61" hai1="101,3,118,131,135,45,1,133,103,89,10,30,128" hai2="122,31,75,25,52,5,91,26,50,65,85,86,11" hai3="87,56,58,18,130,92,69,8,4,95,113,115,42"/><W60/><G18/><T111/><D111/><U46/><E89/><V67/><F75/><W41/><G69/><T90/><D43/><N who="3" m="16393" /><G130/><N who="1" m="49706" /><E30/><V97/><F97/><W64/><G58/><T21/><D36/><U93/><E93/><V14/><F122/><W16/><G16/><T96/><D132/><N who="1" m="50763" /><E10/><V55/><F55/><W114/><G87/><N who="2" m="33289" /><F91/><W59/><G59/><T47/><D47/><N who="1" m="17931" /><E118/><V32/><F32/><W27/><G27/><N who="2" m="10249" /><F31/><W13/><AGARI ba="0,0" hai="4,8,13,56,60,64,92,95,113,114,115" m="16393" machi="13" ten="40,2100,0" yaku="15,1" doraHai="100" who="3" fromWho="3" sc="228,-7,172,-7,375,-7,225,21" /><INIT seed="7,1,0,2,1,82" ten="221,165,368,246" oya="3" hai0="70,51,113,94,100,122,58,18,133,93,120,2,117" hai1="17,60,4,73,130,3,50,98,46,62,125,21,81" hai2="12,33,64,55,135,79,34,13,48,127,7,126,44" hai3="91,32,110,121,39,61,77,8,105,71,75,49,108"/><W67/><G121/><T90/><D117/><U47/><E3/><V87/><F135/><W42/><G105/><T59/><D70/><U28/><E73/><V9/><F64/><W112/><G32/><T53/><D2/><U63/><E125/><N who="2" m="47627" /><F12/><W20/><G20/><T40/><D133/><U97/><E130/><V76/><F87/><W78/><G8/><T83/><D113/><U45/><E81/><V129/><F129/><W111/><G75/><T109/><D40/><U99/><E4/><V65/><F65/><W84/><G39/><T86/><D109/><U89/><E28/><V124/><F124/><W25/><G25/><T131/><D131/><U1/><E1/><V85/><F85/><W101/><G112/><T56/><D18/><U31/><E31/><V6/><F6/><W16/><G16/><T10/><D10/><U107/><E107/><V35/><AGARI ba="1,0" hai="7,9,13,33,34,35,44,48,55,76,79" m="47627" machi="35" ten="40,1500,0" yaku="18,1" doraHai="82" who="2" fromWho="2" sc="221,-5,165,-5,368,18,246,-8" owari="216,-18.0,160,-34.0,386,48.0,238,4.0" /></mjloggm>