<mjloggm ver="2.3"><GO type="169" lobby="0"/><UN n0="%E3%81%91%E3%81%A4%E3%81%AD%E3%81%93" n1="%E3%81%A8%E3%82%8A%E3%81%AB%E3%82%83%E3%82%93" n2="%E3%81%AF%E3%81%84%E3%81%A6%E3%82%93%E3%81%BC%E3%83%BC" n3="%E3%82%A6%E3%83%AB%E3%83%88%E3%83%A9%E7%AB%8B%E7%9B%B4" dan="16,16,18,18" rate="2134.48,2078.34,2235.24,2238.14" sx="F,M,M,M"/><TAIKYOKU oya="0"/><INIT seed="0,0,0,2,3,62" ten="250,250,250,250" oya="0" hai0="34,88,61,15,116,100,108,29,55,44,124,93,113" hai1="20,76,16,5,120,91,77,46,64,26,27,75,101" hai2="109,18,22,84,107,129,53,85,71,81,117,35,36" hai3="11,111,6,31,103,39,97,52,79,70,134,73,123"/><T126/><D113/><U45/><E120/><V130/><F35/><W72/><G123/><T9/><D116/><U115/><E115/><V86/><F107/><W68/><G111/><T28/><D100/><U3/><E101/><V87/><F36/><W17/><G17/><T104/><D104/><U74/><E3/><V48/><F71/><W106/><G134/><T135/><D135/><U8/><E75/><V63/><F63/><W51/><G31/><T57/><D44/><N who="1" m="17003" /><E74/><V80/><F109/><W12/><G39/><T119/><D119/><U69/><E69/><V32/><F32/><W50/><G73/><T96/><D108/><U82/><E27/><V99/><F99/><W40/><G40/><T2/><D2/><U131/><E131/><V112/><F112/><W65/><G70/><T49/><D49/><U25/><E25/><V13/><F117/><W38/><G51/><T78/><D78/><U125/><E5/><V128/><N who="2" m="21504" /><DORA hai="114" /><V105/><REACH who="2" step="1"/><F105/><REACH who="2" ten="250,250,240,250" step="2"/><W132/><G38/><T83/><D34/><U14/><E125/><N who="0" m="48233" /><D83/><U47/><E82/><V19/><F19/><AGARI ba="0,1" hai="9,15,19,28,29,55,57,61,88,93,96" m="48233" machi="19" ten="30,2900,0" yaku="18,1,54,1" doraHai="62,114" who="0" fromWho="2" sc="250,39,250,0,240,-29,250,0" /><INIT seed="0,1,0,5,2,119" ten="289,250,211,250" oya="0" hai0="116,78,48,40,32,26,94,87,14,112,84,107,118" hai1="52,122,98,3,135,82,37,71,1,72,64,65,57" hai2="68,128,31,85,121,61,36,11,13,6,24,22,97" hai3="83,101,91,103,44,33,56,133,132,67,124,41,105"/><T79/><D107/><U96/><E37/><V75/><F75/><W70/><G33/><T76/><D112/><U109/><E71/><V15/><F36/><W89/><G70/><T62/><D62/><U99/><E135/><V23/><F128/><W114/><G114/><T30/><D14/><U66/><E109/><V123/><F97/><W129/><G56/><T34/><D34/><U59/><E59/><V106/><F106/><W42/><G44/><T25/><D25/><U28/><E28/><V47/><F85/><W58/><G58/><T117/><REACH who="0" step="1"/><D94/><REACH who="0" ten="279,250,211,250" step="2"/><U51/><REACH who="1" step="1"/><E122/><REACH who="1" ten="279,240,211,250" step="2"/><V27/><F123/><W39/><G133/><T111/><D111/><U73/><E73/><V131/><F121/><W74/><G74/><T134/><D134/><U126/><E126/><V110/><F110/><W86/><G124/><T95/><D95/><U20/><E20/><V115/><F115/><W104/><G132/><T45/><AGARI ba="1,2" hai="26,30,32,40,45,48,76,78,79,84,87,116,117,118" machi="45" ten="40,7800,0" yaku="1,1,0,1,53,1" doraHai="119" doraHaiUra="38" who="0" fromWho="0" sc="279,101,240,-27,211,-27,250,-27" /><INIT seed="0,2,0,1,2,30" ten="380,213,184,223" oya="0" hai0="78,116,59,95,52,51,38,56,17,39,9,33,37" hai1="84,79,63,43,23,121,22,2,92,68,13,117,134" hai2="83,46,24,11,62,80,124,7,42,76,1,45,115" hai3="107,4,47,31,5,44,58,27,75,135,6,132,86"/><T54/><D116/><U82/><E117/><V57/><F115/><W119/><G75/><T19/><D78/><U98/><E2/><V118/><F118/><W101/><G119/><T81/><D81/><U14/><E121/><V127/><F24/><W96/><G58/><T126/><D126/><U67/><E134/><N who="3" m="51242" /><G86/><T12/><D95/><U8/><E43/><V89/><F89/><W128/><G128/><T112/><D112/><U10/><E98/><V32/><F46/><W91/><G91/><T77/><D77/><U106/><E106/><V109/><F109/><W122/><G122/><T64/><D64/><U53/><E53/><V61/><F83/><W60/><G60/><T69/><D69/><U55/><E92/><V88/><F88/><W85/><G85/><T93/><D93/><U114/><E55/><V97/><F97/><W125/><G125/><N who="2" m="48201" /><F57/><W36/><G36/><T65/><D65/><U20/><REACH who="1" step="1"/><E114/><REACH who="1" ten="380,203,184,223" step="2"/><V18/><F42/><W28/><G96/><T74/><D39/><U35/><E35/><V72/><F32/><N who="3" m="20511" /><G107/><T133/><D33/><U34/><E34/><V87/><F45/><W3/><G47/><T25/><D38/><U120/><E120/><V40/><F40/><W131/><G44/><T90/><D37/><U100/><E100/><V29/><F1/><W129/><G101/><T15/><D133/><U71/><E71/><V21/><F80/><W16/><G3/><T123/><D123/><U73/><E73/><V0/><F72/><W111/><G131/><T49/><D74/><U94/><E94/><V110/><F62/><W48/><G129/><RYUUKYOKU ba="2,1" sc="380,-10,203,30,184,-10,223,-10" hai1="8,10,13,14,20,22,23,63,67,68,79,82,84" /><INIT seed="1,3,1,4,2,133" ten="370,233,174,213" oya="1" hai0="85,66,76,25,104,50,4,118,24,12,82,38,116" hai1="87,96,46,119,78,125,113,21,72,56,43,49,60" hai2="30,16,7,14,110,8,88,90,20,58,73,114,26" hai3="27,53,35,37,65,22,57,102,2,107,120,75,121"/><U124/><E72/><V29/><F73/><W63/><G2/><T17/><D38/><U84/><E119/><V130/><F110/><W32/><G75/><T33/><D104/><U108/><E113/><V23/><F130/><W71/><G37/><T112/><D112/><U36/><E36/><V67/><F114/><W52/><G35/><T97/><D66/><N who="1" m="39175" /><E108/><V80/><F80/><W3/><G3/><T13/><D33/><U98/><E21/><V34/><F30/><W59/><G32/><T19/><D4/><U135/><E135/><V0/><F23/><W89/><G89/><T81/><D97/><N who="1" m="37483" /><E78/><V61/><AGARI ba="3,1" hai="0,7,8,14,16,20,26,29,34,58,61,67,88,90" machi="61" ten="30,8000,1" yaku="0,1,24,2,54,2" doraHai="133" who="2" fromWho="2" sc="370,-23,233,-43,174,99,213,-23" /><INIT seed="2,0,0,1,2,40" ten="347,190,273,190" oya="2" hai0="89,92,122,79,109,99,73,86,135,3,1,35,77" hai1="24,60,43,129,127,15,17,10,71,68,0,74,21" hai2="27,80,70,23,50,78,31,61,108,20,81,30,118" hai3="28,34,63,46,26,52,103,16,66,128,44,12,37"/><V22/><F118/><W93/><G128/><T45/><D35/><U85/><E74/><V91/><F108/><W39/><G39/><T120/><D109/><U18/><E0/><V4/><F4/><W59/><G37/><T41/><D3/><U36/><E129/><V2/><F2/><W96/><G66/><T123/><D1/><U48/><E36/><V53/><F91/><W9/><AGARI ba="0,0" hai="9,12,16,26,28,34,44,46,52,59,63,93,96,103" machi="9" ten="20,12000,2" yaku="0,1,7,1,52,2,54,2" doraHai="40" who="3" fromWho="3" sc="347,-30,190,-30,273,-60,190,120" /><INIT seed="3,0,0,2,4,124" ten="317,160,213,310" oya="3" hai0="49,5,63,12,8,24,50,99,79,107,118,41,33" hai1="2,77,62,7,131,132,28,111,83,31,110,71,48" hai2="119,133,0,91,6,68,65,93,112,90,56,3,22" hai3="100,16,72,73,85,60,69,30,58,15,123,46,102"/><W29/><G69/><T127/><D127/><U82/><E71/><V9/><F119/><W43/><G123/><T117/><D63/><U130/><E62/><V120/><F112/><W125/><G125/><T96/><D79/><U20/><E132/><V23/><F68/><W39/><G85/><T54/><D41/><U61/><E61/><V35/><F35/><W115/><G115/><T42/><D42/><U101/><E101/><V105/><F105/><W45/><G45/><T114/><D114/><U75/><E82/><V57/><F133/><W67/><G102/><T92/><D99/><U97/><E97/><V55/><F65/><W21/><REACH who="3" step="1"/><G100/><REACH who="3" ten="317,160,213,300" step="2"/><T134/><D118/><U109/><E48/><V4/><F120/><W94/><G94/><T11/><D50/><U1/><E1/><V37/><F93/><W78/><G78/><T44/><D134/><U84/><E84/><V19/><F3/><W74/><AGARI ba="0,1" hai="15,16,21,29,30,39,43,46,58,60,67,72,73,74" machi="74" ten="30,6000,0" yaku="1,1,0,1,54,1,53,0" doraHai="124" doraHaiUra="128" who="3" fromWho="3" sc="317,-20,160,-20,213,-20,300,70" /><INIT seed="3,1,0,3,3,12" ten="297,140,193,370" oya="3" hai0="116,84,132,114,52,62,7,32,5,24,27,117,38" hai1="54,122,111,70,127,102,57,75,42,119,13,14,60" hai2="37,2,124,113,104,59,95,50,15,94,126,89,128" hai3="1,131,45,44,76,92,6,35,81,36,71,125,97"/><W134/><G35/><T39/><D84/><U90/><E122/><V83/><F104/><W11/><G71/><T48/><D62/><U85/><E75/><V91/><F37/><W133/><G125/><T33/><D48/><U53/><E70/><V10/><F2/><W16/><G131/><T66/><D66/><U121/><E121/><V123/><F123/><W103/><G16/><T26/><D132/><U115/><E115/><V46/><F59/><W87/><REACH who="3" step="1"/><G36/><REACH who="3" ten="297,140,193,360" step="2"/><T72/><D39/><U78/><E127/><V86/><F128/><W79/><G79/><T110/><D38/><U77/><E77/><V47/><F124/><W68/><G68/><T112/><D33/><U49/><E78/><V34/><F34/><W100/><G100/><T41/><D32/><U0/><E119/><V82/><F126/><W9/><G9/><T29/><D116/><U107/><E102/><V88/><F113/><W43/><G43/><T19/><D41/><U99/><E42/><V118/><F118/><W8/><G8/><T21/><D117/><U69/><E69/><V20/><F20/><W135/><AGARI ba="1,1" hai="1,6,11,44,45,76,81,87,92,97,103,133,134,135" machi="135" ten="30,6000,0" yaku="1,1,0,1,20,1,53,0" doraHai="12" doraHaiUra="109" who="3" fromWho="3" sc="297,-21,140,-21,193,-21,360,73" /><INIT seed="3,2,0,0,3,46" ten="276,119,172,433" oya="3" hai0="134,57,109,130,90,114,3,26,106,25,118,70,83" hai1="4,123,99,42,18,16,59,98,47,48,63,35,49" hai2="73,93,71,65,60,88,17,34,120,77,132,94,112" hai3="108,0,14,126,40,31,96,21,100,116,133,102,135"/><W2/><G40/><T128/><D70/><U125/><E123/><V55/><F112/><W107/><G116/><T7/><D106/><U91/><E35/><V92/><F120/><W113/><G113/><T111/><D57/><U44/><E4/><V11/><F132/><W74/><G74/><T121/><D83/><U38/><E38/><V19/><F34/><W1/><G102/><T64/><D90/><U23/><E125/><V97/><F19/><N who="1" m="7209" /><E23/><V37/><F37/><W53/><G126/><T67/><D121/><U86/><E59/><V41/><F41/><W30/><G14/><T117/><D67/><U22/><E22/><V45/><F77/><W10/><G10/><N who="0" m="2431" /><D64/><U33/><E33/><V27/><F73/><W5/><G107/><T110/><D134/><U115/><E115/><V79/><F79/><W54/><G133/><T72/><D72/><U24/><E24/><N who="0" m="9321" /><D114/><U101/><E63/><V56/><F45/><N who="1" m="17481" /><E42/><V85/><F97/><N who="1" m="36873" /><E101/><V104/><F104/><W84/><G100/><T51/><D118/><U76/><E76/><V50/><REACH who="2" step="1"/><F27/><REACH who="2" ten="276,119,162,433" step="2"/><W129/><G135/><T103/><D117/><U13/><E13/><AGARI ba="2,1" hai="11,13,17,50,55,56,60,65,71,85,88,92,93,94" machi="13" ten="40,12000,2" yaku="1,1,2,1,52,1,54,1,53,3" doraHai="46" doraHaiUra="89" who="2" fromWho="1" sc="276,0,119,-126,162,136,433,0" owari="276,-12.0,-7,-51.0,298,10.0,433,53.0" /></mjloggm>