<mjloggm ver="2.3"><GO type="169" lobby="0"/><UN n0="%E9%BA%BB%E9%9B%80%E3%81%A7%E9%A3%9F%E3%81%88%21" n1="%E3%82%BF%E3%83%A2%E3%83%AA" n2="%72%61%67%61%2D%6D" n3="%E3%83%88%E3%83%88%E3%83%AA%E5%85%88%E7%94%9F%31%39%E6%AD%B3" dan="16,16,16,19" rate="2119.55,2084.14,2100.60,2305.20" sx="M,M,M,F"/><TAIKYOKU oya="0"/><INIT seed="0,0,0,1,2,51" ten="250,250,250,250" oya="0" hai0="105,104,20,6,61,67,55,93,48,46,99,50,0" hai1="100,13,75,113,112,57,125,98,34,97,47,4,17" hai2="129,101,10,76,78,116,127,1,120,66,42,81,134" hai3="18,128,90,56,72,133,80,63,114,24,70,40,69"/><T28/><D0/><U54/><E75/><V92/><F120/><W53/><G114/><N who="1" m="44138" /><E34/><V8/><F116/><W25/><G128/><T123/><D123/><U3/><E125/><V11/><F129/><W60/><G133/><T77/><D6/><U31/><E31/><V109/><F127/><W71/><G40/><T111/><D111/><U96/><E47/><V45/><F109/><W26/><G18/><T83/><D48/><N who="1" m="30919" /><E3/><V82/><F134/><W68/><G68/><T49/><D49/><U23/><E4/><V35/><F35/><W126/><G126/><T41/><D41/><U32/><E32/><V38/><F1/><W79/><REACH who="3" step="1"/><G90/><REACH who="3" ten="250,250,250,240" step="2"/><T118/><D118/><U130/><E130/><V19/><F19/><W5/><G5/><T7/><D7/><U94/><AGARI ba="0,1" hai="13,17,23,94,96,97,98,100" m="30919,44138" machi="94" ten="30,2000,0" yaku="11,1,52,1" doraHai="51" who="1" fromWho="1" sc="250,-10,250,30,250,-5,240,-5" /><INIT seed="1,0,0,1,1,120" ten="240,280,245,235" oya="1" hai0="37,134,71,65,95,22,39,118,4,2,18,110,25" hai1="78,49,135,7,99,3,132,98,50,116,117,54,13" hai2="93,63,128,1,105,91,76,33,130,36,112,69,79" hai3="100,90,85,12,103,115,127,58,67,15,38,35,80"/><U24/><E3/><V124/><F36/><W52/><G115/><T68/><D118/><U86/><E24/><V88/><F1/><W23/><G35/><T41/><D134/><N who="1" m="51243" /><E78/><V92/><F33/><W84/><G38/><T5/><D2/><U47/><E86/><V43/><F43/><W19/><G127/><T111/><D95/><U26/><E26/><V126/><F63/><W77/><G67/><T81/><D81/><U59/><E13/><V45/><F45/><W62/><REACH who="3" step="1"/><G15/><REACH who="3" ten="240,280,245,225" step="2"/><T55/><D37/><U30/><E116/><V46/><F112/><W131/><G131/><T87/><D65/><U8/><E117/><V17/><F130/><W6/><G6/><T122/><D122/><U0/><E30/><V61/><F128/><W114/><G114/><T14/><D4/><U72/><E72/><V101/><F124/><W66/><G66/><T34/><D5/><U56/><E7/><V108/><F126/><W83/><AGARI ba="0,1" hai="12,19,23,52,58,62,77,80,83,84,85,90,100,103" machi="83" ten="20,8000,1" yaku="1,1,0,1,7,1,8,1,54,1,53,0" doraHai="120" doraHaiUra="125" who="3" fromWho="3" sc="240,-20,280,-40,245,-20,225,90" /><INIT seed="2,0,0,3,0,8" ten="220,240,225,315" oya="2" hai0="75,117,52,37,58,47,63,50,11,61,74,44,97" hai1="51,20,120,104,135,78,1,57,69,26,79,7,39" hai2="94,87,121,40,60,127,110,18,54,6,19,24,81" hai3="56,107,116,12,105,38,66,106,5,65,41,111,122"/><V13/><F121/><W55/><G122/><T70/><D117/><U9/><E120/><V42/><F127/><W84/><G116/><T49/><D97/><U112/><E112/><V36/><F36/><W83/><G111/><T88/><D11/><U82/><E69/><V118/><F118/><W48/><G38/><T95/><D37/><U64/><E39/><V31/><F94/><W30/><G41/><T32/><D32/><U21/><E104/><V93/><F93/><W68/><G30/><T27/><D27/><U108/><E108/><V134/><F134/><W80/><G80/><T119/><D70/><U45/><E135/><V72/><F72/><W73/><G73/><T17/><D61/><U129/><E129/><V123/><F123/><W15/><G5/><T115/><D17/><N who="2" m="6154" /><F24/><W29/><G29/><T126/><D126/><U0/><E0/><V77/><F31/><W92/><G92/><T28/><D28/><U10/><E26/><V2/><F2/><W67/><REACH who="3" step="1"/><G68/><REACH who="3" ten="220,240,225,305" step="2"/><T53/><D119/><U113/><E82/><V89/><F110/><W100/><G100/><T85/><REACH who="0" step="1"/><D115/><REACH who="0" ten="210,240,225,305" step="2"/><U130/><E113/><V25/><F25/><W34/><G34/><T22/><D22/><U59/><E21/><V91/><F42/><AGARI ba="0,2" hai="42,44,47,49,50,52,53,58,63,74,75,85,88,95" machi="42" ten="30,7700,0" yaku="1,1,7,1,54,2,53,0" doraHai="8" doraHaiUra="128" who="0" fromWho="2" sc="210,97,240,0,225,-77,305,0" /><INIT seed="3,0,0,3,3,75" ten="307,240,148,305" oya="3" hai0="71,36,84,20,68,37,135,46,63,78,91,112,17" hai1="64,2,33,29,120,81,50,69,59,67,9,23,109" hai2="30,105,16,83,51,80,26,66,90,124,95,101,98" hai3="121,47,18,123,134,44,57,40,130,31,61,122,100"/><W133/><G100/><T94/><D112/><U110/><E120/><V103/><F124/><W114/><G31/><T34/><D34/><U104/><E33/><V111/><F111/><W8/><G18/><T48/><D135/><N who="3" m="51721" /><G8/><T62/><D68/><U42/><E69/><V129/><F129/><W11/><G11/><T117/><D117/><U116/><E116/><V43/><F66/><N who="3" m="39215" /><G47/><T54/><D71/><U12/><E104/><V0/><F0/><W79/><G79/><T89/><D78/><U32/><E32/><V53/><F43/><W45/><G44/><T13/><D36/><U119/><E2/><V99/><F90/><W88/><G88/><T86/><REACH who="0" step="1"/><D37/><REACH who="0" ten="297,240,148,305" step="2"/><U93/><E119/><V22/><REACH who="2" step="1"/><F30/><REACH who="2" ten="297,240,138,305" step="2"/><W70/><G70/><T15/><D15/><U73/><E12/><V96/><F96/><W92/><G123/><T131/><D131/><U4/><E29/><V24/><F24/><W77/><G130/><T39/><D39/><U6/><E109/><V41/><F41/><W126/><G122/><T85/><D85/><U10/><E42/><V125/><F125/><W14/><G126/><T5/><D5/><U58/><E110/><V49/><F49/><W87/><G121/><T76/><D76/><U21/><E50/><V132/><F132/><W28/><G28/><T72/><D72/><U118/><E118/><V97/><F97/><W127/><G127/><T1/><D1/><U82/><E73/><V56/><AGARI ba="0,2" hai="16,22,26,51,53,56,80,83,95,98,99,101,103,105" machi="56" ten="20,5200,0" yaku="1,1,0,1,7,1,54,1,53,0" doraHai="75" doraHaiUra="113" who="2" fromWho="2" sc="297,-13,240,-13,138,72,305,-26" /><INIT seed="4,0,0,1,2,115" ten="284,227,210,279" oya="0" hai0="111,63,5,89,102,19,18,22,43,98,36,9,60" hai1="48,31,35,11,12,120,67,80,1,10,75,21,117" hai2="105,122,104,26,16,128,73,134,76,30,49,53,87" hai3="4,135,118,7,82,47,56,72,58,70,50,124,97"/><T90/><D111/><U28/><E120/><V27/><F73/><W92/><G70/><T131/><D131/><U106/><E106/><V88/><F76/><W94/><G118/><T68/><D36/><U95/><E67/><V112/><F122/><W6/><G135/><T20/><D43/><U103/><E35/><V121/><F121/><W51/><G124/><T42/><D42/><U123/><E123/><V108/><F108/><W3/><G3/><T33/><D33/><U23/><E1/><V78/><F78/><W25/><G72/><T113/><D113/><U14/><E75/><V77/><F77/><W13/><G82/><T109/><D109/><U125/><E80/><V41/><F41/><N who="3" m="24943" /><G25/><T69/><D9/><U100/><E48/><V52/><F134/><W129/><G129/><T37/><D37/><U61/><E61/><V38/><F38/><W34/><G92/><T55/><D5/><N who="3" m="2153" /><G51/><T2/><D2/><U79/><E79/><V86/><F128/><W130/><G34/><T99/><D102/><U126/><REACH who="1" step="1"/><E95/><REACH who="1" ten="284,217,210,279" step="2"/><V39/><F49/><W83/><G83/><T101/><D101/><U116/><AGARI ba="0,1" hai="10,11,12,14,21,23,28,31,100,103,116,117,125,126" machi="116" ten="25,12000,2" yaku="1,1,2,1,0,1,22,2,52,2,53,0" doraHai="115" doraHaiUra="62" who="1" fromWho="1" sc="284,-60,217,130,210,-30,279,-30" /><INIT seed="5,0,0,2,2,38" ten="224,347,180,249" oya="1" hai0="115,119,106,109,133,94,55,97,127,69,112,86,37" hai1="23,80,101,31,19,87,100,8,16,128,51,77,135" hai2="103,33,32,126,24,123,79,99,59,1,95,9,72" hai3="6,130,27,0,48,110,64,49,121,35,11,60,81"/><U76/><E128/><V29/><F123/><W44/><G110/><T131/><RYUUKYOKU type="yao9" ba="0,0" sc="224,0,347,0,180,0,249,0" hai0="37,55,69,86,94,97,106,109,112,115,119,127,131,133" /><INIT seed="5,1,0,4,5,42" ten="224,347,180,249" oya="1" hai0="135,98,105,37,48,95,73,20,93,16,108,59,80" hai1="3,75,84,68,19,17,44,38,32,26,18,74,90" hai2="21,64,71,131,45,102,111,109,9,127,112,124,11" hai3="134,35,91,79,96,107,83,23,47,66,103,14,67"/><U97/><E3/><V69/><F102/><W130/><G35/><T40/><D108/><U57/><E68/><V0/><F0/><W54/><G130/><T15/><D37/><U113/><E113/><V126/><F131/><W101/><G134/><T22/><D135/><U122/><E122/><V133/><F133/><W106/><G91/><T41/><D105/><U50/><E97/><V128/><F128/><W104/><G23/><T92/><D98/><U129/><E129/><V10/><F112/><W61/><G14/><T89/><D20/><U30/><E57/><V39/><F21/><W120/><G120/><T117/><D117/><U53/><REACH who="1" step="1"/><E38/><REACH who="1" ten="224,337,180,249" step="2"/><V33/><F71/><W8/><G96/><T55/><REACH who="0" step="1"/><D73/><REACH who="0" ten="214,337,180,249" step="2"/><U52/><E52/><V115/><F115/><W100/><G104/><T43/><D43/><U86/><E86/><AGARI ba="1,2" hai="15,16,22,40,41,48,55,59,80,86,89,92,93,95" machi="86" ten="40,5200,0" yaku="1,1,8,1,54,1,53,0" doraHai="42" doraHaiUra="116" who="0" fromWho="1" sc="214,75,337,-55,180,0,249,0" /><INIT seed="6,0,0,0,3,118" ten="289,282,180,249" oya="2" hai0="8,77,127,93,28,80,34,44,87,124,18,42,122" hai1="7,95,50,105,106,40,85,43,59,56,83,66,128" hai2="72,1,0,78,32,119,84,91,99,81,102,10,47" hai3="133,125,51,3,52,14,4,31,123,65,88,129,110"/><V101/><F119/><W36/><G110/><T25/><D122/><U60/><E128/><V108/><F32/><W100/><G123/><T41/><D93/><U73/><E73/><V21/><F108/><W135/><G36/><T39/><D41/><U22/><E105/><V33/><F33/><W17/><G129/><T48/><D39/><U30/><E106/><V2/><F21/><W120/><G120/><T98/><D98/><U126/><E7/><V89/><F102/><W57/><G100/><T92/><D92/><U75/><E75/><V116/><F116/><W61/><G31/><T45/><D45/><U70/><E70/><V24/><F24/><W112/><G125/><N who="0" m="48203" /><D18/><U6/><E95/><V71/><F71/><W86/><G3/><T23/><D8/><U97/><E97/><V13/><F47/><W121/><G4/><T64/><D64/><U63/><E6/><V16/><REACH who="2" step="1"/><F72/><REACH who="2" ten="289,282,170,249" step="2"/><W53/><G121/><T58/><D34/><U109/><E109/><V103/><F103/><W94/><G112/><T130/><D130/><U20/><E126/><V69/><F69/><W113/><G113/><T19/><D28/><U11/><E30/><V79/><F79/><W114/><G114/><T107/><D107/><AGARI ba="0,1" hai="0,1,2,10,13,16,78,81,84,89,91,99,101,107" machi="107" ten="40,3900,0" yaku="1,1,54,1,53,0" doraHai="118" doraHaiUra="90" who="2" fromWho="0" sc="289,-39,282,0,170,49,249,0" /><INIT seed="6,1,0,0,0,121" ten="250,282,219,249" oya="2" hai0="69,49,124,62,18,88,33,2,27,48,123,81,80" hai1="30,9,3,125,114,71,107,17,64,70,98,66,89" hai2="76,130,73,119,102,38,26,79,42,32,108,133,77" hai3="29,1,105,53,68,84,28,103,35,134,45,100,135"/><V24/><F119/><W61/><G1/><T51/><D123/><U78/><E78/><V115/><F115/><W120/><G120/><T7/><D124/><U23/><E30/><N who="3" m="11882" /><G35/><T16/><D33/><U116/><E116/><V8/><F32/><W101/><G84/><T95/><D2/><U99/><E114/><V128/><F73/><W96/><G45/><T60/><D7/><U97/><E107/><V14/><F102/><W36/><G36/><T110/><D110/><U94/><E125/><V52/><F42/><W47/><G47/><T56/><D69/><U83/><E83/><N who="0" m="31817" /><D27/><U72/><E72/><V20/><F38/><W87/><G87/><N who="0" m="52639" /><D60/><U74/><E3/><V129/><F108/><W4/><G4/><T21/><D21/><U112/><E23/><V132/><F20/><W0/><G0/><T85/><D85/><U40/><E112/><V113/><F113/><W6/><G6/><T104/><D104/><U37/><E74/><V5/><F26/><W22/><G68/><T75/><D75/><U63/><E70/><V67/><F24/><W31/><G22/><T109/><D109/><U55/><E71/><V122/><F122/><W92/><N who="3" m="11890" /><W11/><DORA hai="131" /><G11/><T57/><D57/><U12/><E9/><V58/><F67/><AGARI ba="1,0" hai="16,18,48,49,51,56,62,67" m="52639,31817" machi="67" ten="30,3900,0" yaku="8,1,54,2" doraHai="121,131" who="0" fromWho="2" sc="250,42,282,0,219,-42,249,0" /><INIT seed="7,0,0,2,4,26" ten="292,282,177,249" oya="3" hai0="49,69,130,70,34,45,11,50,73,123,78,84,120" hai1="39,97,74,28,108,104,10,127,16,75,38,96,88" hai2="13,121,35,0,44,54,19,129,100,30,94,68,15" hai3="48,119,65,112,7,22,47,5,124,59,57,106,14"/><W1/><G119/><T58/><D73/><U103/><E108/><V41/><F0/><W36/><G106/><T52/><D34/><U43/><E28/><V63/><F121/><W20/><G36/><T67/><D11/><U62/><E127/><V91/><F129/><W33/><G33/><T98/><D98/><U56/><E96/><V31/><F35/><W71/><G1/><T111/><D78/><U29/><E29/><N who="2" m="10763" /><F100/><W4/><G112/><T25/><D25/><U27/><E88/><V101/><F101/><W125/><G71/><N who="0" m="27147" /><D84/><U60/><E38/><V82/><F82/><W37/><G37/><T24/><D24/><U83/><E83/><V66/><F68/><W105/><G105/><T87/><D87/><U2/><E75/><V18/><F66/><W102/><G102/><T77/><D77/><U109/><E74/><V72/><F72/><W6/><N who="3" m="1024" /><DORA hai="3" /><W76/><G76/><T51/><D111/><U107/><E109/><V93/><F41/><N who="3" m="24687" /><G65/><T110/><D110/><U17/><E104/><V40/><F40/><W86/><G86/><T132/><D120/><U61/><E2/><V115/><F115/><W42/><G42/><T92/><D67/><N who="1" m="39303" /><E43/><V135/><F91/><W116/><G116/><T126/><D123/><U53/><E39/><V80/><F80/><W133/><G124/><T55/><D126/><U117/><E117/><V9/><F135/><W32/><G125/><T21/><D132/><U114/><E103/><V8/><F44/><W12/><G133/><T46/><D46/><U23/><E107/><V128/><F128/><W89/><G32/><RYUUKYOKU ba="0,0" sc="292,-10,282,-10,177,30,249,-10" hai2="8,9,13,15,18,19,54,63,93,94" /><INIT seed="8,1,0,5,3,111" ten="282,272,207,239" oya="0" hai0="21,57,63,75,54,104,41,121,6,59,76,64,22" hai1="3,72,118,133,77,86,40,135,87,30,35,45,32" hai2="128,56,43,83,51,106,65,13,15,71,34,132,116" hai3="19,127,103,93,89,62,9,38,18,78,95,79,88"/><T102/><D121/><U67/><E3/><V50/><F106/><W23/><G38/><T113/><D113/><U0/><E0/><V47/><F34/><W33/><G33/><T7/><D41/><U1/><E1/><V114/><F114/><W96/><G127/><T129/><D129/><U66/><E72/><V16/><F128/><W11/><G62/><T46/><D46/><U17/><E17/><V120/><F120/><W49/><G49/><N who="0" m="30927" /><D104/><U60/><E118/><V122/><F122/><W91/><G95/><T29/><D75/><U27/><E35/><V81/><F116/><W84/><G84/><T36/><D36/><U10/><E10/><V98/><F132/><W52/><G52/><T94/><D76/><U37/><E67/><V92/><F71/><W124/><G124/><T53/><D53/><U69/><E77/><V85/><F13/><N who="3" m="7487" /><G9/><T107/><D107/><U5/><E5/><N who="0" m="1545" /><D29/><U101/><E101/><N who="2" m="60615" /><F51/><W24/><AGARI ba="1,0" hai="19,23,24,78,79,88,89,91,93,96,103" m="7487" machi="24" ten="30,2000,0" yaku="8,1,54,1" doraHai="111" who="3" fromWho="3" sc="282,-11,272,-6,207,-6,239,23" /><INIT seed="9,0,0,0,1,17" ten="271,266,201,262" oya="1" hai0="40,36,57,71,120,65,8,42,56,30,34,98,15" hai1="91,99,112,51,6,77,89,18,54,109,90,4,58" hai2="19,119,52,130,124,113,43,105,78,110,66,21,32" hai3="14,134,48,1,101,70,63,80,44,82,102,83,69"/><U5/><E112/><V88/><F32/><W37/><G1/><T13/><D120/><U117/><E117/><V49/><F105/><W84/><G37/><T75/><D75/><U12/><E109/><V27/><F110/><W11/><G134/><T41/><D36/><U79/><REACH who="1" step="1"/><E99/><REACH who="1" ten="271,256,201,262" step="2"/><V2/><F113/><W39/><G70/><T100/><D71/><U106/><E106/><V128/><F119/><W133/><G69/><T123/><D123/><U47/><E47/><V108/><F108/><W86/><G133/><T95/><D56/><U114/><E114/><V35/><F124/><W125/><G125/><T38/><D38/><U97/><E97/><V118/><F118/><W67/><G39/><T53/><D65/><U9/><AGARI ba="0,1" hai="4,5,6,9,12,18,51,54,58,77,79,89,90,91" machi="9" ten="30,6000,0" yaku="1,1,0,1,8,1,53,0" doraHai="17" doraHaiUra="68" who="1" fromWho="1" sc="271,-20,256,70,201,-20,262,-20" owari="251,5.0,326,43.0,181,-32.0,242,-16.0" /></mjloggm>