<mjloggm ver="2.3"><GO type="169" lobby="0"/><UN n0="%74%6F%72%69%30%36%31%32" n1="%E3%82%88%E3%82%8B%E3%81%8C%E3%81%9F" n2="%E3%81%BE%E3%83%BC%E3%81%8F%E3%81%96%E3%81%84%E3%82%93" n3="%E3%82%A6%E3%83%AB%E3%83%88%E3%83%A9%E7%AB%8B%E7%9B%B4" dan="16,16,16,18" rate="2187.58,2098.36,2108.22,2230.21" sx="M,M,M,M"/><TAIKYOKU oya="0"/><INIT seed="0,0,0,0,2,26" ten="250,250,250,250" oya="0" hai0="55,9,66,99,46,109,69,24,62,105,6,39,1" hai1="68,91,29,16,112,85,45,2,102,5,53,120,122" hai2="87,30,14,111,54,7,86,96,75,33,132,57,106" hai3="38,77,79,35,90,134,51,64,110,22,58,123,94"/><T60/><D109/><U36/><E68/><V23/><F75/><W25/><G38/><T103/><D62/><U27/><E112/><V0/><F132/><W107/><G107/><T70/><D70/><U82/><E102/><V89/><F111/><W74/><G35/><T92/><D55/><U119/><E119/><V41/><F41/><W101/><G101/><T113/><D92/><U104/><E104/><V129/><F129/><W118/><G118/><T42/><REACH who="0" step="1"/><D24/><REACH who="0" ten="240,250,250,250" step="2"/><U76/><E122/><V17/><F54/><W84/><G110/><T21/><D21/><U50/><E120/><V72/><F106/><W97/><G123/><T15/><D15/><U20/><E36/><V98/><F23/><W128/><G22/><T63/><D63/><U130/><E130/><V56/><F14/><W49/><G25/><T65/><D65/><U4/><E2/><V28/><F0/><W47/><G64/><T114/><AGARI ba="0,1" hai="1,6,9,39,42,46,60,66,69,99,103,105,113,114" machi="114" ten="30,11700,0" yaku="1,1,0,1,23,2,53,0" doraHai="26" doraHaiUra="133" who="0" fromWho="0" sc="240,127,250,-39,250,-39,250,-39" /><INIT seed="0,1,0,5,0,9" ten="367,211,211,211" oya="0" hai0="15,99,28,21,14,17,20,16,52,118,1,4,49" hai1="45,112,31,55,53,51,5,10,82,33,62,130,107" hai2="23,47,73,85,71,63,22,86,117,81,61,90,3" hai3="40,0,59,123,116,100,75,74,7,30,60,120,11"/><T78/><D118/><U56/><E130/><V119/><F73/><W94/><G116/><N who="2" m="44617" /><F3/><W135/><G40/><T29/><D78/><U44/><E112/><V113/><F113/><W26/><G135/><T35/><D35/><U37/><E107/><V27/><F71/><W69/><G94/><T12/><D99/><U42/><E82/><N who="2" m="49463" /><F47/><W65/><G100/><T134/><D134/><U38/><E31/><N who="0" m="11849" /><D4/><U43/><E33/><V54/><F54/><W67/><G67/><T8/><D1/><U88/><E88/><N who="2" m="51279" /><F22/><N who="0" m="8810" /><D8/><U87/><E87/><V110/><F110/><W32/><G59/><AGARI ba="1,0" hai="12,14,15,16,17,49,52,59" m="8810,11849" machi="59" ten="30,18000,2" yaku="8,1,52,3,54,2" doraHai="9" who="0" fromWho="3" sc="367,183,211,0,211,0,211,-183" /><INIT seed="0,2,0,2,0,23" ten="550,211,211,28" oya="0" hai0="25,31,68,102,58,93,16,98,60,3,47,50,123" hai1="5,27,28,99,118,113,0,54,66,131,101,61,87" hai2="79,9,44,96,24,115,90,105,4,67,71,52,114" hai3="14,19,108,135,126,17,133,75,74,20,116,12,59"/><T82/><D3/><U130/><E118/><V21/><F79/><W62/><G116/><T110/><D68/><U121/><E121/><V26/><F67/><W106/><G106/><T95/><D123/><U29/><E113/><V83/><F71/><W94/><G108/><T124/><D124/><U55/><E87/><V8/><F105/><W104/><G104/><T69/><D69/><N who="1" m="42191" /><E5/><V100/><F114/><W46/><G46/><T119/><D82/><U132/><E0/><V13/><F115/><W48/><G48/><T43/><D95/><N who="1" m="58623" /><E29/><V33/><F33/><W120/><G94/><T112/><D112/><U129/><E132/><N who="3" m="50762" /><G126/><T111/><D119/><U89/><E89/><V1/><F21/><AGARI ba="2,0" hai="21,27,28,54,55,129,130,131" m="58623,42191" machi="21" ten="30,2000,0" yaku="19,1,52,1" doraHai="23" who="1" fromWho="2" sc="550,0,211,26,211,-26,28,0" /><INIT seed="1,0,0,3,2,13" ten="550,237,185,28" oya="1" hai0="75,61,102,0,72,17,35,119,111,113,31,11,133" hai1="67,83,76,96,118,94,34,68,55,4,108,22,121" hai2="28,19,56,97,43,104,84,6,79,30,33,24,117" hai3="92,98,87,37,7,128,23,3,18,32,63,69,26"/><U124/><E121/><V85/><F117/><W103/><G37/><T40/><D102/><U95/><E118/><V120/><F120/><W15/><G128/><T126/><D40/><U66/><E34/><V100/><F6/><W115/><G115/><T45/><D45/><U16/><E4/><V129/><F129/><W106/><G87/><T29/><D0/><U110/><E124/><V127/><F127/><W64/><G92/><T109/><D119/><U52/><E68/><V116/><F116/><W134/><G134/><T62/><D113/><U77/><E83/><V86/><F30/><N who="0" m="11274" /><D35/><U12/><E96/><V101/><F101/><W105/><G105/><T82/><D82/><U47/><E47/><V99/><F99/><W48/><G48/><T44/><D44/><U112/><E12/><V20/><F43/><W46/><G46/><T132/><D75/><U53/><E22/><V71/><F71/><W8/><REACH who="3" step="1"/><G32/><REACH who="3" ten="550,237,185,18" step="2"/><T41/><D126/><U51/><E112/><V21/><F33/><W89/><G89/><T9/><D72/><U74/><E51/><V36/><F36/><W135/><G135/><T1/><D133/><U65/><E74/><V25/><REACH who="2" step="1"/><F56/><REACH who="2" ten="550,237,175,18" step="2"/><W131/><G131/><T73/><D132/><U57/><E57/><V49/><F49/><W54/><G54/><T38/><D38/><U91/><E53/><V81/><AGARI ba="0,2" hai="19,20,21,24,25,28,79,81,84,85,86,97,100,104" machi="81" ten="30,4000,0" yaku="1,1,0,1,52,1,53,0" doraHai="13" doraHaiUra="58" who="2" fromWho="2" sc="550,-10,237,-20,175,60,18,-10" /><INIT seed="2,0,0,3,1,49" ten="540,217,235,8" oya="2" hai0="43,31,135,128,91,86,56,105,107,6,73,84,78" hai1="48,37,52,54,110,59,75,16,28,12,96,10,68" hai2="21,90,2,44,63,65,111,7,101,76,26,45,27" hai3="35,64,120,127,85,11,47,62,30,5,99,118,22"/><V51/><F101/><W132/><G118/><T0/><D31/><U60/><E68/><V83/><F90/><W14/><G120/><T70/><D70/><U87/><E37/><V38/><F111/><W92/><G127/><T81/><D128/><U4/><E75/><V126/><F126/><W119/><G132/><T61/><D43/><U58/><E110/><V46/><F38/><W113/><G119/><T19/><D73/><U129/><E129/><V34/><F34/><W20/><G113/><T98/><D98/><U95/><E87/><V24/><F7/><W23/><G47/><T116/><D135/><U17/><E28/><V102/><F102/><AGARI ba="0,0" hai="4,10,12,16,17,48,52,54,58,59,60,95,96,102" machi="102" ten="30,12000,2" yaku="7,1,8,1,52,2,54,2" doraHai="49" who="1" fromWho="2" sc="540,0,217,120,235,-120,8,0" /><INIT seed="3,0,0,3,1,114" ten="540,337,115,8" oya="3" hai0="10,76,40,115,131,80,113,2,111,42,63,88,57" hai1="61,134,35,105,30,6,85,3,64,104,39,66,73" hai2="91,56,19,130,1,122,53,97,13,4,16,81,103" hai3="71,28,24,58,87,25,107,54,121,36,60,69,98"/><W26/><G121/><T77/><D111/><U92/><E134/><V82/><F122/><W20/><G36/><T124/><D124/><U118/><E39/><V34/><F130/><W127/><G127/><T99/><D131/><U33/><E92/><N who="2" m="58791" /><F34/><W74/><G74/><T23/><D23/><U84/><E30/><V116/><F1/><W48/><G87/><N who="0" m="50279" /><D99/><U109/><E61/><N who="2" m="35983" /><F116/><W29/><G26/><T70/><D70/><U49/><E49/><V44/><F44/><W94/><G107/><T72/><D72/><U83/><E83/><N who="2" m="31755" /><F91/><W55/><G98/><T5/><D77/><U37/><E37/><V112/><F112/><N who="0" m="43082" /><D76/><U17/><E73/><V123/><F123/><W22/><G94/><T93/><D93/><U8/><E109/><V68/><F68/><W21/><G21/><T106/><D106/><U79/><E79/><V15/><F4/><W14/><G14/><AGARI ba="0,0" hai="13,14,15,16,19" m="31755,35983,58791" machi="14" ten="30,2000,0" yaku="8,1,54,1" doraHai="114" who="2" fromWho="3" sc="540,0,337,0,115,20,8,-20" owari="540,63.0,337,14.0,135,-26.0,-12,-51.0" /></mjloggm>