<mjloggm ver="2.3"><GO type="169" lobby="0"/><UN n0="%62%61%6B%61%73%65" n1="%E3%82%A6%E3%83%AB%E3%83%88%E3%83%A9%E7%AB%8B%E7%9B%B4" n2="%E3%81%AA%E3%82%8A%E3%81%9F%E3%81%B6%E3%82%89%E3%81%84%E3%81%82%E3%82%93" n3="%E3%81%A9%E3%83%BC%E3%82%82%E5%83%95%E3%81%A7%E3%81%99" dan="19,18,17,16" rate="2324.65,2247.72,2188.11,2125.03" sx="F,M,M,M"/><TAIKYOKU oya="0"/><INIT seed="0,0,0,2,1,18" ten="250,250,250,250" oya="0" hai0="118,62,45,117,85,15,46,1,100,39,111,43,81" hai1="53,105,61,109,114,99,73,93,30,103,133,55,75" hai2="59,47,102,58,82,108,8,49,27,4,25,37,19" hai3="9,54,71,51,80,120,132,17,23,112,97,135,28"/><T129/><D1/><U65/><E109/><V57/><F37/><W101/><G112/><T56/><D111/><U64/><E133/><N who="3" m="51274" /><G71/><T92/><D129/><U98/><E114/><V70/><F70/><W126/><G80/><T104/><D104/><U12/><E12/><V33/><F102/><W127/><G28/><T26/><D46/><U124/><E124/><V74/><F33/><W125/><G9/><T67/><D15/><U68/><E65/><V128/><F128/><W29/><G29/><T52/><D26/><U87/><E87/><V106/><F106/><N who="3" m="63791" /><G120/><T42/><D42/><U76/><E76/><V78/><F19/><W119/><G119/><T123/><D123/><U88/><REACH who="1" step="1"/><E30/><REACH who="1" ten="250,240,250,250" step="2"/><V94/><F108/><W116/><G116/><T96/><REACH who="0" step="1"/><D67/><REACH who="0" ten="240,240,250,250" step="2"/><U20/><E20/><V10/><F27/><N who="3" m="14831" /><G127/><T14/><D14/><U3/><E3/><V6/><F25/><W84/><G125/><T36/><D36/><U22/><E22/><V40/><F10/><W113/><G126/><T90/><AGARI ba="0,2" hai="39,43,45,52,56,62,81,85,90,92,96,100,117,118" machi="90" ten="20,7800,0" yaku="1,1,0,1,7,1,54,1,53,0" doraHai="18" doraHaiUra="134" who="0" fromWho="0" sc="240,98,240,-26,250,-26,250,-26" /><INIT seed="0,1,0,5,1,14" ten="338,214,224,224" oya="0" hai0="126,19,42,133,41,87,12,103,134,35,66,88,132" hai1="95,67,6,78,125,52,16,21,91,109,64,55,101" hai2="68,118,130,15,1,99,54,84,45,10,77,31,131" hai3="40,124,89,32,7,26,98,38,24,71,83,116,111"/><T22/><D126/><U59/><E109/><V128/><F1/><W102/><G116/><T37/><D35/><U86/><E125/><V129/><F68/><W74/><G124/><T30/><D103/><U97/><E6/><V105/><F118/><W122/><G111/><T115/><D115/><U61/><E78/><V5/><F31/><W92/><G71/><T107/><D107/><U69/><E69/><V44/><F54/><W29/><G122/><T73/><D73/><U0/><E0/><V75/><N who="2" m="32768" /><DORA hai="114" /><V85/><F75/><W50/><G38/><T113/><D113/><U58/><E58/><V127/><F127/><W79/><G7/><T123/><D123/><U60/><E60/><V33/><F33/><W62/><G62/><T121/><D121/><U27/><REACH who="1" step="1"/><E67/><REACH who="1" ten="338,204,224,224" step="2"/><V110/><F110/><W8/><G79/><T43/><D66/><U48/><E48/><V108/><F108/><W120/><G50/><T70/><D70/><U65/><E65/><V2/><F2/><W81/><G120/><T100/><D100/><U3/><E3/><V57/><F57/><W11/><G102/><T72/><D72/><U119/><E119/><V9/><F77/><W17/><G74/><T51/><D51/><U39/><E39/><V23/><F45/><W135/><G32/><T82/><D37/><U63/><E63/><V117/><F44/><W106/><G89/><T13/><D30/><U80/><AGARI ba="1,1" hai="16,21,27,52,55,59,61,64,80,86,91,95,97,101" machi="80" ten="20,12000,2" yaku="1,1,0,1,7,1,8,1,52,1,54,2,53,0" doraHai="14,114" doraHaiUra="47,34" who="1" fromWho="1" sc="338,-61,204,133,224,-31,224,-31" /><INIT seed="1,0,0,2,0,22" ten="277,337,193,193" oya="1" hai0="95,35,57,93,13,124,81,31,42,127,30,3,90" hai1="107,52,87,9,61,50,32,60,39,75,36,102,122" hai2="85,63,68,19,34,113,2,98,40,46,83,109,28" hai3="120,62,20,69,103,133,96,44,10,86,82,114,64"/><U106/><E75/><V5/><F109/><W14/><G120/><T54/><D3/><U59/><E32/><V105/><F113/><W119/><G133/><T8/><D42/><U72/><E72/><V58/><F68/><W110/><G110/><T33/><D81/><U76/><E122/><V55/><F19/><W132/><G132/><T97/><D95/><U38/><E9/><V6/><F2/><W135/><G135/><T26/><D31/><U108/><E108/><V56/><F56/><W37/><G119/><T101/><D35/><U94/><E94/><V115/><F115/><W11/><G114/><T121/><D121/><U73/><E73/><V80/><F80/><W41/><G14/><T89/><D127/><U131/><E131/><V51/><F98/><W15/><G15/><T104/><D104/><U99/><REACH who="1" step="1"/><E107/><REACH who="1" ten="277,327,193,193" step="2"/><V53/><F105/><W91/><G20/><T112/><D112/><U25/><E25/><V65/><F34/><W70/><G70/><T7/><REACH who="0" step="1"/><D124/><REACH who="0" ten="267,327,193,193" step="2"/><U12/><E12/><V29/><F29/><W48/><G37/><T45/><D45/><U49/><E49/><AGARI ba="0,2" hai="7,8,13,26,30,33,49,54,57,89,90,93,97,101" machi="49" ten="30,7700,0" yaku="1,1,7,1,52,1,53,1" doraHai="22" doraHaiUra="88" who="0" fromWho="1" sc="267,97,327,-77,193,0,193,0" /><INIT seed="2,0,0,4,5,12" ten="364,250,193,193" oya="2" hai0="10,109,46,85,135,98,97,79,32,69,13,75,65" hai1="16,43,0,54,49,125,7,33,103,110,124,81,131" hai2="36,123,67,114,94,73,4,19,55,27,44,74,45" hai3="42,112,17,50,84,6,53,25,40,34,128,77,107"/><V61/><F114/><W102/><G128/><T51/><D32/><U60/><E33/><V5/><F123/><W101/><G112/><T18/><D75/><U129/><E7/><V106/><F106/><W83/><G6/><T72/><D72/><U99/><E0/><V68/><F74/><W93/><G107/><T116/><D109/><U58/><E81/><V47/><F73/><W31/><G17/><T121/><D121/><U66/><E99/><V127/><F36/><W23/><G34/><T88/><D79/><U26/><E103/><N who="3" m="39434" /><G93/><T82/><D135/><U29/><E29/><V3/><F3/><W76/><G76/><T120/><D120/><U118/><E118/><V14/><F27/><W52/><G53/><N who="0" m="29943" /><D116/><U48/><E110/><V117/><F127/><W59/><AGARI ba="0,0" hai="23,25,31,40,42,50,52,59,77,83,84" m="39434" machi="59" ten="30,2000,0" yaku="8,1,54,1" doraHai="12" who="3" fromWho="3" sc="364,-5,250,-5,193,-10,193,20" /><INIT seed="3,0,0,1,1,70" ten="359,245,183,213" oya="3" hai0="51,99,73,25,75,130,42,3,74,34,2,33,16" hai1="55,50,71,101,103,57,64,87,124,46,32,49,43" hai2="134,102,76,78,48,40,126,1,82,37,23,104,119" hai3="21,15,13,109,95,45,81,63,0,113,35,84,18"/><W110/><G113/><T38/><D130/><U108/><E32/><V47/><F1/><W54/><G0/><T133/><D51/><U36/><E108/><N who="3" m="41578" /><G35/><T9/><D133/><U12/><E124/><V114/><F114/><W14/><G95/><T121/><D121/><U117/><E117/><V96/><F134/><W116/><G116/><T120/><D120/><U56/><E87/><V61/><F126/><W129/><G129/><T8/><D99/><U122/><E12/><V90/><F119/><W11/><G11/><T131/><D131/><U68/><E122/><V26/><F61/><W7/><G7/><T77/><D77/><U72/><E72/><V98/><F48/><N who="3" m="28943" /><G63/><T19/><D75/><U30/><E103/><V69/><F69/><N who="1" m="26697" /><E101/><V79/><F96/><W31/><G31/><T83/><D83/><U10/><E10/><V52/><F90/><AGARI ba="0,0" hai="13,14,15,18,21,81,84,90" m="28943,41578" machi="90" ten="30,2900,0" yaku="14,1,10,1" doraHai="70" who="3" fromWho="2" sc="359,0,245,0,183,-29,213,29" /><INIT seed="3,1,0,1,2,125" ten="359,245,154,242" oya="3" hai0="133,59,26,134,34,128,98,103,96,20,92,123,90" hai1="32,118,71,1,62,29,97,19,23,124,50,37,10" hai2="11,6,3,52,12,80,132,15,135,13,18,60,77" hai3="83,109,117,46,119,130,45,17,122,36,87,53,111"/><W120/><G17/><T72/><D72/><U43/><E37/><V78/><F18/><W57/><G87/><T82/><D123/><N who="3" m="47145" /><G83/><T38/><D38/><U91/><E43/><V2/><F2/><W107/><G107/><T42/><D42/><U106/><E50/><V54/><F78/><W41/><G46/><T55/><D34/><U25/><E91/><V28/><F28/><W108/><G130/><T48/><D128/><U33/><E118/><V121/><F121/><W84/><G84/><T76/><D76/><U81/><E81/><V73/><REACH who="2" step="1"/><F60/><AGARI ba="1,0" hai="36,41,45,53,57,60,108,109,111,117,119" m="47145" machi="60" ten="40,12000,1" yaku="14,1,10,1,34,2" doraHai="125" who="3" fromWho="2" sc="359,0,245,0,154,-123,242,123" /><INIT seed="3,2,0,2,3,8" ten="359,245,31,365" oya="3" hai0="92,60,101,130,129,114,102,48,21,82,10,105,121" hai1="118,86,128,119,27,62,131,87,123,43,47,51,24" hai2="99,67,46,61,23,116,13,65,35,125,74,52,84" hai3="127,89,91,78,120,133,108,45,15,37,110,106,49"/><W109/><G120/><T6/><D121/><U0/><E0/><V4/><F74/><W69/><G127/><T30/><D105/><U16/><E123/><V124/><F35/><W104/><G69/><T75/><D114/><U72/><E72/><V111/><F116/><N who="1" m="44585" /><E27/><V107/><F111/><W11/><G78/><T93/><D48/><U20/><E62/><V126/><F84/><AGARI ba="2,0" hai="16,20,24,43,47,51,84,86,87,128,131" m="44585" machi="84" ten="30,2000,0" yaku="12,1,54,1" doraHai="8" who="1" fromWho="2" sc="359,0,245,26,31,-26,365,0" /><INIT seed="4,0,0,3,3,27" ten="359,271,5,365" oya="0" hai0="51,53,91,84,110,95,113,106,55,33,49,69,64" hai1="40,13,72,71,109,47,93,76,8,14,15,20,43" hai2="41,58,25,31,128,5,78,79,101,57,131,116,52" hai3="21,70,94,130,1,37,132,50,9,135,105,56,81"/><T104/><D33/><U42/><E71/><V127/><F127/><W35/><G105/><T96/><D113/><U77/><E109/><V122/><F122/><W34/><G130/><N who="2" m="49705" /><F116/><W54/><G37/><T121/><D121/><U87/><E72/><V45/><F101/><W133/><G70/><T22/><D110/><U60/><E60/><N who="2" m="35879" /><F58/><W29/><G94/><T112/><D112/><U129/><E129/><V97/><F97/><W16/><G81/><T59/><D22/><U119/><E119/><V10/><F10/><W89/><G89/><T82/><D69/><U24/><E8/><V61/><F61/><W75/><G75/><T12/><D64/><U18/><E47/><V38/><F5/><N who="3" m="1199" /><G29/><T103/><REACH who="0" step="1"/><D12/><AGARI ba="0,0" hai="12,16,21,34,35,50,54,56,132,133,135" m="1199" machi="12" ten="30,2000,0" yaku="20,1,54,1" doraHai="27" who="3" fromWho="0" sc="359,-20,271,0,5,0,365,20" /><INIT seed="5,0,0,1,4,130" ten="339,271,5,385" oya="1" hai0="39,127,84,99,62,70,77,5,85,32,14,94,15" hai1="52,90,71,27,106,56,128,42,76,58,24,110,67" hai2="11,33,2,34,48,6,131,87,22,68,91,17,21" hai3="121,7,123,103,75,97,117,23,108,100,13,30,133"/><U79/><E128/><V59/><F68/><W116/><G75/><T43/><D32/><U132/><E71/><V134/><F131/><W29/><G108/><T26/><D127/><U101/><E110/><V0/><F0/><W102/><G97/><T46/><D26/><N who="1" m="9771" /><E106/><V93/><F22/><W37/><G37/><T69/><D69/><U92/><E101/><V72/><F72/><W135/><G23/><T83/><D5/><U89/><E42/><V40/><F134/><N who="3" m="51211" /><G13/><T63/><D85/><N who="1" m="52271" /><E132/><V122/><F122/><N who="3" m="46603" /><G7/><T120/><D120/><U10/><E10/><V36/><F36/><W60/><G60/><T125/><D125/><U64/><E90/><V113/><F113/><W104/><G104/><T96/><D96/><U82/><E58/><V88/><F91/><W126/><G126/><T112/><D112/><U95/><E95/><V124/><F124/><W114/><G114/><T78/><D70/><U65/><E82/><V98/><F98/><W54/><G54/><T47/><D83/><U1/><E1/><V86/><F86/><W73/><G73/><T107/><D84/><U38/><E38/><V9/><F9/><W51/><G51/><AGARI ba="0,0" hai="51,52,56,64,65,67,76,79" m="52271,9771" machi="51" ten="30,2900,0" yaku="8,1,54,1" doraHai="130" who="1" fromWho="3" sc="339,0,271,29,5,0,385,-29" /><INIT seed="5,1,0,0,1,47" ten="339,300,5,356" oya="1" hai0="24,118,132,28,105,0,101,82,112,93,4,88,16" hai1="117,46,33,84,14,130,133,107,67,89,120,79,122" hai2="113,49,60,32,2,21,78,115,17,124,20,10,22" hai3="102,111,1,125,64,73,12,91,80,99,30,48,37"/><U36/><E33/><V43/><F32/><W8/><G111/><T61/><D118/><U9/><E117/><V71/><F124/><W35/><G37/><T31/><D105/><U25/><E107/><V23/><F78/><W121/><G121/><T66/><D112/><N who="2" m="43082" /><F71/><W106/><G125/><T41/><D132/><U3/><E3/><V5/><F60/><W96/><G1/><T87/><D41/><U45/><E79/><V126/><F126/><W75/><G64/><T62/><D4/><U103/><E103/><V42/><F49/><W114/><G114/><T116/><D0/><U57/><E133/><V134/><F134/><W27/><G48/><T72/><D116/><U11/><E36/><V34/><F34/><W81/><G75/><T104/><D104/><U110/><E110/><V70/><F70/><W97/><G73/><T58/><D62/><N who="1" m="38351" /><E122/><V56/><F56/><W74/><G74/><T54/><D66/><U90/><E120/><V86/><F86/><W51/><G51/><T7/><D7/><N who="1" m="3391" /><E46/><V129/><F129/><W29/><G99/><N who="0" m="59631" /><D72/><U13/><E130/><V123/><F123/><W68/><G68/><T92/><D82/><U59/><E59/><V95/><F95/><N who="3" m="56447" /><G81/><T109/><D109/><U39/><E45/><V63/><F63/><W18/><G80/><T6/><D6/><N who="1" m="3319" /><E39/><V128/><F128/><W119/><G119/><T52/><D54/><U15/><E84/><V50/><F50/><W135/><G135/><T55/><D55/><U69/><E69/><V108/><F108/><W98/><G98/><T38/><D38/><U40/><E40/><RYUUKYOKU ba="1,0" sc="339,10,300,-30,5,10,356,10" hai0="16,24,28,31,52,58,61,87,88,92" hai2="2,5,10,17,20,21,22,23,42,43" hai3="8,12,18,27,29,30,35,97,102,106" /><INIT seed="6,2,0,2,0,124" ten="349,270,15,366" oya="2" hai0="131,121,69,6,106,110,21,8,55,9,62,100,101" hai1="109,3,114,92,90,23,81,26,36,40,113,52,132" hai2="96,135,34,79,112,78,105,129,7,68,24,30,115" hai3="54,4,13,28,86,84,107,16,66,125,87,85,53"/><V59/><F68/><W98/><G125/><T29/><D110/><U41/><E3/><V97/><F7/><W116/><G116/><T128/><D121/><U70/><E70/><V35/><F135/><W14/><G66/><T0/><D9/><U44/><E109/><V25/><F59/><W32/><G28/><T10/><D10/><U47/><E81/><V2/><F2/><W134/><G32/><T50/><D106/><U57/><E132/><V31/><REACH who="2" step="1"/><F105/><REACH who="2" ten="349,270,5,366" step="2"/><W118/><G134/><T1/><D1/><U75/><E57/><V111/><F111/><W91/><G107/><T39/><D69/><U108/><E108/><V42/><F42/><W77/><G4/><T18/><D62/><U67/><E41/><V127/><F127/><W130/><G118/><T102/><D39/><U17/><E36/><V51/><F51/><W20/><G77/><T89/><D50/><U104/><E40/><V72/><F72/><W33/><G54/><T27/><D55/><U61/><E75/><V88/><F88/><W120/><G53/><T37/><D37/><U49/><E104/><V45/><F45/><W43/><G43/><T80/><D89/><U119/><E47/><V64/><F64/><W60/><G60/><T22/><REACH who="0" step="1"/><D80/><REACH who="0" ten="339,270,5,366" step="2"/><U83/><E83/><V71/><F71/><W122/><G122/><T99/><D99/><N who="1" m="57751" /><E119/><V103/><F103/><W76/><G120/><T94/><D94/><U73/><E73/><V12/><F12/><AGARI ba="2,2" hai="0,6,8,12,18,21,22,27,29,100,101,102,128,131" machi="12" ten="40,5200,0" yaku="1,1,52,2,53,0" doraHai="124" doraHaiUra="63" who="0" fromWho="2" sc="339,78,270,0,5,-58,366,0" owari="417,51.0,270,-13.0,-53,-55.0,366,17.0" /></mjloggm>