<mjloggm ver="2.3"><GO type="169" lobby="0"/><UN n0="%72%61%72%75%74%6F%37" n1="%72%61%69%72%75%40%54%4B" n2="%E3%83%88%E3%83%88%E3%83%AA%E5%85%88%E7%94%9F%31%39%E6%AD%B3" n3="%E3%81%BA%E3%82%93%E3%81%8E%E3%82%93%E3%81%95%E3%82%93" dan="17,18,19,16" rate="2187.31,2240.26,2295.34,2169.89" sx="M,M,F,F"/><TAIKYOKU oya="0"/><INIT seed="0,0,0,2,1,21" ten="250,250,250,250" oya="0" hai0="105,125,93,60,37,86,69,24,76,62,95,91,74" hai1="51,59,127,98,16,61,113,27,119,13,78,64,19" hai2="126,26,36,81,109,80,41,49,134,39,40,88,30" hai3="28,34,50,7,44,87,12,121,9,58,92,8,103"/><T114/><D105/><U100/><E127/><V68/><F68/><W97/><G121/><T0/><D114/><U6/><E119/><V5/><F126/><W73/><G73/><T46/><D69/><U56/><E78/><V101/><F109/><W10/><G87/><T110/><D125/><U115/><E6/><V22/><F134/><W48/><G58/><T31/><D0/><U133/><E133/><V102/><F5/><W130/><G130/><T94/><D76/><U123/><E123/><V107/><F81/><W112/><G112/><N who="1" m="43082" /><E13/><V15/><F15/><W96/><G97/><T79/><D79/><U57/><E51/><V132/><F132/><W11/><REACH who="3" step="1"/><G44/><REACH who="3" ten="250,250,250,240" step="2"/><T85/><D74/><U71/><E56/><V84/><F84/><W131/><G131/><T117/><D85/><U106/><E57/><V32/><F80/><W1/><G1/><T129/><D129/><U17/><E59/><V67/><F67/><W120/><G120/><T90/><D117/><U89/><E89/><V135/><F88/><W53/><G53/><T75/><D75/><U43/><E43/><V104/><F41/><W70/><G70/><T20/><D110/><U63/><E63/><N who="0" m="24105" /><D90/><U82/><E82/><V54/><F54/><W45/><G45/><T29/><D91/><U47/><E47/><N who="2" m="25831" /><F135/><W83/><G83/><T99/><D86/><U33/><E33/><V18/><F102/><W42/><G42/><N who="0" m="22863" /><D99/><U25/><AGARI ba="0,1" hai="16,17,19,25,27,61,64,71,98,100,106" m="43082" machi="25" ten="40,8000,1" yaku="11,1,52,2,54,1" doraHai="21" who="1" fromWho="1" sc="250,-40,250,90,250,-20,240,-20" /><INIT seed="1,0,0,1,2,100" ten="210,340,230,220" oya="1" hai0="66,129,69,128,19,45,118,121,119,83,115,31,122" hai1="46,67,36,41,88,135,22,16,101,14,58,120,44" hai2="131,63,111,74,71,127,84,53,57,78,126,76,7" hai3="95,132,27,29,123,105,80,51,3,130,0,11,110"/><U21/><E120/><N who="0" m="46185" /><D19/><U94/><E135/><V52/><F74/><W9/><G123/><T5/><D31/><U50/><E101/><V37/><F37/><W117/><G117/><N who="0" m="44555" /><D5/><U55/><E67/><V13/><F111/><W133/><G110/><T48/><D115/><U38/><E46/><V33/><F131/><N who="0" m="50250" /><D83/><U26/><E26/><V34/><F7/><W85/><G27/><T89/><D89/><U28/><E28/><V8/><F13/><W17/><G29/><T43/><D66/><U125/><E125/><V1/><F127/><W90/><G90/><T2/><D2/><U86/><E38/><V65/><F1/><W30/><G80/><T59/><D59/><U4/><E4/><V23/><F126/><W106/><G30/><T70/><AGARI ba="0,0" hai="43,45,48,69,70" m="50250,44555,46185" machi="70" ten="40,8000,1" yaku="13,1,19,1,34,2" doraHai="100" who="0" fromWho="0" sc="210,80,340,-40,230,-20,220,-20" /><INIT seed="2,0,0,4,3,94" ten="290,300,210,200" oya="2" hai0="100,113,16,122,84,22,104,36,103,134,88,66,32" hai1="5,9,15,127,116,59,87,109,75,69,25,124,125" hai2="123,91,72,108,20,44,33,19,79,92,18,117,106" hai3="107,43,42,89,130,71,41,35,17,86,95,132,77"/><V65/><F117/><W85/><G71/><T54/><D32/><U21/><E75/><V50/><F123/><W34/><G107/><T97/><D113/><U70/><E116/><V73/><F33/><W81/><G130/><T46/><D66/><U60/><E87/><V121/><F121/><W1/><G1/><T63/><D103/><U62/><E109/><V28/><F106/><W52/><G132/><T14/><D122/><U8/><E8/><V135/><F135/><W4/><G4/><T39/><D134/><U111/><E111/><V110/><F28/><W53/><G34/><T80/><REACH who="0" step="1"/><D46/><REACH who="0" ten="280,300,210,200" step="2"/><U82/><E124/><V30/><F65/><W67/><G35/><T128/><D128/><U119/><E125/><V105/><F108/><W11/><G67/><T68/><D68/><U101/><E70/><V93/><F110/><W98/><REACH who="3" step="1"/><G85/><REACH who="3" ten="280,300,210,190" step="2"/><T48/><D48/><U10/><E69/><V45/><F50/><W90/><G90/><T112/><D112/><U55/><E127/><V26/><F91/><W129/><G129/><T115/><D115/><U57/><E119/><V83/><F73/><W96/><G96/><T37/><D37/><U58/><E60/><V40/><F72/><W24/><G24/><T3/><D3/><U6/><E62/><V7/><F26/><W118/><G118/><T64/><D64/><U74/><E25/><V76/><F76/><W23/><G23/><T49/><D49/><N who="1" m="30959" /><E21/><V31/><F20/><W47/><G47/><T99/><D99/><U126/><E126/><V12/><F45/><W56/><G56/><AGARI ba="0,2" hai="14,16,22,36,39,54,56,63,80,84,88,97,100,104" machi="56" ten="40,8000,1" yaku="1,1,52,1,54,2,53,0" doraHai="94" doraHaiUra="29" who="0" fromWho="3" sc="280,100,300,0,210,0,190,-80" /><INIT seed="3,0,0,3,0,66" ten="380,300,210,110" oya="3" hai0="76,69,20,118,100,5,17,120,31,28,26,88,55" hai1="39,106,34,74,114,113,105,128,30,15,107,53,64" hai2="46,43,4,22,32,79,103,77,16,19,42,44,37" hai3="40,47,115,59,121,23,70,73,72,111,35,93,60"/><W45/><G35/><T110/><D120/><U14/><E53/><V125/><F125/><W97/><G121/><T2/><D118/><U54/><E54/><V12/><F32/><W49/><G115/><T7/><D100/><U63/><E15/><V25/><F4/><W27/><G111/><T116/><D76/><U98/><E14/><V48/><REACH who="2" step="1"/><F103/><REACH who="2" ten="380,300,200,110" step="2"/><W95/><G72/><T80/><D5/><U38/><E34/><V8/><AGARI ba="0,1" hai="8,12,16,19,22,25,37,42,43,44,46,48,77,79" machi="8" ten="20,12000,2" yaku="1,1,2,1,0,1,7,1,54,1,53,2" doraHai="66" doraHaiUra="75" who="2" fromWho="2" sc="380,-30,300,-30,200,130,110,-60" /><INIT seed="4,0,0,5,4,114" ten="350,270,330,50" oya="0" hai0="103,104,33,123,74,36,37,93,71,106,59,60,69" hai1="101,77,19,117,12,73,61,86,87,82,2,29,120" hai2="108,40,63,94,31,111,52,90,129,105,6,79,34" hai3="25,35,47,57,91,133,27,70,54,80,64,18,92"/><T115/><D74/><U84/><E2/><V126/><F105/><W45/><G133/><T89/><D123/><U5/><E120/><V46/><F129/><W107/><G107/><T95/><D33/><U32/><E5/><V15/><F126/><W16/><G70/><T14/><D103/><U112/><E101/><V85/><F79/><W3/><G3/><T1/><D1/><U135/><E135/><V96/><F96/><W128/><G64/><T62/><D14/><U44/><E61/><V124/><F124/><W43/><G80/><T9/><D9/><U132/><E132/><V83/><F94/><W42/><G128/><T41/><D41/><U17/><E29/><V118/><F118/><W8/><G35/><T116/><D59/><U66/><E117/><V125/><F125/><W98/><G42/><T49/><D49/><U113/><E66/><V131/><F131/><W65/><G65/><T110/><D89/><U26/><E32/><V56/><F15/><W97/><G97/><T28/><D116/><U130/><E130/><V11/><F11/><W58/><G43/><T72/><D72/><U134/><E134/><V102/><F6/><W23/><G58/><T10/><D10/><N who="1" m="6295" /><E44/><V55/><F102/><W78/><G78/><T109/><D28/><U48/><E48/><N who="2" m="26695" /><F31/><W121/><G121/><T22/><D22/><N who="1" m="13663" /><E112/><AGARI ba="0,0" hai="36,37,60,62,69,71,93,95,104,106,109,110,112,115" machi="112" ten="25,2400,0" yaku="22,2" doraHai="114" who="0" fromWho="1" sc="350,24,270,-24,330,0,50,0" /><INIT seed="4,1,0,5,1,92" ten="374,246,330,50" oya="0" hai0="87,66,8,117,33,2,129,65,48,44,29,113,70" hai1="38,116,13,22,89,35,11,85,77,112,134,63,111" hai2="109,67,98,31,10,7,47,103,101,17,104,54,32" hai3="88,39,127,90,84,58,83,12,30,120,91,40,46"/><T27/><D117/><U49/><E38/><V73/><F109/><W19/><G127/><T121/><D121/><U69/><E35/><V80/><F67/><W14/><G120/><T108/><D113/><U126/><E111/><V76/><F101/><W57/><G30/><T72/><D72/><U118/><E126/><V102/><F102/><W97/><G14/><T123/><D123/><U34/><E34/><V24/><F47/><W51/><G39/><T78/><D129/><U131/><E131/><V1/><F54/><W74/><G74/><T107/><D70/><U55/><E77/><V68/><REACH who="2" step="1"/><F17/><REACH who="2" ten="374,246,320,50" step="2"/><W9/><REACH who="3" step="1"/><G97/><REACH who="3" ten="374,246,320,40" step="2"/><T43/><D108/><U52/><E116/><V75/><F75/><W4/><G4/><T115/><D115/><U36/><E118/><V133/><F133/><W128/><G128/><T86/><D86/><U99/><E134/><V3/><F3/><W25/><G25/><T119/><D87/><U110/><E112/><V0/><F0/><W62/><G62/><T130/><D27/><U95/><E99/><V23/><F23/><W41/><G41/><T16/><D43/><U122/><E22/><V79/><F79/><AGARI ba="1,2" hai="9,12,19,40,46,51,57,58,79,83,84,88,90,91" machi="79" ten="40,5200,0" yaku="1,1,8,1,54,1,53,0" doraHai="92" doraHaiUra="94" who="3" fromWho="2" sc="374,0,246,0,320,-55,40,75" /><INIT seed="5,0,0,2,3,97" ten="374,246,265,115" oya="1" hai0="43,65,73,76,120,115,104,69,100,26,70,41,82" hai1="118,1,5,31,16,128,52,90,49,34,35,55,51" hai2="103,30,126,102,113,109,28,116,36,39,84,58,99" hai3="105,107,122,119,85,27,92,21,68,89,14,17,71"/><U87/><E118/><V64/><F109/><W94/><G122/><T33/><D115/><U46/><E128/><V3/><F116/><W110/><G119/><T67/><D67/><U20/><E31/><V8/><F126/><W83/><G110/><T134/><D70/><U15/><E5/><V54/><F64/><W10/><G71/><T93/><D93/><U127/><E1/><V50/><F113/><W135/><G68/><T101/><D101/><U29/><E29/><V112/><F112/><W32/><G32/><T4/><D4/><U88/><E127/><V98/><F84/><W38/><G38/><T11/><D11/><U18/><E18/><V40/><F8/><W2/><G2/><T57/><D57/><U42/><E90/><V0/><F58/><W61/><G61/><N who="0" m="40111" /><D134/><U13/><E13/><V124/><F50/><W123/><G123/><T9/><D9/><U12/><E12/><V37/><F37/><W48/><G48/><T131/><D120/><U81/><E42/><V74/><F40/><W133/><G107/><T117/><D117/><U44/><AGARI ba="0,0" hai="15,16,20,34,35,44,46,49,51,52,55,81,87,88" machi="44" ten="20,18000,2" yaku="0,1,7,1,9,1,54,3" doraHai="97" who="1" fromWho="1" sc="374,-60,246,180,265,-60,115,-60" /><INIT seed="5,1,0,4,2,38" ten="314,426,205,55" oya="1" hai0="70,52,91,40,45,77,78,27,55,108,88,84,57" hai1="75,74,109,131,89,7,83,6,13,0,37,30,39" hai2="33,54,93,63,44,82,113,120,16,42,99,4,92" hai3="79,59,9,5,23,110,15,76,123,2,50,41,98"/><U32/><E89/><V65/><F120/><W122/><G110/><T81/><D70/><U20/><E109/><V102/><F33/><W86/><G122/><T60/><D108/><U36/><E131/><V107/><F4/><W69/><G69/><T106/><D106/><U85/><E85/><V58/><F113/><W66/><G123/><T126/><D126/><U29/><E83/><V97/><F82/><W130/><G130/><T95/><D55/><U125/><E125/><V115/><F115/><W135/><G135/><T18/><D18/><U103/><E103/><V117/><F117/><W101/><G86/><T19/><D19/><U31/><E32/><V96/><F96/><W73/><G73/><N who="1" m="27658" /><E20/><V17/><F65/><W100/><G2/><T25/><D91/><U56/><E56/><V61/><F63/><W121/><G121/><T46/><D46/><U22/><E22/><V80/><F80/><W8/><G8/><T134/><D134/><U64/><E64/><V28/><F28/><W127/><G23/><T111/><D111/><U68/><E68/><V12/><F12/><W105/><G101/><T26/><REACH who="0" step="1"/><D81/><REACH who="0" ten="304,426,205,55" step="2"/><U24/><E30/><V10/><F107/><W53/><G127/><T133/><D133/><U51/><E29/><V104/><F104/><W49/><REACH who="3" step="1"/><G66/><REACH who="3" ten="304,426,205,45" step="2"/><T11/><D11/><U48/><E0/><V119/><F10/><W3/><G3/><T114/><D114/><U94/><E31/><V71/><F71/><W21/><G21/><T112/><D112/><U129/><E129/><V90/><F119/><W87/><G87/><T35/><D35/><RYUUKYOKU ba="1,2" sc="304,10,426,-30,205,10,45,10" hai0="25,26,27,40,45,52,57,60,77,78,84,88,95" hai2="16,17,42,44,54,58,61,90,92,93,97,99,102" hai3="5,9,15,41,49,50,53,59,76,79,98,100,105" /><INIT seed="6,2,2,4,1,38" ten="314,396,215,55" oya="2" hai0="5,52,63,77,29,76,48,26,70,91,127,33,79" hai1="46,118,134,16,100,68,135,59,66,96,73,128,95" hai2="67,35,50,47,101,18,99,24,42,28,32,20,132" hai3="6,62,110,8,49,83,11,107,122,130,45,111,105"/><V10/><F132/><N who="1" m="50729" /><E68/><V15/><REACH who="2" step="1"/><F67/><REACH who="2" ten="314,396,205,55" step="2"/><W27/><G122/><T44/><D127/><U3/><E66/><V125/><F125/><W21/><G130/><T86/><D5/><U106/><E128/><V104/><AGARI ba="2,3" hai="10,15,18,20,24,28,32,35,42,47,50,99,101,104" machi="104" ten="20,12000,1" yaku="1,1,0,1,7,1,52,1,53,1" doraHai="38" doraHaiUra="41" who="2" fromWho="2" sc="314,-42,396,-42,205,156,55,-42" /><INIT seed="6,3,0,3,4,130" ten="272,354,361,13" oya="2" hai0="114,94,29,134,115,100,65,3,13,76,83,116,90" hai1="37,111,126,128,104,46,55,0,101,82,41,20,52" hai2="35,73,121,43,81,92,98,110,21,42,135,34,84" hai3="124,51,64,53,108,22,113,89,74,96,118,32,36"/><V119/><F121/><W66/><G108/><T125/><D3/><U45/><E111/><V131/><F119/><W87/><G118/><T132/><D29/><U75/><E128/><V61/><F131/><W91/><G32/><T4/><D116/><U80/><E126/><V5/><F73/><W58/><G36/><T27/><D27/><U97/><E45/><V57/><F110/><W105/><G74/><N who="0" m="43415" /><D65/><U33/><E33/><V62/><F5/><W12/><G124/><T109/><D109/><U59/><E0/><V9/><F9/><W69/><G69/><T93/><D13/><U68/><E68/><V102/><F61/><W103/><G113/><N who="0" m="43019" /><D4/><U122/><E122/><V24/><F35/><W95/><REACH who="3" step="1"/><G89/><REACH who="3" ten="272,354,361,3" step="2"/><T26/><D125/><U6/><E37/><V78/><F34/><W18/><AGARI ba="3,1" hai="12,18,22,51,53,58,64,66,87,91,95,96,103,105" machi="18" ten="30,8000,1" yaku="1,1,2,1,0,1,25,2,53,0" doraHai="130" doraHaiUra="39" who="3" fromWho="3" sc="272,-23,354,-23,361,-43,3,99" /><INIT seed="7,0,0,3,4,88" ten="249,331,318,102" oya="3" hai0="104,86,64,107,132,122,91,110,58,0,60,3,49" hai1="44,66,77,41,127,4,71,96,59,83,16,114,118" hai2="67,53,109,92,1,117,76,28,54,128,5,69,37" hai3="40,11,105,102,94,57,120,22,100,85,42,84,97"/><W6/><G120/><T13/><D110/><U90/><E71/><V93/><F117/><W129/><G129/><T126/><D122/><U116/><E114/><V61/><F109/><W78/><G22/><T51/><D126/><U9/><E16/><V112/><F37/><W121/><G121/><T20/><D132/><U50/><E127/><V17/><F76/><W18/><G18/><N who="0" m="10319" /><D107/><U68/><E68/><V26/><F112/><W123/><G123/><T10/><D104/><U62/><E90/><V130/><F17/><W133/><G133/><T72/><D72/><U55/><E96/><V101/><F1/><W15/><G57/><N who="0" m="36879" /><D49/><U32/><E32/><N who="2" m="20503" /><F5/><W134/><G134/><T8/><D0/><U19/><E19/><V98/><F93/><W81/><REACH who="3" step="1"/><G85/><REACH who="3" ten="249,331,318,92" step="2"/><T29/><D29/><U25/><E118/><V111/><F111/><W43/><G43/><T52/><D3/><U24/><E41/><V2/><F2/><W89/><G89/><T108/><D108/><U63/><E116/><V99/><F99/><AGARI ba="0,1" hai="6,11,15,40,42,78,81,84,94,97,99,100,102,105" machi="99" ten="40,12000,1" yaku="1,1,52,1,53,2" doraHai="88" doraHaiUra="95" who="3" fromWho="2" sc="249,0,331,0,318,-120,92,130" /><INIT seed="7,1,0,3,5,111" ten="249,331,198,222" oya="3" hai0="119,61,128,39,4,75,13,0,56,84,76,12,106" hai1="68,96,95,62,94,37,31,129,82,79,99,17,57" hai2="98,112,121,90,15,81,97,113,114,104,47,83,132" hai3="24,70,43,72,50,45,105,9,87,89,102,7,67"/><W103/><G72/><T110/><D110/><U135/><E37/><V32/><F32/><W134/><G134/><T30/><D75/><U101/><E68/><V80/><F132/><W1/><G105/><T133/><D39/><U100/><E135/><V40/><F121/><W122/><G122/><T66/><D106/><U118/><E118/><V55/><F104/><W3/><G3/><T88/><D119/><U38/><E38/><N who="2" m="21911" /><F90/><W6/><G6/><T11/><BYE who="3" /><D128/><UN n3="%E3%81%BA%E3%82%93%E3%81%8E%E3%82%93%E3%81%95%E3%82%93" /><U64/><E129/><V18/><F55/><W8/><G8/><AGARI ba="1,0" hai="8,15,18,80,81,83,97,98,112,113,114" m="21911" machi="8" ten="40,8000,1" yaku="15,1,52,3" doraHai="111" who="2" fromWho="3" sc="249,0,331,0,198,83,222,-83" owari="249,-15.0,331,43.0,281,8.0,139,-36.0" /></mjloggm>