<mjloggm ver="2.3"><GO type="169" lobby="0"/><UN n0="%E3%82%A6%E3%83%AB%E3%83%88%E3%83%A9%E7%AB%8B%E7%9B%B4" n1="%E2%80%A0%E7%99%BD%E5%85%8E%E2%80%A0" n2="%47%4F%4B%49%47%45%4E" n3="%E3%83%A1%E3%82%AB%E3%82%BC%E3%83%83%E3%83%88%E3%83%B3" dan="18,17,17,18" rate="2225.77,2191.71,2199.07,2234.14" sx="M,M,M,M"/><TAIKYOKU oya="0"/><INIT seed="0,0,0,2,5,132" ten="250,250,250,250" oya="0" hai0="95,83,64,56,40,106,66,39,48,72,121,60,12" hai1="32,27,87,26,129,10,58,50,117,41,51,110,108" hai2="68,14,53,49,1,79,3,86,9,71,114,118,4" hai3="113,34,98,43,17,102,135,61,125,59,63,120,5"/><T15/><D106/><U90/><E117/><V81/><F114/><W126/><G34/><T112/><D112/><U131/><E10/><V21/><F118/><W85/><G113/><T7/><D121/><U8/><E8/><V96/><F96/><W47/><G5/><T84/><D72/><U19/><E19/><V92/><F92/><W116/><G116/><T45/><D95/><U2/><E2/><V119/><F119/><W38/><G120/><T25/><D25/><N who="1" m="9227" /><E58/><V122/><F122/><W100/><G135/><T55/><D7/><U35/><E41/><V44/><REACH who="2" step="1"/><F21/><REACH who="2" ten="250,250,240,250" step="2"/><W101/><G98/><T36/><D36/><U20/><E20/><V29/><F29/><W124/><G17/><T76/><REACH who="0" step="1"/><D66/><REACH who="0" ten="240,250,240,250" step="2"/><U28/><E32/><V115/><F115/><W91/><G59/><AGARI ba="0,2" hai="12,15,39,40,45,48,55,56,59,60,64,76,83,84" machi="59" ten="30,5800,0" yaku="1,1,2,1,7,1,53,0" doraHai="132" doraHaiUra="94" who="0" fromWho="3" sc="240,78,250,0,240,0,250,-58" /><INIT seed="0,1,0,2,3,126" ten="318,250,240,192" oya="0" hai0="102,40,41,89,128,49,109,42,77,90,2,79,103" hai1="74,7,14,97,51,78,50,35,85,10,101,9,13" hai2="12,33,88,30,114,15,53,3,27,37,125,115,63" hai3="60,1,6,116,54,70,52,22,5,34,112,16,36"/><T19/><D2/><U130/><E74/><V32/><F37/><W99/><G34/><N who="2" m="13417" /><F53/><W133/><G36/><T120/><D120/><U45/><E130/><V48/><F88/><N who="0" m="33898" /><D128/><U39/><E35/><V80/><F80/><W25/><G112/><T57/><D19/><U24/><E24/><V83/><F83/><W105/><G116/><T76/><D109/><U121/><E121/><V17/><F48/><W55/><G133/><T47/><D57/><U21/><E21/><N who="2" m="15727" /><F63/><W131/><G1/><T106/><D106/><U124/><E124/><V68/><F68/><W58/><G70/><T123/><D123/><U84/><E50/><V38/><F38/><W135/><G135/><T91/><N who="0" m="33906" /><T64/><DORA hai="46" /><D64/><U18/><E78/><N who="0" m="19969" /><T56/><DORA hai="92" /><D56/><U4/><E18/><V67/><F67/><W132/><G131/><T28/><D28/><U94/><REACH who="1" step="1"/><E39/><REACH who="1" ten="318,240,240,192" step="2"/><V107/><F125/><W62/><G132/><T82/><D82/><U96/><E96/><V44/><F17/><W0/><G62/><T86/><D86/><U8/><E8/><V93/><F115/><W118/><G118/><T129/><D129/><U104/><E104/><V66/><F107/><W95/><G105/><T113/><D113/><U119/><E119/><V75/><F114/><W81/><G81/><T59/><D59/><U111/><E111/><V87/><F87/><W100/><REACH who="3" step="1"/><G0/><REACH who="3" ten="318,240,240,182" step="2"/><T127/><D127/><U73/><E73/><V61/><F75/><W11/><G11/><T43/><AGARI ba="1,2" hai="40,41,42,43,47,49,102,103" m="19969,33906" machi="43" ten="50,9600,0" yaku="8,1,52,1,54,1" doraHai="126,46,92" who="0" fromWho="0" sc="318,119,240,-33,240,-33,182,-33" /><INIT seed="0,2,0,3,0,22" ten="437,207,207,149" oya="0" hai0="99,0,49,109,43,67,59,121,125,60,96,105,15" hai1="66,35,68,11,56,40,13,100,101,91,51,19,123" hai2="93,3,81,9,64,131,80,108,90,104,103,21,26" hai3="130,37,77,79,72,78,126,75,86,38,33,85,132"/><T82/><D0/><U23/><E35/><V6/><F108/><W76/><G33/><T114/><D114/><U106/><E106/><V133/><F131/><W112/><G112/><T102/><D121/><U129/><E123/><V30/><F133/><W118/><G118/><T83/><D125/><U42/><E68/><V134/><F134/><W28/><G28/><T7/><D109/><U16/><E129/><V50/><F50/><W88/><G37/><T25/><D99/><U1/><E1/><V4/><F6/><W62/><G62/><T48/><D15/><U113/><E113/><V92/><F104/><W84/><G38/><T52/><D7/><U127/><E91/><V27/><F64/><W12/><G12/><T117/><D117/><U71/><E71/><V116/><F93/><W111/><G132/><T89/><D89/><U110/><E127/><V55/><F55/><W8/><G8/><T58/><REACH who="0" step="1"/><D25/><REACH who="0" ten="427,207,207,149" step="2"/><N who="1" m="14567" /><E110/><V32/><F116/><W73/><G130/><T46/><AGARI ba="2,1" hai="43,46,48,49,52,58,59,60,67,82,83,96,102,105" machi="46" ten="30,6000,0" yaku="1,1,0,1,54,1,53,0" doraHai="22" doraHaiUra="5" who="0" fromWho="0" sc="427,76,207,-22,207,-22,149,-22" /><INIT seed="0,3,0,2,3,35" ten="503,185,185,127" oya="0" hai0="30,17,129,118,44,12,36,126,4,19,75,104,50" hai1="69,14,58,2,13,120,8,117,85,127,113,61,106" hai2="110,135,46,22,128,31,25,38,80,6,125,43,88" hai3="105,62,42,49,29,73,76,119,53,0,116,74,131"/><T84/><D75/><U102/><E117/><V112/><F112/><W94/><G105/><T78/><D36/><U32/><E120/><V100/><F135/><W82/><G131/><T96/><D118/><U87/><E69/><V23/><F110/><W60/><G74/><T55/><D129/><U103/><E32/><V9/><F125/><W109/><G109/><T3/><D126/><U107/><E127/><V65/><F128/><W27/><G42/><T122/><D122/><U57/><E8/><V1/><F100/><W10/><G94/><T89/><D30/><U99/><E61/><V54/><F65/><W28/><G119/><T51/><D3/><U37/><E37/><V66/><F66/><W95/><G95/><T34/><D34/><U115/><E99/><V83/><F54/><W133/><G133/><T86/><D104/><U93/><E93/><V20/><REACH who="2" step="1"/><F80/><REACH who="2" ten="503,185,175,127" step="2"/><W67/><G116/><T134/><D55/><U71/><E71/><V70/><F70/><W5/><G67/><T7/><D134/><U16/><E103/><V45/><F45/><W72/><G72/><T40/><D44/><U111/><E102/><V52/><F52/><W98/><G98/><T48/><D40/><U11/><E111/><V81/><F81/><W130/><G130/><T123/><D123/><U39/><E115/><V47/><F47/><W63/><REACH who="3" step="1"/><G27/><REACH who="3" ten="503,185,175,117" step="2"/><T108/><D108/><U97/><E113/><V121/><F121/><W21/><G21/><T26/><D26/><U41/><E107/><V101/><F101/><W91/><G91/><T124/><D89/><U24/><E106/><RYUUKYOKU ba="3,2" sc="503,-15,185,-15,175,15,117,15" hai2="1,6,9,20,22,23,25,31,38,43,46,83,88" hai3="0,5,10,28,29,49,53,60,62,63,73,76,82" /><INIT seed="1,4,2,2,3,45" ten="488,170,190,132" oya="1" hai0="76,73,2,83,52,67,119,16,30,120,28,12,135" hai1="35,11,104,59,42,10,64,25,111,43,132,0,134" hai2="53,15,126,89,95,122,4,63,114,88,71,44,33" hai3="92,82,9,85,78,131,20,106,86,102,72,51,8"/><U125/><E104/><V66/><F122/><W36/><G36/><T38/><D119/><U22/><E35/><V121/><F121/><W17/><G131/><T129/><D120/><U81/><E125/><V19/><F33/><W49/><G106/><T99/><D2/><U56/><E81/><V40/><F126/><W93/><G72/><T117/><D117/><U65/><E0/><V130/><F130/><W48/><G102/><T61/><D38/><U47/><E111/><V7/><F53/><W34/><G34/><T101/><D135/><N who="1" m="51755" /><E59/><V115/><F89/><N who="3" m="53431" /><G92/><T50/><D129/><U91/><E91/><V26/><F26/><AGARI ba="4,2" hai="8,9,17,20,26,48,49,51,78,82,85" m="53431" machi="26" ten="30,7700,0" yaku="8,1,52,3" doraHai="45" who="3" fromWho="2" sc="488,0,170,0,190,-89,132,109" /><INIT seed="2,0,0,0,0,9" ten="488,170,101,241" oya="2" hai0="0,25,117,105,19,28,106,124,118,29,48,95,99" hai1="69,22,32,100,66,104,67,89,135,24,80,75,88" hai2="134,63,7,4,6,49,115,101,62,76,46,122,94" hai3="10,17,108,74,41,55,126,54,97,31,26,53,83"/><V5/><N who="2" m="1024" /><DORA hai="64" /><V30/><F122/><W68/><G108/><T12/><D0/><U114/><E114/><V120/><F134/><W92/><G68/><T82/><D82/><U50/><E32/><V102/><F120/><W2/><G41/><T133/><D48/><U131/><E131/><V21/><F115/><W110/><G110/><T109/><D124/><U70/><E104/><N who="0" m="40041" /><D25/><U56/><E100/><V113/><F113/><W45/><G126/><T78/><D78/><U84/><E75/><V129/><F129/><W13/><G2/><T11/><D133/><U36/><E36/><V98/><F76/><W52/><G83/><T87/><D87/><N who="1" m="50279" /><E70/><V93/><F30/><W39/><G74/><T37/><D37/><U35/><E69/><V119/><F21/><N who="3" m="15823" /><G39/><T125/><D125/><U43/><E35/><V86/><F119/><N who="0" m="45578" /><D109/><U57/><E43/><V38/><F38/><W73/><G73/><T103/><AGARI ba="0,0" hai="11,12,19,28,29,95,99,103" m="45578,40041" machi="103" ten="30,2000,0" yaku="12,1,52,1" doraHai="9,64" who="0" fromWho="0" sc="488,20,170,-5,101,-10,241,-5" /><INIT seed="3,0,0,4,2,129" ten="508,165,91,236" oya="3" hai0="84,66,17,81,52,74,45,8,121,77,22,68,42" hai1="118,65,71,59,14,28,134,131,2,133,11,86,18" hai2="40,13,24,72,56,39,10,93,49,34,82,103,3" hai3="21,7,20,1,63,37,116,62,0,43,109,89,94"/><W23/><G116/><T27/><D121/><U46/><E131/><V126/><F126/><W96/><G109/><T98/><D68/><U9/><E118/><V73/><F3/><W80/><G7/><T106/><D66/><U124/><E124/><V57/><F39/><W88/><G37/><T41/><D74/><U90/><E71/><V48/><F34/><W50/><G0/><T83/><D106/><U16/><E28/><V112/><F24/><W135/><G1/><T19/><D98/><U35/><E35/><V58/><F112/><W125/><G125/><T101/><D101/><U6/><E46/><V95/><F103/><W87/><G135/><N who="1" m="51722" /><E59/><V78/><F73/><W51/><G51/><N who="0" m="28783" /><D83/><N who="1" m="49503" /><E65/><V33/><F33/><W26/><G26/><T92/><D27/><U102/><E102/><V32/><F32/><W100/><G100/><T64/><D64/><U29/><E29/><V128/><F128/><W76/><G76/><T120/><D77/><U99/><E99/><V122/><F122/><W54/><G43/><T79/><D42/><U60/><E60/><V113/><F113/><W85/><G96/><T15/><D41/><U104/><E18/><V123/><F123/><W44/><AGARI ba="0,0" hai="20,21,23,44,50,54,62,63,80,85,87,88,89,94" machi="44" ten="30,6000,0" yaku="0,1,8,1,54,1" doraHai="129" who="3" fromWho="3" sc="508,-20,165,-20,91,-20,236,60" /><INIT seed="3,1,0,2,5,89" ten="488,145,71,296" oya="3" hai0="100,23,103,44,121,55,114,8,120,71,30,61,86" hai1="70,77,42,88,35,135,10,96,7,81,25,59,47" hai2="13,12,122,132,130,99,16,26,22,58,69,36,98" hai3="94,91,64,29,92,83,113,37,101,65,11,63,133"/><W20/><G37/><T111/><D8/><U107/><E70/><V93/><F132/><W128/><G113/><T131/><D86/><U49/><E135/><V31/><F130/><W90/><G133/><T41/><D100/><U104/><E59/><V0/><F69/><W38/><G38/><T50/><D103/><U48/><E48/><V76/><F0/><W34/><G34/><T74/><D74/><U82/><E25/><V33/><F36/><W40/><G40/><T4/><D4/><U72/><E35/><V80/><F122/><W27/><G101/><T75/><D75/><U46/><E47/><V21/><F58/><N who="3" m="36983" /><G65/><N who="0" m="41391" /><D131/><U66/><E66/><V105/><F105/><W53/><G83/><T9/><D114/><U106/><E82/><V24/><F33/><W108/><G108/><T87/><D111/><U62/><E62/><V126/><F126/><W52/><G11/><T32/><D32/><U127/><E127/><V85/><REACH who="2" step="1"/><F99/><REACH who="2" ten="488,145,61,296" step="2"/><N who="3" m="57759" /><G128/><T2/><D121/><U14/><E107/><V39/><F39/><W129/><G129/><T18/><D2/><U17/><E106/><V119/><F119/><W112/><G112/><T5/><D120/><U57/><E104/><V123/><F123/><W84/><AGARI ba="1,1" hai="20,27,29,52,53,84,90,94" m="57759,36983" machi="84" ten="30,11700,0" yaku="8,1,52,2,54,1" doraHai="89" who="3" fromWho="3" sc="488,-40,145,-40,61,-40,296,130" /><INIT seed="3,2,0,5,3,59" ten="448,105,21,426" oya="3" hai0="109,67,120,97,32,58,115,25,47,86,87,95,128" hai1="130,70,49,60,82,53,39,124,29,42,74,64,81" hai2="123,122,107,44,3,100,15,27,77,66,43,61,19" hai3="8,33,30,40,108,2,68,119,22,104,71,75,35"/><W28/><G75/><T114/><D120/><U63/><E74/><V116/><F3/><W80/><G104/><T12/><D109/><U92/><E130/><V88/><F116/><W105/><G105/><T14/><D128/><U41/><E29/><V1/><F1/><W94/><G94/><T16/><D47/><N who="1" m="23999" /><E92/><V118/><F118/><W93/><G93/><T4/><D4/><U11/><E11/><V106/><F77/><W85/><G119/><T110/><D110/><U103/><E82/><V17/><F27/><W133/><G108/><T56/><D14/><U48/><E81/><V52/><F100/><W10/><G40/><T24/><D87/><U102/><E102/><V125/><F17/><W26/><G80/><T117/><D86/><U62/><E124/><V5/><F5/><N who="3" m="1079" /><G68/><T54/><D117/><U101/><E101/><V45/><F125/><W84/><G71/><T34/><D95/><U89/><E89/><V98/><F107/><W132/><G10/><T79/><D79/><U131/><E131/><V127/><F127/><W96/><G96/><T51/><D97/><U7/><E103/><V18/><F106/><W38/><G38/><T6/><D6/><U112/><E7/><V129/><F129/><W31/><G84/><T20/><D115/><U46/><E112/><V134/><F98/><W13/><G85/><T57/><D114/><U23/><E23/><V78/><F78/><W76/><G76/><T135/><D20/><U99/><E99/><V111/><F111/><W50/><G22/><T72/><D72/><U65/><E70/><V55/><F122/><RYUUKYOKU ba="2,0" sc="448,-10,105,30,21,-10,426,-10" hai1="42,46,48,49,53,60,62,63,64,65" /><INIT seed="4,3,0,4,3,55" ten="438,135,11,416" oya="0" hai0="103,93,54,127,59,66,58,7,76,134,18,45,41" hai1="131,65,36,8,56,79,34,15,10,107,29,57,64" hai2="116,26,85,80,27,78,129,90,81,95,71,132,73" hai3="69,133,44,49,50,5,99,126,52,67,6,38,123"/><T120/><D120/><U60/><E36/><V96/><F132/><W17/><G38/><T98/><D134/><U88/><E107/><V63/><F129/><W100/><G133/><T47/><D127/><U40/><E40/><V75/><F116/><W91/><G91/><T22/><D7/><U83/><E131/><V32/><F32/><W110/><G110/><T117/><D117/><U33/><E88/><N who="2" m="51247" /><F63/><W31/><G31/><T9/><D9/><U86/><E10/><V24/><F71/><W108/><G108/><T48/><D76/><U14/><E14/><V51/><F51/><W61/><G126/><T42/><D66/><U114/><E29/><V53/><F53/><W77/><G77/><T13/><D54/><U89/><E79/><N who="2" m="44143" /><F24/><W82/><G82/><T3/><D3/><U106/><E33/><V19/><F19/><W72/><G72/><T125/><D125/><U2/><E34/><V130/><F130/><W25/><G123/><T128/><D128/><U46/><E46/><V0/><F0/><W21/><REACH who="3" step="1"/><G50/><AGARI ba="3,0" hai="13,18,22,41,42,45,47,48,50,58,59,93,98,103" machi="50" ten="30,12000,1" yaku="7,1,9,1,8,1,52,2" doraHai="55" who="0" fromWho="3" sc="438,129,135,0,11,0,416,-129" /><INIT seed="4,4,0,0,2,121" ten="567,135,11,287" oya="0" hai0="131,97,130,21,101,71,65,12,128,36,42,64,2" hai1="122,127,60,111,72,67,30,84,20,117,69,43,103" hai2="32,95,45,33,11,133,29,107,96,63,132,13,41" hai3="86,74,104,77,92,55,83,75,9,10,51,126,129"/><T91/><D2/><U79/><E72/><V62/><F107/><W70/><G70/><T54/><D91/><U53/><E117/><V31/><F29/><W115/><G104/><T25/><D12/><U81/><E122/><V123/><F123/><W15/><G115/><T56/><D71/><U0/><E43/><V105/><F105/><W1/><G129/><T99/><D42/><U108/><E103/><V48/><F31/><W40/><G40/><T28/><D36/><U66/><E0/><V14/><F32/><W16/><G126/><T125/><D125/><U34/><E34/><V57/><F33/><W49/><G49/><T87/><D87/><U134/><E67/><N who="0" m="25673" /><D101/><U46/><E134/><N who="2" m="51819" /><F57/><W23/><G92/><T102/><D102/><U61/><E127/><V7/><F13/><W68/><G68/><T59/><D59/><U19/><E69/><V118/><F118/><W109/><G1/><T38/><D38/><U8/><E66/><V106/><F106/><W18/><G75/><T4/><D4/><U17/><E46/><V22/><F22/><W27/><G74/><T85/><D85/><U39/><E20/><V44/><F45/><N who="3" m="28143" /><G9/><T26/><D26/><U116/><E8/><V82/><F82/><W73/><G73/><T90/><D90/><AGARI ba="4,0" hai="7,11,14,41,44,48,62,63,90,95,96" m="51819" machi="90" ten="30,1000,0" yaku="20,1" doraHai="121" who="2" fromWho="0" sc="567,-22,135,0,11,22,287,0" /><INIT seed="5,0,0,5,1,117" ten="545,135,33,287" oya="1" hai0="93,80,54,86,61,124,120,121,43,89,40,73,92" hai1="36,134,84,116,100,75,63,115,98,1,13,26,56" hai2="129,118,68,110,69,32,21,47,85,78,65,104,71" hai3="6,53,107,42,23,132,112,60,128,4,37,62,29"/><U81/><E1/><V39/><F110/><W113/><G107/><T38/><D124/><U30/><E116/><V5/><F118/><W123/><G123/><N who="0" m="47179" /><D73/><U51/><E36/><V97/><F129/><W82/><G132/><T44/><D43/><U91/><E51/><V94/><F5/><W48/><G62/><T102/><D102/><U7/><E75/><V101/><F21/><W114/><G23/><T111/><D111/><U0/><E115/><V19/><F19/><W31/><G82/><T67/><D54/><U109/><E134/><V105/><F105/><W133/><G60/><T27/><D27/><U52/><E109/><V25/><F94/><W20/><G20/><T22/><D22/><U103/><E103/><V55/><F55/><W58/><G128/><T3/><D3/><U14/><E0/><V122/><F85/><W59/><G133/><T12/><D12/><U8/><E14/><V108/><F78/><W50/><G42/><T135/><D135/><U33/><E100/><V72/><F72/><W74/><G74/><T64/><D64/><U76/><E76/><V24/><F108/><W79/><G79/><T126/><D126/><U57/><E52/><V95/><F122/><W66/><G66/><T9/><D9/><U83/><E8/><V77/><F77/><W119/><G119/><T2/><D2/><U70/><E13/><V125/><F125/><W49/><G53/><T34/><D34/><U99/><E26/><N who="2" m="10347" /><F32/><W130/><G130/><T90/><D90/><U88/><E33/><V96/><F65/><W18/><G18/><T41/><D41/><RYUUKYOKU ba="0,0" sc="545,30,135,-10,33,-10,287,-10" hai0="38,40,44,61,67,80,86,89,92,93" /><INIT seed="6,1,0,4,0,18" ten="575,125,23,277" oya="2" hai0="112,101,38,43,11,125,8,1,12,127,72,31,46" hai1="120,104,33,4,22,47,36,5,93,130,77,75,67" hai2="39,123,64,103,6,71,68,65,0,13,66,88,115" hai3="17,21,24,102,106,98,131,50,37,74,129,87,35"/><V86/><F123/><W132/><G74/><T118/><D72/><U49/><E104/><V124/><F124/><N who="0" m="47690" /><D112/><U61/><E36/><V54/><F115/><W108/><G108/><T81/><D118/><U56/><E33/><V78/><F39/><W26/><G37/><T73/><D101/><U20/><E77/><V16/><F103/><W126/><G126/><T52/><D31/><U96/><E75/><V45/><F78/><W97/><G132/><T85/><D73/><U116/><E130/><N who="3" m="49674" /><G98/><T59/><D12/><U15/><E116/><V57/><F0/><W111/><G111/><T41/><D41/><N who="1" m="24815" /><E15/><V44/><F6/><N who="1" m="2665" /><E120/><V113/><F113/><W51/><G87/><T42/><D42/><U105/><E105/><V80/><F71/><W82/><G82/><T79/><D1/><U92/><E92/><V19/><F68/><W34/><G34/><T9/><D9/><U10/><E10/><N who="2" m="6199" /><F19/><W32/><G32/><T109/><D109/><U29/><E29/><AGARI ba="1,0" hai="17,21,24,26,29,35,50,51,97,102,106" m="49674" machi="29" ten="30,2000,0" yaku="19,1,52,1" doraHai="18" who="3" fromWho="1" sc="575,0,125,-23,23,0,277,23" /><INIT seed="7,0,0,4,5,29" ten="575,102,23,300" oya="3" hai0="13,38,90,45,21,56,88,99,127,8,74,82,59" hai1="66,135,118,104,134,129,4,12,18,94,121,35,57" hai2="54,25,49,79,7,116,124,81,110,28,78,39,1" hai3="97,93,96,19,100,69,51,33,22,53,24,122,37"/><W5/><G69/><T48/><D38/><U130/><E104/><V64/><F110/><W65/><G65/><T16/><D127/><U89/><E4/><V71/><F124/><W15/><G37/><T106/><D74/><U55/><E35/><V11/><F116/><W80/><G122/><T77/><D106/><U115/><E66/><V30/><F39/><W3/><G3/><T128/><D128/><N who="1" m="49259" /><E115/><V6/><F6/><W50/><G33/><T85/><D21/><N who="1" m="11463" /><E118/><V102/><F102/><W72/><G97/><T98/><D90/><U42/><E42/><V60/><F30/><W26/><G5/><T132/><D132/><U34/><E34/><V126/><F126/><W112/><G112/><T95/><D99/><N who="1" m="57807" /><E121/><V20/><REACH who="2" step="1"/><F81/><REACH who="2" ten="575,102,13,300" step="2"/><W113/><G113/><T125/><D125/><U111/><E111/><V73/><F73/><W14/><G24/><T58/><D58/><U105/><E105/><V63/><F63/><AGARI ba="0,1" hai="55,57,63,134,135" m="57807,11463,49259" machi="63" ten="30,1000,0" yaku="19,1" doraHai="29" who="1" fromWho="2" sc="575,0,102,20,13,-10,300,0" owari="575,68.0,122,-28.0,3,-50.0,300,10.0" /></mjloggm>