<mjloggm ver="2.3"><GO type="169" lobby="0"/><UN n0="%65%69%6B%31" n1="%E3%83%88%E3%83%88%E3%83%AA%E5%85%88%E7%94%9F%31%39%E6%AD%B3" n2="%E8%A3%8F%E6%A0%97%E6%8B%BE%E3%81%84" n3="%74%61%72%6F%6F" dan="17,19,16,18" rate="2135.59,2294.20,2095.86,2214.69" sx="M,F,M,M"/><TAIKYOKU oya="0"/><INIT seed="0,0,0,4,4,97" ten="250,250,250,250" oya="0" hai0="110,48,24,35,13,57,78,30,107,111,129,42,132" hai1="32,58,124,70,75,5,85,10,109,39,4,3,135" hai2="71,25,101,102,106,134,50,112,82,133,93,131,117" hai3="51,52,63,2,73,21,1,17,43,89,65,9,68"/><T15/><D129/><U127/><E70/><V94/><F71/><W23/><G73/><T38/><D132/><N who="2" m="50794" /><F112/><W11/><G43/><T59/><D107/><U45/><E75/><V44/><F131/><W119/><G119/><T61/><D38/><U104/><E135/><V122/><F122/><W79/><G79/><T114/><D114/><U90/><E32/><V120/><F120/><W96/><G21/><T36/><D36/><U22/><E104/><V99/><F117/><W100/><G89/><T53/><D78/><U88/><E109/><N who="0" m="41481" /><D42/><N who="1" m="22751" /><E5/><V80/><F25/><W84/><G84/><T56/><D56/><U69/><E69/><V6/><F6/><W31/><G31/><T47/><D47/><U7/><E7/><V113/><F113/><W125/><G1/><T98/><D98/><U26/><E58/><V8/><F8/><W12/><G2/><T40/><D40/><U66/><E66/><AGARI ba="0,0" hai="13,15,24,30,35,48,53,57,59,61,66" m="41481" machi="66" ten="30,2900,0" yaku="14,1,10,1" doraHai="97" who="0" fromWho="1" sc="250,29,250,-29,250,0,250,0" /><INIT seed="0,1,0,5,5,128" ten="279,221,250,250" oya="0" hai0="5,126,15,83,108,33,18,80,85,55,75,26,23" hai1="37,27,110,107,106,44,29,102,13,90,7,72,31" hai2="8,11,98,103,79,87,53,60,16,22,48,38,2" hai3="54,57,19,68,125,56,64,10,88,109,124,40,59"/><T101/><D126/><N who="3" m="48745" /><G10/><T117/><D117/><U134/><E72/><V21/><F38/><W43/><G19/><T74/><D101/><U122/><E122/><V129/><F129/><W100/><G100/><T62/><D108/><U89/><E110/><V132/><F60/><N who="3" m="39943" /><G88/><T97/><D97/><U70/><E70/><V49/><F2/><W36/><G109/><T63/><D83/><U127/><E127/><V28/><F28/><W1/><G1/><T73/><D55/><U47/><E37/><V35/><F35/><W115/><G115/><T77/><REACH who="0" step="1"/><D5/><REACH who="0" ten="269,221,250,250" step="2"/><U76/><E102/><V78/><F53/><W112/><G112/><T93/><D93/><U65/><E7/><V46/><F103/><W20/><G20/><T95/><D95/><U3/><E106/><V113/><F98/><W0/><G0/><T4/><D4/><U58/><E107/><V114/><F87/><W118/><G118/><T111/><D111/><U86/><E3/><V66/><F66/><W69/><G69/><T81/><D81/><U116/><E65/><V133/><REACH who="2" step="1"/><F46/><REACH who="2" ten="269,221,240,250" step="2"/><N who="3" m="23815" /><G43/><T32/><D32/><U82/><E86/><V105/><F105/><W130/><G130/><T45/><D45/><U25/><E47/><V41/><F41/><W24/><G24/><T119/><D119/><U17/><E44/><V30/><F30/><AGARI ba="1,2" hai="15,18,23,26,30,33,62,63,73,74,75,77,80,85" machi="30" ten="40,2000,0" yaku="1,1,53,0" doraHai="128" doraHaiUra="96" who="0" fromWho="2" sc="269,43,221,0,240,-23,250,0" /><INIT seed="0,2,0,1,4,37" ten="312,221,217,250" oya="0" hai0="99,88,59,119,133,87,122,131,2,134,135,22,10" hai1="107,70,78,0,17,51,110,117,55,33,52,102,45" hai2="97,83,104,118,112,108,42,27,46,57,114,34,23" hai3="26,94,77,50,29,89,5,63,96,32,13,85,62"/><T79/><D119/><U95/><E117/><V72/><F118/><W82/><REACH who="3" step="1"/><G50/><REACH who="3" ten="312,221,217,240" step="2"/><T98/><D135/><U16/><E51/><V105/><F112/><W125/><G125/><T132/><D134/><U121/><E110/><V7/><F114/><W6/><G6/><T65/><D133/><U20/><E121/><V19/><F7/><W111/><G111/><T28/><D122/><U58/><E0/><V14/><F108/><W1/><G1/><T123/><D123/><U75/><E107/><V64/><F105/><W3/><G3/><T69/><D2/><U126/><E126/><V49/><F104/><W36/><G36/><T115/><D115/><U100/><E17/><V43/><F49/><W80/><G80/><T60/><D132/><U68/><E16/><V56/><F83/><W128/><G128/><T66/><D131/><U73/><E73/><V25/><F72/><W38/><G38/><T103/><D28/><U124/><E75/><V113/><F113/><W91/><G91/><T92/><D88/><U61/><E124/><V127/><F127/><W109/><G109/><T18/><D18/><U53/><E100/><V41/><F19/><W35/><G35/><T9/><D103/><U67/><E33/><V40/><F34/><W44/><G44/><T116/><D116/><U31/><E45/><V74/><F46/><W21/><G21/><T76/><D22/><U8/><E20/><V39/><F74/><W4/><G4/><T48/><D48/><U86/><E31/><V106/><F39/><W84/><G84/><T120/><D120/><U90/><E90/><RYUUKYOKU ba="2,1" sc="312,-10,221,-10,217,-10,240,30" hai3="5,13,26,29,32,62,63,77,82,85,89,94,96" /><INIT seed="1,3,1,5,1,96" ten="302,211,207,270" oya="1" hai0="70,28,6,88,46,85,8,121,107,89,127,38,56" hai1="74,64,27,122,97,77,57,16,3,98,23,123,106" hai2="105,13,49,35,61,132,79,42,32,36,102,90,76" hai3="111,80,17,119,4,83,118,92,116,112,131,0,18"/><U115/><E115/><V7/><F36/><W81/><G112/><T58/><D70/><U73/><E3/><V109/><F32/><W95/><G111/><T69/><D69/><U19/><E97/><V62/><F35/><W99/><G131/><T52/><D107/><U71/><E71/><V114/><F114/><W50/><G50/><T67/><D127/><U125/><E125/><V5/><F109/><W129/><G129/><T11/><D121/><U108/><E108/><V44/><F132/><W128/><G128/><T84/><D28/><U47/><E47/><V133/><F133/><W117/><N who="3" m="29696" /><DORA hai="53" /><W43/><G43/><T78/><D78/><U130/><E130/><V24/><F79/><W86/><G4/><T68/><D68/><U12/><E77/><V1/><F24/><W54/><G54/><T45/><D52/><U22/><E73/><V104/><F104/><W33/><G33/><T82/><D67/><U134/><E74/><V20/><F76/><W51/><G51/><T75/><D75/><U41/><E41/><V124/><F124/><W60/><G60/><T25/><D25/><U26/><E12/><V94/><F1/><W63/><G63/><N who="2" m="24073" /><F105/><W2/><G2/><T66/><D66/><U9/><E134/><V87/><F102/><N who="3" m="60775" /><G0/><T93/><D38/><U15/><E64/><V103/><F103/><W72/><G72/><T59/><D6/><N who="1" m="3511" /><E123/><V65/><F65/><W34/><G34/><T110/><D110/><U55/><E122/><V30/><F13/><W135/><G135/><T113/><D113/><U91/><E106/><V48/><F48/><RYUUKYOKU ba="3,1" sc="302,10,211,-30,207,10,270,10" hai0="8,11,45,46,56,58,59,82,84,85,88,89,93" hai2="5,7,20,30,42,44,49,87,90,94" hai3="17,18,80,81,83,86,95" /><INIT seed="2,4,1,0,3,99" ten="312,181,217,280" oya="2" hai0="81,94,30,124,69,47,91,72,93,12,25,119,58" hai1="67,64,82,2,80,111,128,100,8,14,59,4,16" hai2="108,88,24,46,133,5,10,6,56,53,35,9,103" hai3="104,74,109,34,61,90,20,129,127,42,113,130,92"/><V65/><F133/><W33/><G74/><T71/><D124/><U115/><E115/><V57/><F108/><W37/><G109/><T11/><D119/><U85/><E111/><V112/><F112/><W38/><G113/><T70/><D47/><U116/><E116/><V32/><F24/><W98/><G127/><T31/><D58/><U43/><E128/><V51/><F103/><W0/><G0/><T86/><D72/><U55/><E43/><V21/><F21/><W120/><G120/><T96/><D25/><U77/><E82/><V105/><F105/><W28/><G104/><T40/><D40/><U41/><E41/><V1/><F88/><W131/><G61/><T50/><D50/><U49/><REACH who="1" step="1"/><E100/><REACH who="1" ten="312,171,217,280" step="2"/><V135/><F135/><W106/><G42/><T79/><REACH who="0" step="1"/><D94/><REACH who="0" ten="302,171,217,280" step="2"/><U73/><E73/><V132/><F132/><W15/><G106/><T97/><D97/><U78/><E78/><V13/><REACH who="2" step="1"/><F65/><REACH who="2" ten="302,171,207,280" step="2"/><W121/><G130/><T7/><AGARI ba="4,4" hai="7,11,12,30,31,69,70,71,79,81,86,91,93,96" machi="7" ten="30,7900,0" yaku="1,1,0,1,53,2" doraHai="99" doraHaiUra="27" who="0" fromWho="0" sc="302,131,171,-24,207,-43,280,-24" /><INIT seed="3,0,0,4,2,52" ten="433,147,164,256" oya="3" hai0="9,32,30,67,46,36,113,117,45,133,26,65,13" hai1="135,22,123,12,111,110,16,42,18,126,31,4,59" hai2="132,109,107,55,122,99,44,128,82,115,14,3,54" hai3="70,72,79,38,116,131,58,119,127,84,51,85,81"/><W5/><G70/><T60/><D117/><U98/><E123/><V93/><F3/><W6/><G38/><T73/><D73/><U10/><E135/><V0/><F0/><W66/><G131/><T40/><D133/><U39/><E126/><V90/><F132/><W61/><G127/><T129/><D129/><U47/><E31/><V102/><F128/><W118/><REACH who="3" step="1"/><G51/><REACH who="3" ten="433,147,164,246" step="2"/><T35/><D36/><U2/><E98/><V29/><F99/><W15/><G15/><T21/><D13/><U64/><REACH who="1" step="1"/><E18/><REACH who="1" ten="433,137,164,246" step="2"/><V34/><F122/><W124/><G124/><T49/><D30/><U88/><E88/><V71/><F90/><W130/><G130/><T8/><D113/><U87/><E87/><AGARI ba="0,2" hai="5,6,58,61,66,72,79,81,84,85,87,116,118,119" machi="87" ten="40,3900,0" yaku="1,1,52,1,53,0" doraHai="52" doraHaiUra="103" who="3" fromWho="1" sc="433,0,137,-39,164,0,246,59" /><INIT seed="3,1,0,4,2,40" ten="433,98,164,305" oya="3" hai0="102,20,87,107,78,41,68,114,79,94,44,97,77" hai1="13,65,96,99,132,37,121,34,49,113,59,110,115" hai2="15,6,125,5,56,35,88,58,135,134,84,128,29" hai3="126,66,14,120,73,32,95,127,104,19,8,111,100"/><W82/><G120/><T36/><D114/><N who="1" m="43531" /><E121/><V93/><F128/><W119/><G32/><T60/><D20/><U0/><E0/><V106/><F106/><W42/><G104/><T31/><D31/><U75/><E34/><V69/><F69/><W103/><G119/><T4/><D4/><N who="2" m="1642" /><F15/><W39/><G66/><T9/><D9/><U43/><E75/><V71/><F71/><W30/><G30/><T131/><D131/><U24/><E96/><V83/><F125/><N who="3" m="47627" /><G111/><T2/><D2/><U85/><E85/><N who="2" m="52367" /><F29/><W12/><G95/><T16/><D107/><U21/><E99/><V25/><F25/><W118/><G118/><T54/><D68/><U48/><E13/><V90/><F35/><W33/><G33/><T91/><D97/><U64/><E21/><V80/><F83/><W72/><G14/><T116/><D116/><U45/><E24/><V123/><F123/><W50/><G39/><T28/><D28/><U18/><E18/><V23/><F23/><W89/><G73/><T61/><D36/><U86/><E86/><V53/><F53/><W81/><G72/><T92/><D54/><N who="1" m="32199" /><E110/><V76/><F76/><W124/><N who="3" m="47635" /><W112/><DORA hai="63" /><G112/><T3/><D3/><U70/><E70/><V98/><F98/><W17/><G17/><T57/><D16/><U22/><E22/><V122/><F122/><W47/><G82/><T7/><D94/><U109/><E109/><V10/><F10/><W11/><G8/><T26/><D92/><U55/><E132/><AGARI ba="1,0" hai="56,58,80,84,90,132,134,135" m="52367,1642" machi="132" ten="30,2000,0" yaku="20,1,54,1" doraHai="40,63" who="2" fromWho="1" sc="433,0,98,-23,164,23,305,0" /><INIT seed="4,0,0,2,0,75" ten="433,75,187,305" oya="0" hai0="87,62,41,14,64,119,23,4,90,27,40,118,42" hai1="25,106,89,48,102,79,35,57,5,103,99,111,71" hai2="133,96,51,47,120,30,109,9,53,81,77,135,105" hai3="107,49,92,10,60,29,127,36,70,128,112,80,54"/><T73/><D73/><U98/><E111/><V93/><F120/><W38/><G107/><T2/><D14/><U76/><E71/><V116/><F109/><W122/><G29/><T45/><D45/><U46/><E5/><V108/><F108/><W58/><G92/><T78/><D4/><U24/><E89/><V15/><F30/><W12/><G112/><T6/><D6/><U8/><E8/><V0/><F0/><W129/><G12/><T121/><D2/><U97/><E57/><V130/><F105/><W11/><G11/><T32/><D32/><U17/><E35/><V37/><F130/><N who="3" m="50283" /><G10/><T50/><D50/><U20/><E24/><V100/><F37/><N who="3" m="14443" /><G80/><T22/><D121/><U88/><E88/><V91/><F116/><W74/><G74/><T83/><D90/><U7/><E7/><V134/><F15/><W61/><G122/><T66/><D22/><U82/><E82/><V3/><F3/><W34/><G34/><T28/><REACH who="0" step="1"/><D66/><REACH who="0" ten="423,75,187,305" step="2"/><U86/><E86/><N who="2" m="48431" /><F9/><W85/><G85/><T16/><D16/><U68/><E17/><V18/><F91/><W104/><G49/><T84/><D84/><U94/><E20/><V39/><F39/><W21/><G21/><T31/><D31/><U126/><E48/><V69/><F18/><W65/><G104/><T113/><D113/><U19/><E106/><V56/><F47/><W63/><G63/><T131/><D131/><U132/><E19/><V95/><F95/><W1/><G1/><T52/><D52/><U13/><E94/><V101/><F101/><W125/><AGARI ba="0,1" hai="54,58,60,61,65,70,125,127" m="14443,50283" machi="125" ten="40,5200,0" yaku="19,1,34,2" doraHai="75" who="3" fromWho="3" sc="423,-26,75,-13,187,-13,305,62" /><INIT seed="5,0,0,4,3,7" ten="397,62,174,367" oya="1" hai0="86,8,74,15,60,22,13,70,129,50,91,31,28" hai1="56,87,69,124,38,127,5,34,54,85,30,121,42" hai2="119,107,122,130,46,29,37,118,123,39,51,52,61" hai3="108,84,110,1,36,104,132,43,63,125,3,40,57"/><U35/><E121/><N who="2" m="46091" /><F107/><W53/><G125/><N who="1" m="48202" /><E69/><V93/><F93/><W78/><G132/><T2/><D74/><U97/><E5/><V117/><F29/><W59/><G104/><T55/><D129/><U80/><E30/><V112/><F130/><W41/><G36/><N who="2" m="13897" /><F112/><W96/><G96/><T111/><D111/><U114/><E114/><V81/><F81/><N who="3" m="47159" /><G1/><T10/><D2/><U90/><E97/><V79/><F79/><W135/><G135/><T98/><D98/><U89/><E42/><V94/><F94/><W0/><G0/><T106/><D106/><U133/><E38/><V128/><F128/><W66/><G3/><T109/><D109/><U23/><E23/><V18/><F18/><W65/><G110/><T16/><D22/><U131/><E131/><V45/><F61/><N who="3" m="38079" /><G108/><T102/><D60/><N who="1" m="35863" /><E133/><V73/><F73/><W6/><G6/><N who="0" m="3223" /><D31/><U58/><E58/><AGARI ba="0,0" hai="45,46,51,52,58,117,118,119" m="13897,46091" machi="58" ten="40,5200,0" yaku="34,2,54,1" doraHai="7" who="2" fromWho="1" sc="397,0,62,-52,174,52,367,0" /><INIT seed="6,0,0,3,0,55" ten="397,10,226,367" oya="2" hai0="86,105,62,43,61,6,15,40,1,124,78,82,52" hai1="84,128,64,111,76,132,135,46,50,34,32,77,26" hai2="93,90,13,118,95,4,63,99,131,59,28,60,96" hai3="123,130,44,92,54,23,53,109,113,11,80,122,51"/><V35/><F131/><W119/><G119/><T5/><D105/><U39/><E111/><V17/><F118/><W94/><G109/><T37/><D124/><U72/><E39/><V2/><F2/><W112/><G130/><T74/><D1/><U56/><E72/><V129/><F129/><W58/><G11/><T133/><D133/><U134/><E128/><V98/><F4/><W108/><G108/><T87/><D37/><U68/><E68/><V47/><F47/><W0/><G0/><T38/><D38/><U73/><E73/><V57/><F28/><W75/><G23/><T42/><D74/><U114/><E114/><N who="3" m="44138" /><G80/><N who="0" m="47383" /><D15/><U116/><E116/><V45/><F45/><W125/><G75/><T66/><D66/><U24/><E24/><V27/><F27/><W21/><G21/><T85/><D85/><U7/><E7/><N who="0" m="2569" /><D52/><U36/><E36/><V106/><F106/><W121/><G125/><T29/><D29/><U16/><E84/><N who="2" m="52423" /><F95/><W101/><G101/><T20/><D82/><U3/><E3/><V120/><F120/><W65/><G65/><T70/><D87/><U69/><E69/><V10/><F35/><N who="1" m="13353" /><E26/><V18/><F18/><W115/><N who="3" m="44146" /><W9/><DORA hai="89" /><G9/><T30/><D70/><U88/><E16/><V12/><F12/><W103/><G103/><T25/><AGARI ba="0,0" hai="20,25,30,40,42,43,61,62" m="2569,47383" machi="25" ten="30,1100,0" yaku="8,1" doraHai="55,89" who="0" fromWho="0" sc="397,11,10,-3,226,-5,367,-3" /><INIT seed="7,0,0,3,4,47" ten="408,7,221,364" oya="3" hai0="63,43,121,78,90,60,80,126,16,48,101,0,102" hai1="93,100,20,87,99,64,50,79,8,54,68,42,88" hai2="45,129,86,113,53,36,30,37,105,117,24,56,122" hai3="2,133,127,85,3,75,119,106,125,120,97,77,38"/><W82/><G120/><T103/><D121/><U61/><E68/><V4/><F105/><W31/><G119/><T12/><D0/><U13/><E64/><V94/><F122/><W41/><G31/><T84/><D126/><N who="3" m="48137" /><G41/><T39/><D39/><U15/><E15/><V131/><F117/><W115/><G38/><T62/><D48/><U52/><E61/><V104/><F104/><W96/><G2/><T91/><D43/><U112/><E112/><V73/><F73/><W23/><G3/><T95/><D95/><U118/><E118/><V66/><F4/><W7/><G7/><T27/><D27/><U34/><E34/><V124/><F124/><W114/><G23/><AGARI ba="0,0" hai="12,16,23,60,62,63,78,80,84,90,91,101,102,103" machi="23" ten="40,2600,0" yaku="8,1,54,1" doraHai="47" who="0" fromWho="3" sc="408,26,7,0,221,0,364,-26" owari="434,53.0,7,-49.0,221,-18.0,338,14.0" /></mjloggm>