<mjloggm ver="2.3"><GO type="169" lobby="0"/><UN n0="%E3%81%84%E3%81%9F%E3%83%92%E3%83%AD" n1="%E3%83%88%E3%83%88%E3%83%AA%E5%85%88%E7%94%9F%31%39%E6%AD%B3" n2="%E5%8C%97%E9%A2%A8%E3%83%80%E3%83%B3%E3%82%B4" n3="%6B%75%6E%70%61%63" dan="16,19,18,16" rate="2126.54,2307.51,2328.21,2127.12" sx="M,F,M,M"/><TAIKYOKU oya="0"/><INIT seed="0,0,0,5,2,119" ten="250,250,250,250" oya="0" hai0="80,98,48,26,18,19,42,54,87,62,91,31,0" hai1="88,122,43,37,101,120,131,6,11,72,60,133,97" hai2="13,94,4,3,76,55,130,36,81,24,123,61,20" hai3="58,66,44,64,39,67,118,57,70,51,134,15,33"/><T75/><D0/><U1/><E131/><V29/><F130/><W68/><G33/><T9/><D75/><U126/><E126/><V132/><F36/><W56/><G15/><T30/><D42/><U21/><E133/><V2/><F132/><W103/><G134/><T83/><D62/><U34/><E34/><V78/><F78/><W116/><G103/><T128/><D128/><U107/><E21/><V129/><F129/><W113/><G113/><T117/><D117/><U102/><E102/><V23/><F94/><W106/><G106/><T52/><D54/><U35/><E35/><V77/><F77/><W5/><G5/><T104/><D83/><U71/><E88/><V10/><F23/><W108/><G108/><T47/><D104/><U85/><E85/><V82/><F82/><W69/><REACH who="3" step="1"/><G39/><REACH who="3" ten="250,250,250,240" step="2"/><T49/><D49/><U110/><E110/><V96/><F3/><W41/><AGARI ba="0,1" hai="41,44,51,56,57,58,64,66,67,68,69,70,116,118" machi="41" ten="40,16000,3" yaku="1,1,2,1,0,1,29,2,34,3,53,2" doraHai="119" doraHaiUra="112" who="3" fromWho="3" sc="250,-80,250,-40,250,-40,240,170" /><INIT seed="1,0,0,0,0,103" ten="170,210,210,410" oya="1" hai0="17,23,39,97,132,95,69,98,111,76,84,67,53" hai1="12,82,71,79,54,104,47,122,60,112,52,120,118" hai2="65,31,51,77,34,28,129,2,133,75,57,42,30" hai3="134,127,131,105,35,87,125,66,58,18,45,8,29"/><U3/><E112/><V126/><F2/><W61/><G131/><T21/><D132/><U73/><E118/><V68/><F34/><W85/><G134/><T89/><D111/><U43/><E3/><V38/><F133/><W22/><G35/><T19/><D39/><U86/><E104/><V20/><F129/><W48/><G29/><T130/><D130/><U123/><E73/><V119/><F119/><W1/><G8/><T44/><D67/><U108/><E108/><V16/><F126/><N who="3" m="48139" /><G1/><T124/><D69/><U135/><E135/><V78/><F75/><W74/><G74/><T24/><D124/><U7/><E71/><V59/><F38/><W121/><G121/><T102/><D76/><N who="2" m="29290" /><F65/><W109/><G109/><T56/><D44/><U96/><E60/><V49/><F68/><W115/><G115/><T88/><D89/><U117/><E96/><V41/><F51/><W32/><G32/><T106/><D84/><U4/><E117/><V10/><F10/><W72/><G72/><T36/><D36/><U83/><E83/><V93/><F93/><W113/><G113/><T81/><D81/><U14/><E4/><V9/><F9/><W0/><G0/><T116/><D116/><U26/><E7/><V55/><F59/><W114/><G114/><T107/><D98/><U46/><E122/><V63/><F63/><W92/><G92/><T64/><D64/><U15/><E123/><V27/><AGARI ba="0,0" hai="16,20,27,28,30,31,41,42,49,55,57" m="29290" machi="27" ten="30,2000,0" yaku="8,1,54,1" doraHai="103" who="2" fromWho="2" sc="170,-5,210,-10,210,20,410,-5" /><INIT seed="2,0,0,5,3,91" ten="165,200,230,405" oya="2" hai0="60,20,111,28,18,77,31,100,103,36,57,126,135" hai1="58,64,68,56,59,67,24,43,63,40,30,9,19" hai2="130,71,48,16,26,6,32,37,104,55,4,80,95" hai3="124,106,7,52,97,113,90,72,109,12,83,96,14"/><V44/><F104/><W70/><G70/><T62/><D36/><U0/><E67/><V118/><F118/><W61/><G109/><T87/><D111/><U17/><E0/><V38/><F71/><W2/><G2/><T21/><D135/><U69/><E69/><V5/><F130/><W42/><G42/><T114/><D126/><U98/><E9/><V73/><F73/><W94/><G124/><T81/><D114/><U129/><E129/><V119/><F119/><W13/><G113/><T88/><D77/><U117/><E117/><V25/><F80/><W27/><G27/><N who="0" m="16879" /><D28/><U125/><E125/><V120/><F120/><W89/><G106/><T78/><D78/><U128/><E128/><V74/><F74/><W46/><G72/><T49/><D49/><U115/><E115/><V47/><F47/><W66/><G66/><N who="0" m="39183" /><D62/><U23/><E43/><V134/><F134/><W121/><G121/><T122/><D122/><U105/><E40/><V35/><F38/><W41/><G41/><T101/><D100/><U107/><E107/><V86/><F37/><W39/><G39/><T93/><D81/><U82/><E82/><V102/><F102/><W15/><N who="3" m="3072" /><DORA hai="29" /><W11/><G11/><T50/><D50/><U79/><E79/><V10/><F10/><W99/><G46/><T123/><D123/><U84/><E68/><V112/><F112/><W3/><G3/><T53/><D53/><U131/><E131/><V127/><F127/><W76/><G76/><T33/><D33/><N who="2" m="12874" /><F16/><N who="1" m="6217" /><E64/><V132/><F132/><W116/><G116/><T65/><D65/><U110/><E105/><RYUUKYOKU ba="0,0" sc="165,15,200,-15,230,15,405,-15" hai0="18,20,87,88,93,101,103" hai2="4,5,6,25,26,44,48,55,86,95" /><INIT seed="2,1,0,5,3,65" ten="180,185,245,390" oya="2" hai0="80,96,101,24,63,30,115,40,86,117,77,121,29" hai1="1,129,131,49,123,73,128,79,27,58,68,116,94" hai2="67,120,88,6,7,110,114,26,11,15,100,37,89" hai3="112,36,102,92,32,98,106,48,43,105,108,99,25"/><V119/><F114/><W109/><G112/><T42/><D115/><U125/><E116/><V2/><F119/><W12/><G48/><T70/><D121/><U132/><E1/><V135/><F120/><W55/><G55/><T18/><D18/><U76/><E123/><V118/><F118/><W78/><G78/><N who="1" m="29738" /><E73/><V5/><F37/><W62/><G62/><T91/><D77/><U47/><E58/><V21/><F135/><W28/><G12/><T72/><D72/><U13/><E132/><V104/><F110/><N who="3" m="42603" /><G99/><T71/><D117/><U84/><E125/><V17/><F67/><W50/><G50/><T103/><D103/><U133/><E133/><V3/><F3/><W126/><G126/><T130/><D130/><U31/><E13/><V64/><F64/><W83/><G83/><T66/><D71/><U23/><E84/><V34/><F34/><W87/><G87/><T19/><D19/><U52/><E94/><V111/><F111/><W9/><G9/><T93/><REACH who="0" step="1"/><D30/><REACH who="0" ten="170,185,245,390" step="2"/><U45/><E45/><AGARI ba="1,1" hai="25,28,32,36,43,45,92,98,102,105,106" m="42603" machi="45" ten="30,1000,0" yaku="14,1" doraHai="65" who="3" fromWho="1" sc="170,0,185,-13,245,0,390,23" /><INIT seed="3,0,0,3,0,38" ten="170,172,245,413" oya="3" hai0="85,4,121,83,5,93,26,133,103,52,59,49,106" hai1="114,118,65,122,112,84,1,116,76,9,36,82,91" hai2="51,60,97,129,92,48,77,134,16,78,123,87,126" hai3="7,19,79,11,42,73,120,131,28,80,61,57,23"/><W3/><G120/><T119/><D121/><U0/><E122/><V111/><F111/><W12/><G131/><T41/><D106/><U64/><E36/><V70/><F129/><W124/><G124/><T2/><D119/><N who="1" m="45611" /><E91/><V107/><F126/><W74/><G74/><T21/><D2/><N who="1" m="1131" /><E9/><V104/><F134/><W8/><G8/><T31/><D133/><U130/><E130/><V105/><F123/><W68/><G68/><T117/><D117/><U27/><E27/><V135/><F135/><W37/><G28/><T109/><D109/><U6/><E6/><V22/><F70/><W110/><G110/><T127/><D127/><U88/><E76/><V75/><F60/><W18/><G18/><T35/><D35/><U90/><E90/><V30/><F30/><W46/><G57/><T40/><D4/><U113/><AGARI ba="0,0" hai="64,65,82,84,88,112,113,114" m="1131,45611" machi="113" ten="40,2700,0" yaku="12,1,54,1" doraHai="38" who="1" fromWho="1" sc="170,-7,172,27,245,-7,413,-13" /><INIT seed="4,0,0,3,4,41" ten="163,199,238,400" oya="0" hai0="4,77,78,42,11,39,57,88,15,43,122,128,70" hai1="127,103,34,62,134,18,28,110,91,8,131,53,58" hai2="63,135,46,26,44,64,50,54,33,16,59,37,31" hai3="72,9,56,82,55,124,133,90,32,14,113,95,74"/><T100/><D70/><U84/><E110/><V129/><F129/><W119/><G32/><T52/><D122/><U40/><E131/><V0/><F135/><W71/><G71/><T35/><D35/><U21/><E134/><V65/><F0/><W87/><G133/><T107/><D128/><U98/><E127/><V80/><F80/><W121/><G119/><T81/><D100/><U27/><E40/><N who="0" m="15401" /><D107/><U104/><E8/><V23/><F37/><W66/><G124/><T123/><D123/><U48/><E62/><V51/><F65/><W112/><G66/><T20/><D20/><U114/><E114/><N who="3" m="44138" /><G82/><T117/><D117/><U108/><E108/><V85/><F85/><W45/><G121/><T99/><D39/><U75/><E75/><V102/><F102/><W29/><G29/><T13/><D15/><U94/><REACH who="1" step="1"/><E34/><REACH who="1" ten="163,189,238,400" step="2"/><V105/><F105/><W86/><G74/><T97/><D97/><U49/><E49/><V93/><F93/><W6/><G72/><T115/><D115/><U111/><E111/><V126/><F126/><W92/><G95/><N who="0" m="56807" /><D81/><U68/><E68/><V30/><F33/><W1/><G1/><T106/><D106/><U2/><E2/><V120/><F120/><W36/><G36/><T47/><D47/><U61/><E61/><AGARI ba="0,1" hai="4,11,13,52,57,61,77,78" m="56807,15401" machi="61" ten="30,5800,0" yaku="8,1,54,2" doraHai="41" who="0" fromWho="1" sc="163,68,189,-58,238,0,400,0" /><INIT seed="4,1,0,4,4,41" ten="231,131,238,400" oya="0" hai0="70,28,49,50,122,71,117,0,105,103,111,31,127" hai1="79,18,118,13,58,44,131,90,10,97,102,23,91" hai2="109,21,123,27,78,88,107,20,100,40,29,121,80" hai3="7,37,98,47,60,82,94,57,67,24,36,65,12"/><T8/><D122/><U64/><E118/><V9/><F109/><W96/><G65/><T5/><D117/><U119/><E119/><V73/><F9/><W61/><G61/><T68/><D111/><U48/><E131/><V56/><F100/><W4/><G37/><T11/><D127/><U34/><E34/><V134/><F107/><W59/><G59/><T114/><D114/><U87/><E79/><V113/><F113/><W130/><G130/><T25/><D31/><U17/><E87/><V54/><F134/><W126/><G24/><T46/><D50/><U39/><E39/><V69/><F69/><W135/><G135/><T77/><D77/><U86/><E86/><V99/><F40/><W66/><G66/><T1/><D103/><U52/><E64/><V75/><F20/><W38/><G82/><T45/><D105/><U108/><E58/><V42/><F42/><N who="3" m="22983" /><G38/><T112/><D112/><U110/><E110/><V19/><F29/><W15/><G98/><T14/><D49/><U62/><E62/><N who="2" m="36119" /><F75/><W83/><G126/><T84/><D84/><U120/><E120/><V124/><F124/><W132/><G132/><T33/><REACH who="0" step="1"/><D0/><REACH who="0" ten="221,131,238,400" step="2"/><U95/><REACH who="1" step="1"/><E108/><REACH who="1" ten="221,121,238,400" step="2"/><V2/><F2/><W3/><G3/><T106/><D106/><U101/><E101/><V72/><F72/><W133/><G133/><T6/><AGARI ba="1,2" hai="1,5,6,8,11,14,25,28,33,45,46,68,70,71" machi="6" ten="40,12000,1" yaku="1,1,0,1,52,2,53,0" doraHai="41" doraHaiUra="16" who="0" fromWho="0" sc="221,143,121,-41,238,-41,400,-41" /><INIT seed="4,2,0,5,0,78" ten="364,80,197,359" oya="0" hai0="32,84,70,88,108,93,126,6,27,2,35,41,111" hai1="62,59,20,8,89,53,63,81,77,132,115,128,123" hai2="4,52,21,127,96,95,61,101,86,104,80,0,1" hai3="60,135,36,76,99,68,110,72,3,75,9,85,92"/><T107/><D126/><U100/><E123/><V113/><F127/><W87/><G110/><N who="0" m="42027" /><D70/><U48/><E128/><V49/><F113/><W12/><G3/><T29/><D32/><U14/><E132/><V42/><F4/><W34/><G34/><T71/><D71/><U50/><E115/><V105/><F42/><W18/><G36/><T11/><D41/><U23/><E100/><V98/><F61/><W117/><G117/><T94/><D107/><U7/><E89/><V16/><F1/><W30/><G30/><T102/><D102/><U37/><E37/><V5/><F5/><W44/><G44/><T55/><D55/><U22/><REACH who="1" step="1"/><E63/><REACH who="1" ten="364,70,197,359" step="2"/><V73/><F101/><W43/><G60/><T25/><D25/><U103/><E103/><V119/><F105/><W124/><G135/><T45/><D45/><U51/><E51/><V69/><F104/><W15/><G124/><T56/><D56/><U46/><E46/><V82/><F69/><W118/><G68/><T79/><D79/><U116/><E116/><V19/><F119/><W90/><G118/><T39/><D39/><U130/><E130/><V134/><F134/><W31/><G76/><T65/><D65/><U83/><E83/><AGARI ba="2,1" hai="2,6,11,27,29,35,83,84,88,93,94" m="42027" machi="83" ten="30,5800,0" yaku="10,1,52,1,54,1" doraHai="78" who="0" fromWho="1" sc="364,74,70,-64,197,0,359,0" /><INIT seed="4,3,0,4,2,116" ten="438,6,197,359" oya="0" hai0="109,130,44,15,3,53,97,92,129,72,105,106,12" hai1="89,133,108,60,104,124,107,7,121,0,84,39,16" hai2="31,18,13,11,134,94,114,40,90,64,81,111,14" hai3="71,9,80,132,20,99,82,25,110,131,76,118,69"/><T135/><D3/><U113/><E108/><V67/><F111/><W95/><G118/><T19/><D72/><U79/><E39/><V4/><F114/><W93/><G110/><T32/><D32/><U51/><E121/><V86/><F134/><W63/><G132/><T68/><D68/><U70/><E133/><V88/><F31/><W55/><G131/><N who="0" m="50187" /><D135/><U48/><E79/><V2/><F40/><W128/><G128/><T38/><D109/><U58/><E70/><V85/><F2/><W45/><G95/><T52/><D38/><U26/><E104/><N who="0" m="40041" /><D44/><U24/><E107/><V91/><F91/><W117/><G117/><T119/><D119/><U103/><E103/><V59/><F59/><W77/><G9/><AGARI ba="3,0" hai="4,9,11,13,14,18,64,67,81,85,86,88,90,94" machi="9" ten="30,3900,0" yaku="7,1,8,1,54,1" doraHai="116" who="2" fromWho="3" sc="438,0,6,0,197,48,359,-48" /><INIT seed="5,0,0,1,3,102" ten="438,6,245,311" oya="1" hai0="135,62,8,113,47,66,50,63,12,42,116,108,91" hai1="7,132,51,104,97,134,36,129,60,100,41,70,81" hai2="64,48,44,52,11,22,120,67,103,89,14,111,1" hai3="6,101,117,32,40,59,31,53,19,84,131,86,93"/><U95/><E36/><V26/><F111/><W13/><G131/><T57/><D108/><U61/><E129/><V119/><F1/><W133/><G133/><N who="1" m="51306" /><E7/><N who="2" m="3455" /><F119/><W94/><G6/><T54/><D113/><U46/><E81/><V92/><F120/><W0/><G0/><T123/><D123/><U127/><E127/><V110/><F103/><W71/><G71/><T58/><D116/><U18/><E18/><N who="2" m="12631" /><F110/><W90/><G117/><T109/><D109/><U130/><E130/><V16/><F16/><W128/><G128/><T5/><D135/><U98/><E70/><V124/><F124/><W73/><G73/><T65/><D91/><AGARI ba="0,0" hai="41,46,51,60,61,91,95,97,98,100,104" m="51306" machi="91" ten="30,2900,0" yaku="20,1,52,1" doraHai="102" who="1" fromWho="0" sc="438,-29,6,29,245,0,311,0" /><INIT seed="5,1,0,1,4,115" ten="409,35,245,311" oya="1" hai0="112,31,131,11,80,102,106,78,20,93,19,46,86" hai1="82,99,100,49,55,120,89,77,103,51,84,21,91" hai2="125,54,90,65,7,15,122,107,36,32,57,87,63" hai3="67,18,129,92,12,118,70,109,96,104,95,75,22"/><U27/><E120/><V135/><F122/><W123/><G109/><T41/><D112/><U128/><E128/><V117/><F107/><W26/><G129/><T126/><D131/><U71/><E71/><V69/><F32/><W66/><G123/><T108/><D108/><U113/><E113/><V114/><F114/><W48/><G75/><T13/><D106/><U88/><E99/><V2/><F2/><W85/><G104/><T59/><D59/><U30/><REACH who="1" step="1"/><E49/><REACH who="1" ten="409,25,245,311" step="2"/><V9/><F36/><W56/><G70/><T72/><D126/><U60/><E60/><V97/><F125/><W121/><G121/><T44/><D72/><U17/><E17/><V45/><F97/><W24/><G96/><N who="0" m="59663" /><D41/><U5/><E5/><V28/><F69/><W124/><G18/><N who="0" m="8511" /><D31/><U40/><E40/><V74/><F74/><W14/><G124/><T76/><D76/><U43/><E43/><V68/><F68/><W34/><G85/><T1/><D1/><U16/><E16/><V111/><F111/><W37/><G48/><T83/><D86/><U38/><E38/><V6/><F28/><W53/><G37/><T52/><D78/><U116/><E116/><V110/><F117/><W47/><G118/><T127/><D127/><U61/><E61/><V50/><F110/><W23/><G14/><T105/><D105/><U132/><E132/><V119/><F135/><W133/><G12/><T29/><D29/><U42/><E42/><V94/><F119/><W10/><G133/><T35/><D19/><AGARI ba="1,1" hai="6,7,9,15,19,45,50,54,57,63,65,87,90,94" machi="19" ten="30,2000,0" yaku="7,1,8,1" doraHai="115" who="2" fromWho="0" sc="409,-23,25,0,245,33,311,0" /><INIT seed="6,0,0,1,3,113" ten="386,25,278,311" oya="2" hai0="85,15,111,41,89,20,131,133,91,114,81,51,24" hai1="78,10,99,53,18,87,106,117,82,96,45,93,66" hai2="32,120,77,47,5,75,52,97,23,86,72,44,43" hai3="98,69,36,110,39,122,83,80,13,3,48,59,33"/><V135/><F120/><W84/><G3/><T50/><D111/><U54/><E106/><V28/><F32/><W130/><G122/><T42/><D114/><U9/><E117/><V35/><F35/><W57/><G69/><T123/><D123/><U112/><E112/><V6/><F135/><W116/><G33/><T34/><D34/><U7/><E66/><V46/><F43/><N who="0" m="16394" /><D133/><U21/><E7/><N who="2" m="2571" /><F75/><W56/><G98/><T107/><D107/><U17/><E99/><V65/><F65/><W49/><G57/><T55/><D131/><U27/><E45/><V121/><F72/><W38/><G38/><T67/><D67/><U30/><E30/><V101/><F121/><W94/><G13/><T74/><D74/><U58/><E17/><V62/><F101/><W108/><G94/><T26/><D50/><U79/><E78/><V126/><F126/><W119/><G84/><T103/><D103/><U0/><E0/><V132/><F132/><W102/><G102/><T12/><D91/><U104/><E104/><V40/><F97/><W19/><REACH who="3" step="1"/><G19/><REACH who="3" ten="386,25,278,301" step="2"/><N who="0" m="10343" /><D15/><U73/><E73/><V88/><F40/><W118/><G118/><T16/><D16/><U2/><E2/><V68/><F68/><W60/><G60/><T4/><D4/><U115/><E115/><V37/><F37/><W76/><G76/><T105/><D105/><U134/><E134/><V64/><F77/><W127/><G127/><T31/><D31/><U61/><REACH who="1" step="1"/><E54/><REACH who="1" ten="386,15,278,301" step="2"/><V11/><F52/><W100/><G100/><AGARI ba="0,2" hai="9,10,18,21,27,53,58,61,79,82,87,93,96,100" machi="100" ten="30,8000,1" yaku="1,1,2,1,7,1,8,1,53,1" doraHai="113" doraHaiUra="22" who="1" fromWho="3" sc="386,0,15,100,278,0,301,-80" /><INIT seed="7,0,0,4,1,111" ten="386,115,278,221" oya="3" hai0="123,86,38,3,115,1,124,81,53,73,76,120,16" hai1="92,121,87,10,35,57,48,118,29,0,23,61,128" hai2="131,39,11,114,19,8,64,85,6,91,9,110,56" hai3="51,41,33,117,84,80,26,78,109,94,27,67,66"/><W55/><G117/><T103/><D124/><U4/><E128/><V5/><F110/><W74/><G109/><T17/><D38/><U18/><E121/><V22/><F39/><W119/><G119/><T28/><D28/><U112/><E118/><V90/><F131/><W113/><G113/><T47/><D103/><U15/><E112/><V116/><F114/><W83/><G41/><T106/><D106/><U65/><E87/><V50/><F116/><W58/><G94/><T101/><D115/><U107/><E92/><N who="2" m="54351" /><F91/><W36/><G36/><T99/><D73/><U45/><E48/><V69/><F69/><W98/><G98/><T21/><D17/><U104/><REACH who="1" step="1"/><E45/><REACH who="1" ten="386,105,278,221" step="2"/><V34/><F50/><W102/><G84/><T42/><D123/><U122/><E122/><V105/><F105/><W75/><G51/><T82/><D120/><U95/><E95/><V97/><F97/><W2/><G75/><T37/><D82/><U125/><E125/><V135/><F135/><W89/><G80/><T30/><D30/><U32/><E32/><V20/><F34/><W134/><G83/><T126/><D126/><U31/><E31/><V49/><F49/><W77/><G33/><T46/><D46/><U133/><E133/><V14/><F6/><W43/><G74/><T129/><D129/><U52/><E52/><V70/><F5/><W62/><G55/><T96/><D53/><U127/><E127/><V72/><F72/><W63/><G134/><T79/><D79/><U13/><E13/><V60/><F14/><W25/><G78/><T12/><D99/><U88/><E88/><RYUUKYOKU ba="0,1" sc="386,15,105,15,278,-15,221,-15" hai0="1,3,12,16,21,37,42,47,76,81,86,96,101" hai1="0,4,10,15,18,23,29,35,57,61,65,104,107" owari="411,51.0,120,-38.0,263,6.0,206,-19.0" /></mjloggm>