<mjloggm ver="2.3"><GO type="169" lobby="0"/><UN n0="%E3%82%A6%E3%83%AB%E3%83%88%E3%83%A9%E7%AB%8B%E7%9B%B4" n1="%74%61%6B%65%2D%79%6F%75" n2="%E7%BE%8E%E6%A8%B9%E2%98%86%E3%81%95%E3%82%84%E3%81%8B" n3="%6B%5F%6D%5F%62" dan="18,18,17,16" rate="2230.17,2231.18,2198.11,2101.02" sx="M,F,F,M"/><TAIKYOKU oya="0"/><INIT seed="0,0,0,4,5,40" ten="250,250,250,250" oya="0" hai0="65,105,32,31,117,38,72,118,121,55,53,77,17" hai1="8,6,126,47,23,110,35,107,104,11,58,81,92" hai2="78,37,22,42,94,29,15,10,50,112,64,56,115" hai3="129,86,18,125,24,30,36,33,109,51,83,130,116"/><T76/><D105/><U108/><E35/><V66/><F37/><W88/><G116/><T44/><D121/><U5/><E58/><V27/><F115/><W85/><G109/><N who="1" m="42090" /><E92/><V119/><F119/><W52/><G36/><T102/><D102/><U90/><E23/><V131/><F112/><W91/><G125/><T135/><D65/><U134/><E134/><V97/><F131/><N who="3" m="50187" /><G18/><T98/><D17/><U57/><E57/><V60/><F78/><N who="3" m="46327" /><G86/><T41/><D135/><U106/><E90/><V80/><F80/><W132/><G132/><T124/><D124/><U46/><E81/><V45/><F64/><W16/><G16/><T122/><D122/><U113/><E113/><V123/><F123/><W43/><G43/><T74/><D118/><U87/><E87/><V100/><F10/><N who="1" m="3625" /><E126/><V25/><F25/><W93/><G93/><T14/><D117/><U101/><E101/><V133/><F133/><W12/><G12/><AGARI ba="0,0" hai="12,15,22,27,29,42,45,50,56,60,66,94,97,100" machi="12" ten="40,8000,1" yaku="25,2,8,1,52,1" doraHai="40" who="2" fromWho="3" sc="250,0,250,0,250,80,250,-80" /><INIT seed="1,0,0,3,0,87" ten="250,250,330,170" oya="1" hai0="79,71,58,8,85,61,78,1,111,56,102,134,63" hai1="84,19,74,122,110,35,53,112,69,30,126,81,17" hai2="108,123,39,41,18,59,9,104,0,70,42,11,103" hai3="65,116,97,43,64,132,6,82,80,107,106,46,40"/><U119/><E74/><V94/><F70/><W93/><G132/><T44/><D71/><U52/><E69/><V130/><F123/><W23/><G116/><T129/><D111/><U36/><E36/><V128/><F104/><W50/><G43/><T3/><D102/><U12/><E119/><V31/><F31/><W75/><G106/><T10/><D85/><U99/><E112/><V22/><F108/><W7/><G107/><T118/><D118/><U16/><E122/><V13/><F59/><W131/><G131/><N who="2" m="50217" /><F0/><W109/><G109/><T124/><D129/><U98/><E126/><V100/><F100/><W51/><G51/><T120/><D120/><U68/><E68/><V29/><F29/><W125/><G125/><T4/><D124/><U27/><E12/><V32/><F32/><W15/><G75/><T121/><D121/><U25/><E110/><V91/><F103/><N who="3" m="60847" /><G23/><T26/><D44/><U47/><E27/><V135/><F135/><W67/><G15/><T2/><D26/><U38/><E38/><V133/><F133/><W86/><G82/><T89/><D134/><U115/><E115/><V55/><F55/><W92/><G92/><T83/><D1/><U77/><REACH who="1" step="1"/><E47/><REACH who="1" ten="250,240,330,170" step="2"/><N who="2" m="23999" /><F42/><W45/><G46/><T90/><D4/><U76/><E76/><AGARI ba="0,1" hai="6,7,40,45,50,64,65,67,76,80,86" m="60847" machi="76" ten="30,1000,0" yaku="8,1" doraHai="87" who="3" fromWho="1" sc="250,0,240,-10,330,0,170,20" /><INIT seed="2,0,0,2,1,33" ten="250,230,330,190" oya="2" hai0="107,122,97,123,47,63,118,13,127,80,116,120,22" hai1="115,2,30,1,4,131,103,133,105,96,73,88,70" hai2="57,67,132,71,86,87,25,68,93,15,49,83,121" hai3="75,42,0,90,40,11,102,113,46,23,55,28,64"/><V5/><F121/><W111/><G111/><T130/><D130/><U72/><E115/><V54/><F132/><W109/><G109/><T44/><D127/><U56/><E4/><V117/><F117/><N who="0" m="45162" /><D63/><U37/><E56/><V41/><F67/><W77/><G102/><N who="0" m="62927" /><D80/><U26/><E88/><V94/><F41/><W53/><G64/><T7/><D22/><U129/><E37/><V38/><F38/><N who="3" m="21783" /><G90/><T101/><D101/><U36/><E36/><V48/><F25/><N who="3" m="16447" /><G42/><T10/><AGARI ba="0,0" hai="7,10,13,44,47,120,122,123" m="62927,45162" machi="10" ten="40,1500,0" yaku="12,1" doraHai="33" who="0" fromWho="0" sc="250,15,230,-4,330,-7,190,-4" /><INIT seed="3,0,0,3,5,67" ten="265,226,323,186" oya="3" hai0="125,33,114,98,91,25,5,43,55,38,93,58,111" hai1="34,116,129,90,122,41,117,109,46,85,110,24,119" hai2="134,23,32,95,107,79,20,120,19,130,74,78,51" hai3="64,75,102,76,128,13,108,17,87,80,82,36,97"/><W27/><G36/><T14/><D111/><N who="1" m="42507" /><E122/><V31/><F107/><W18/><G108/><T44/><D125/><U89/><E129/><V66/><F32/><W124/><G128/><T11/><D114/><U69/><E69/><V121/><F130/><W92/><G124/><T8/><D33/><U7/><E7/><V30/><F134/><W16/><G27/><T127/><D127/><U56/><E56/><V26/><F66/><W54/><G64/><T0/><D25/><U59/><E59/><V12/><F51/><W21/><REACH who="3" step="1"/><G54/><REACH who="3" ten="265,226,323,176" step="2"/><T39/><D39/><N who="1" m="21823" /><E24/><V48/><F121/><W68/><G68/><T29/><D55/><U104/><E117/><V115/><F120/><W83/><G83/><T72/><D38/><U132/><E119/><V4/><F31/><W133/><G133/><T131/><D29/><U10/><E116/><V126/><F126/><W42/><G42/><T9/><D131/><U65/><E65/><V50/><F30/><W61/><G61/><T99/><D43/><U28/><E132/><V71/><F71/><W53/><G53/><T45/><D0/><U1/><E28/><V52/><F52/><W40/><G40/><T37/><D37/><U100/><E34/><V60/><F60/><W73/><G73/><T2/><D72/><U113/><E1/><V86/><F74/><W81/><G81/><T103/><D58/><U88/><E113/><V47/><F115/><W70/><G70/><T106/><D2/><U77/><E85/><V6/><F86/><W123/><G123/><T94/><D106/><U135/><E104/><V63/><F26/><RYUUKYOKU ba="0,1" sc="265,15,226,-15,323,-15,176,15" hai0="5,8,9,11,14,44,45,91,93,94,98,99,103" hai3="13,16,17,18,21,75,76,80,82,87,92,97,102" /><INIT seed="3,1,1,0,0,19" ten="280,211,308,191" oya="3" hai0="107,11,129,128,114,92,71,105,46,130,132,99,72" hai1="62,59,98,44,123,57,8,135,52,38,88,100,122" hai2="81,75,102,67,56,36,14,32,30,7,2,29,33" hai3="49,48,21,37,40,39,124,125,116,113,133,78,64"/><W25/><G116/><T26/><D71/><U1/><E135/><V68/><F68/><W60/><G113/><T95/><D72/><U82/><E59/><V20/><F36/><N who="3" m="13899" /><G78/><T58/><D132/><U9/><E38/><V76/><F102/><W35/><G35/><T83/><D114/><U43/><E1/><V110/><F110/><W63/><G133/><T134/><D134/><U0/><E0/><V97/><F97/><W127/><G40/><T120/><D120/><U108/><E108/><V101/><F101/><W51/><G64/><T112/><D112/><U22/><E43/><V79/><F79/><W13/><G13/><T45/><D83/><U31/><E44/><V12/><F2/><W89/><G89/><T53/><D11/><U117/><E117/><V69/><F69/><W66/><G66/><T109/><D109/><U42/><E42/><V65/><F65/><W10/><G10/><T41/><D26/><N who="1" m="16855" /><E123/><V91/><F91/><W77/><G77/><T118/><D118/><U85/><E122/><V73/><F73/><W50/><N who="3" m="12288" /><DORA hai="70" /><W15/><G15/><T34/><D34/><U94/><AGARI ba="1,1" hai="8,9,52,57,62,82,85,88,94,98,100" m="16855" machi="94" ten="30,7900,0" yaku="8,1,52,1,54,2" doraHai="19,70" who="1" fromWho="1" sc="280,-21,211,92,308,-21,191,-40" /><INIT seed="4,0,0,0,4,99" ten="259,303,287,151" oya="0" hai0="94,54,123,38,111,11,60,51,97,36,47,90,4" hai1="110,121,91,117,129,55,16,49,124,108,59,114,103" hai2="105,84,66,53,132,50,8,2,7,64,102,58,75" hai3="61,23,35,101,125,120,21,128,73,95,5,48,71"/><T77/><D123/><U89/><E117/><V93/><F75/><W37/><G37/><T20/><D111/><U42/><E121/><V45/><F132/><W65/><G120/><T10/><D77/><U74/><E74/><V27/><F105/><W1/><G73/><T0/><D20/><U43/><E129/><V19/><F84/><W85/><G128/><T34/><D34/><U122/><E122/><V126/><F126/><W18/><G125/><T135/><D135/><U76/><E76/><V134/><F134/><W72/><G72/><T100/><D11/><U88/><E124/><V14/><F45/><W131/><G131/><T87/><REACH who="0" step="1"/><D60/><REACH who="0" ten="249,303,287,151" step="2"/><U31/><E110/><V78/><F78/><W107/><G35/><T40/><D40/><U63/><E108/><V29/><F29/><W57/><G18/><T69/><D69/><U33/><E33/><V46/><F19/><W26/><G26/><T9/><D9/><U92/><E31/><V113/><F27/><W22/><G5/><T81/><AGARI ba="0,1" hai="0,4,10,36,38,47,51,54,81,87,90,94,97,100" machi="81" ten="20,18000,2" yaku="1,1,0,1,7,1,52,1,53,2" doraHai="99" doraHaiUra="68" who="0" fromWho="0" sc="249,190,303,-60,287,-60,151,-60" /><INIT seed="4,1,0,1,0,127" ten="439,243,227,91" oya="0" hai0="54,38,97,61,34,114,62,102,107,33,73,72,89" hai1="2,103,120,1,112,83,84,135,21,119,74,91,134" hai2="30,116,104,29,117,67,71,57,11,80,88,130,93" hai3="110,7,5,14,118,95,55,48,121,56,17,3,58"/><T128/><D38/><U99/><E119/><N who="2" m="45643" /><F104/><W47/><G110/><T87/><D114/><U36/><E36/><V19/><F71/><W101/><G118/><T0/><D0/><U53/><E120/><V37/><F37/><W113/><G121/><T124/><D124/><U75/><E21/><V35/><F80/><W39/><G113/><T6/><D6/><U31/><E31/><V51/><F35/><W23/><G39/><T63/><D54/><U92/><E53/><N who="2" m="31935" /><F67/><W105/><G105/><T123/><D123/><U22/><E22/><V129/><F19/><W125/><G125/><T28/><D28/><N who="2" m="10858" /><F11/><W115/><G115/><T8/><D8/><U9/><E112/><V49/><F49/><W45/><G3/><T126/><D126/><U20/><E20/><V96/><AGARI ba="1,0" hai="88,93,96,129,130" m="10858,31935,45643" machi="96" ten="30,7900,0" yaku="12,1,52,2,54,1" doraHai="127" who="2" fromWho="2" sc="439,-40,243,-21,227,82,91,-21" /><INIT seed="5,0,0,5,2,3" ten="399,222,309,70" oya="1" hai0="33,5,60,101,131,132,53,21,122,118,50,80,28" hai1="97,9,4,68,91,107,62,133,36,69,116,25,73" hai2="120,103,129,121,59,20,8,38,96,109,44,113,17" hai3="30,52,63,37,127,108,93,79,41,85,110,47,130"/><U106/><E116/><V82/><F109/><W102/><G127/><T45/><D33/><U29/><E36/><V18/><F129/><W72/><G130/><T31/><D118/><U2/><E73/><V51/><F38/><W86/><G72/><T75/><D131/><U66/><E133/><V111/><F111/><W42/><G42/><T94/><D132/><U35/><E106/><V39/><F39/><W61/><G30/><T67/><D122/><U56/><REACH who="1" step="1"/><E91/><REACH who="1" ten="399,212,309,70" step="2"/><V27/><F121/><W89/><G102/><AGARI ba="0,1" hai="2,4,9,25,29,35,56,62,66,68,69,97,102,107" machi="102" ten="40,7700,0" yaku="1,1,2,1,52,1,53,0" doraHai="3" doraHaiUra="81" who="1" fromWho="3" sc="399,0,212,87,309,0,70,-77" owari="399,50.0,299,-10.0,309,11.0,-7,-51.0" /></mjloggm>