<mjloggm ver="2.3"><GO type="169" lobby="0"/><UN n0="%E6%8C%AF%E8%BE%BC%E5%A4%AA%E9%99%BD" n1="%E3%83%88%E3%83%88%E3%83%AA%E5%85%88%E7%94%9F%31%39%E6%AD%B3" n2="%6D%61%6A%69%6B%75%7A%75" n3="%E9%BA%BB%E9%9B%80%E4%BC%9D%E9%81%93%E5%B8%AB" dan="17,19,16,16" rate="2146.65,2277.62,2120.65,2089.10" sx="M,F,M,M"/><TAIKYOKU oya="0"/><INIT seed="0,0,0,4,3,28" ten="250,250,250,250" oya="0" hai0="82,36,123,10,40,108,53,131,43,84,104,73,94" hai1="2,18,46,79,20,91,17,78,118,32,57,16,47" hai2="42,128,12,3,50,119,52,63,11,96,5,109,117" hai3="97,30,66,7,41,90,34,59,14,112,113,71,22"/><T107/><D123/><U114/><E118/><N who="2" m="45067" /><F109/><W35/><G71/><T75/><D131/><U49/><E2/><V87/><F128/><W81/><G41/><T86/><D108/><U13/><E114/><V1/><F96/><W19/><G113/><T21/><D21/><U72/><E32/><V126/><F126/><W77/><G112/><T116/><D116/><U33/><E33/><V25/><F42/><W132/><G7/><T98/><D10/><U26/><E72/><N who="0" m="27721" /><D53/><N who="1" m="31919" /><E91/><V56/><F25/><W111/><G111/><T122/><D43/><U129/><E129/><V37/><F37/><W74/><G30/><T45/><D45/><N who="1" m="16907" /><E18/><V48/><F87/><N who="0" m="33322" /><D40/><U125/><E125/><V62/><F50/><W64/><G132/><T58/><D58/><U85/><E85/><V135/><F135/><W92/><REACH who="3" step="1"/><G66/><REACH who="3" ten="250,250,250,240" step="2"/><T69/><D69/><U80/><E80/><V93/><F93/><W68/><G68/><T95/><D36/><U23/><AGARI ba="0,1" hai="13,16,17,20,23,26,78,79" m="16907,31919" machi="23" ten="30,2000,0" yaku="8,1,54,1" doraHai="28" who="1" fromWho="1" sc="250,-10,250,30,250,-5,240,-5" /><INIT seed="1,0,0,2,4,19" ten="240,280,245,235" oya="1" hai0="62,129,14,3,93,57,126,106,95,49,120,113,45" hai1="105,44,76,59,64,92,73,52,134,89,115,9,122" hai2="47,16,54,38,117,34,128,103,39,58,21,53,123" hai3="91,88,36,69,29,84,41,132,110,7,61,101,0"/><U33/><E115/><V6/><F117/><W83/><G110/><T74/><D106/><U135/><E122/><V5/><F123/><W63/><G132/><N who="1" m="50730" /><E105/><V116/><F116/><W75/><G69/><T108/><D3/><U42/><E33/><V4/><F34/><W78/><G101/><T124/><D74/><U27/><E64/><V90/><F103/><W97/><G97/><T112/><D120/><U10/><E76/><V22/><F128/><W98/><G98/><T133/><D108/><U32/><E73/><V79/><F79/><W86/><G29/><T25/><D129/><U99/><E32/><V18/><F90/><N who="3" m="34347" /><G86/><T81/><D133/><U85/><E85/><V94/><F94/><W17/><G17/><N who="2" m="6761" /><F47/><N who="3" m="23975" /><G84/><T77/><D113/><U131/><E27/><V104/><F104/><W8/><AGARI ba="0,0" hai="0,7,8,61,63,75,78,83" m="23975,34347" machi="8" ten="30,2000,0" yaku="25,1,54,1" doraHai="19" who="3" fromWho="3" sc="240,-5,280,-10,245,-5,235,20" /><INIT seed="2,0,0,4,2,45" ten="235,270,240,255" oya="2" hai0="30,73,76,127,10,125,15,112,21,47,20,64,102" hai1="63,11,3,58,77,26,17,105,24,65,40,22,74" hai2="41,4,7,134,116,48,135,66,98,25,42,49,79" hai3="37,60,120,118,111,109,38,96,86,34,128,72,132"/><V85/><F116/><W93/><G72/><T80/><D112/><U61/><E105/><V129/><F129/><W87/><G118/><T94/><D64/><U90/><E74/><V83/><F66/><W126/><G120/><T115/><D115/><U6/><E77/><V52/><F25/><W27/><G128/><T82/><D80/><U51/><E63/><V53/><F98/><W71/><G132/><N who="2" m="50729" /><F7/><W8/><G126/><N who="0" m="48139" /><D30/><U78/><E78/><V23/><F23/><W108/><G8/><T39/><D102/><U113/><E90/><V70/><F70/><W89/><G71/><T62/><D62/><U92/><E113/><V103/><F4/><W54/><G60/><T130/><D94/><U123/><E92/><V117/><F103/><W68/><G68/><T122/><D122/><U124/><E123/><V119/><F119/><W91/><G54/><N who="2" m="21097" /><F117/><W14/><G14/><T110/><D130/><U0/><E124/><V104/><F104/><W84/><REACH who="3" step="1"/><G91/><REACH who="3" ten="235,270,240,245" step="2"/><T131/><D131/><U5/><E61/><V114/><F114/><W100/><G100/><T75/><D75/><U9/><E65/><V2/><F2/><W36/><G36/><T32/><D73/><U59/><E26/><V97/><F97/><W29/><AGARI ba="0,1" hai="27,29,34,37,38,84,86,87,89,93,96,108,109,111" machi="29" ten="40,5200,0" yaku="1,1,0,1,14,1,53,0" doraHai="45" doraHaiUra="57" who="3" fromWho="3" sc="235,-13,270,-13,240,-26,245,62" /><INIT seed="3,0,0,4,1,23" ten="222,257,214,307" oya="3" hai0="8,10,43,81,125,34,130,103,71,20,49,85,13" hai1="35,59,12,115,120,64,127,129,4,107,67,45,66" hai2="122,116,24,70,108,21,17,110,31,92,60,123,25" hai3="113,33,46,9,56,61,11,96,54,52,82,94,63"/><W105/><G105/><T14/><D71/><U118/><E120/><N who="2" m="46123" /><F116/><W76/><G33/><T77/><D34/><U62/><E115/><V132/><F92/><W38/><G113/><T55/><D130/><U42/><E107/><V1/><F132/><W104/><G104/><T27/><D125/><U57/><E35/><N who="2" m="20967" /><F1/><W32/><G32/><T131/><D43/><U53/><E129/><V90/><F90/><W19/><G19/><N who="0" m="12703" /><D103/><U106/><E106/><V98/><F98/><W22/><G22/><T73/><D73/><U3/><E3/><V26/><F25/><W5/><G5/><T86/><D131/><U117/><E12/><N who="0" m="4713" /><D86/><U121/><E4/><V0/><F0/><W78/><G78/><T112/><D112/><U41/><E121/><V101/><F101/><W29/><G29/><T48/><D48/><N who="1" m="26679" /><E127/><V28/><F28/><W102/><G38/><T36/><D36/><U65/><E41/><V126/><F126/><W74/><REACH who="3" step="1"/><G46/><AGARI ba="0,0" hai="8,10,46,49,55,77,81,85" m="4713,12703" machi="46" ten="30,2000,0" yaku="8,1,52,1" doraHai="23" who="0" fromWho="3" sc="222,20,257,0,214,0,307,-20" /><INIT seed="4,0,0,4,4,82" ten="242,257,214,287" oya="0" hai0="23,56,95,92,11,3,48,88,77,79,63,54,25" hai1="15,45,26,125,38,21,28,97,42,84,75,116,113" hai2="111,133,130,41,53,6,58,60,68,90,47,122,40" hai3="50,5,64,0,104,114,120,106,65,107,132,37,74"/><T105/><D105/><U20/><E116/><V119/><F111/><W66/><G37/><T96/><D3/><U103/><E75/><V49/><F6/><W100/><G74/><T91/><D11/><U94/><E125/><V36/><F122/><W4/><G120/><T10/><D10/><U115/><E15/><V29/><F29/><W127/><G127/><T18/><D48/><U72/><E72/><V35/><F35/><W102/><G0/><T52/><D54/><U12/><E12/><V118/><F90/><W7/><G114/><N who="1" m="43530" /><E84/><AGARI ba="0,0" hai="18,23,25,52,56,63,77,79,84,88,91,92,95,96" machi="84" ten="30,18000,2" yaku="7,1,25,2,8,1,52,1,54,2" doraHai="82" who="0" fromWho="1" sc="242,180,257,-180,214,0,287,0" /><INIT seed="4,1,0,0,4,57" ten="422,77,214,287" oya="0" hai0="11,81,2,58,112,129,117,78,3,26,111,91,68" hai1="95,23,76,53,82,127,86,7,108,14,29,65,98" hai2="80,10,5,94,64,119,88,131,35,79,101,52,71" hai3="135,116,43,66,75,33,99,36,32,50,6,60,130"/><T100/><D68/><U61/><E127/><V4/><F35/><W107/><G50/><T70/><D70/><U9/><E108/><V83/><F131/><W45/><G116/><T40/><D40/><U51/><E29/><V17/><F101/><N who="3" m="62911" /><G130/><T59/><D26/><U128/><E128/><V28/><F28/><W113/><G113/><T104/><D91/><U122/><E23/><V77/><F64/><W20/><G20/><T124/><D59/><U25/><E25/><V56/><F71/><N who="3" m="42439" /><G135/><T37/><D58/><U110/><E110/><V102/><F102/><W24/><G24/><T133/><D100/><N who="1" m="60511" /><E65/><V93/><F119/><W69/><G69/><T27/><D27/><U134/><E134/><V34/><F34/><W21/><G21/><T42/><D133/><U55/><E61/><N who="2" m="35975" /><F94/><W22/><G22/><T18/><D111/><U44/><E55/><V126/><F126/><W73/><G6/><N who="2" m="2665" /><F10/><W72/><AGARI ba="1,0" hai="32,33,36,43,45,72,73,75" m="42439,62911" machi="72" ten="30,4000,0" yaku="33,2,52,1" doraHai="57" who="3" fromWho="3" sc="422,-21,77,-11,214,-11,287,43" /><INIT seed="5,0,0,0,4,99" ten="401,66,203,330" oya="1" hai0="55,83,27,92,26,32,124,23,89,6,39,98,19" hai1="75,41,18,119,118,112,108,65,109,0,128,12,53" hai2="103,44,106,68,28,49,117,50,78,107,8,48,4" hai3="74,80,56,51,127,22,16,97,69,37,134,88,77"/><U105/><E75/><V10/><F117/><N who="1" m="44553" /><E105/><V47/><F68/><W71/><G37/><T9/><D124/><U120/><E0/><V11/><F28/><W87/><G127/><T3/><D39/><U104/><E104/><N who="2" m="39979" /><F78/><W34/><G34/><T130/><D83/><U46/><E12/><V102/><F4/><W14/><G134/><T101/><D32/><U17/><E17/><V81/><F81/><W90/><G97/><T60/><D27/><U133/><E18/><V25/><F25/><W123/><G123/><T42/><D42/><U38/><E120/><V116/><F116/><W115/><G115/><T20/><D20/><U122/><E122/><V129/><F129/><W110/><G110/><N who="1" m="42602" /><E112/><V135/><F135/><W95/><G90/><T7/><D7/><U82/><E82/><V30/><F30/><W91/><G91/><T93/><D130/><U36/><E133/><V52/><F52/><AGARI ba="0,0" hai="14,16,22,51,52,56,69,71,74,77,80,87,88,95" machi="52" ten="40,8000,1" yaku="25,2,54,3" doraHai="99" who="3" fromWho="2" sc="401,0,66,0,203,-80,330,80" /><INIT seed="6,0,0,2,1,48" ten="401,66,123,410" oya="2" hai0="81,83,23,73,43,80,32,36,91,100,112,33,129" hai1="11,113,37,4,90,15,3,12,13,52,87,78,68" hai2="134,20,118,133,44,59,63,132,82,70,22,99,115" hai3="84,125,19,89,119,126,124,29,92,16,31,53,75"/><V56/><F118/><W93/><G75/><T46/><D73/><U94/><E37/><V18/><F115/><W57/><G119/><T135/><D112/><U34/><E113/><V2/><F2/><W77/><G77/><T106/><D129/><U123/><E68/><V127/><F127/><W108/><G108/><T97/><D135/><U45/><E34/><V42/><F82/><W51/><G93/><T40/><D40/><U58/><E45/><V69/><F99/><W117/><G117/><T110/><D110/><U24/><E24/><N who="2" m="14359" /><F22/><W96/><G96/><T35/><REACH who="0" step="1"/><D23/><REACH who="0" ten="391,66,123,410" step="2"/><U66/><E123/><V10/><F42/><W41/><G41/><T120/><D120/><U79/><REACH who="1" step="1"/><E66/><REACH who="1" ten="391,56,123,410" step="2"/><V109/><F133/><W64/><G64/><T47/><D47/><U101/><E101/><V103/><F44/><W128/><G128/><T88/><AGARI ba="0,2" hai="32,33,35,36,43,46,80,81,83,88,91,97,100,106" machi="88" ten="40,5200,0" yaku="1,1,0,1,54,1,53,0" doraHai="48" doraHaiUra="50" who="0" fromWho="0" sc="391,72,56,-13,123,-26,410,-13" /><INIT seed="7,0,0,5,2,69" ten="463,43,97,397" oya="3" hai0="90,109,21,107,114,108,15,120,95,22,37,26,27" hai1="86,104,2,30,130,49,82,96,89,34,70,88,20" hai2="74,61,24,28,111,135,87,39,10,35,0,124,60" hai3="41,85,54,79,100,91,9,1,131,105,65,103,118"/><W48/><G118/><T133/><D107/><U127/><E2/><V8/><F111/><W83/><G131/><T3/><D3/><U123/><E123/><V38/><F124/><W77/><G65/><T119/><D120/><U67/><E130/><V98/><F87/><W50/><G41/><T128/><D37/><U29/><E127/><V132/><F74/><W46/><G50/><T17/><D128/><U68/><E68/><V52/><F98/><W33/><G33/><T134/><D119/><U32/><E32/><V121/><F121/><W75/><G79/><T53/><D53/><U106/><E30/><V43/><F10/><W94/><REACH who="3" step="1"/><G105/><REACH who="3" ten="463,43,97,387" step="2"/><T62/><D62/><N who="1" m="40311" /><E34/><V11/><F43/><W126/><G126/><T36/><D114/><U66/><E66/><V125/><F125/><W97/><G97/><N who="0" m="57591" /><D36/><U76/><E106/><V25/><F35/><W80/><G80/><T18/><D27/><N who="1" m="16615" /><E104/><V58/><F25/><W13/><G13/><T102/><D109/><U71/><E71/><V63/><F39/><W19/><G19/><T16/><D108/><U122/><E122/><V101/><F38/><W5/><AGARI ba="0,1" hai="1,5,9,46,48,54,75,77,83,85,91,94,100,103" machi="5" ten="30,3000,0" yaku="1,1,0,1,53,0" doraHai="69" doraHaiUra="112" who="3" fromWho="3" sc="463,-10,43,-10,97,-10,387,40" /><INIT seed="7,1,0,3,0,106" ten="453,33,87,427" oya="3" hai0="109,91,46,117,88,78,10,58,32,115,8,41,33" hai1="23,16,61,30,129,86,71,53,56,119,35,65,76" hai2="135,105,73,113,1,101,127,111,70,133,83,122,55" hai3="98,123,4,110,5,75,124,66,120,43,102,74,50"/><W15/><G66/><T40/><D109/><U44/><E129/><V79/><RYUUKYOKU type="yao9" ba="1,0" sc="453,0,33,0,87,0,427,0" hai2="1,55,70,73,79,83,101,105,111,113,122,127,133,135" /><INIT seed="7,2,0,0,1,134" ten="453,33,87,427" oya="3" hai0="108,96,41,57,74,15,132,18,70,5,84,106,77" hai1="59,75,100,99,36,61,76,66,128,7,16,117,89" hai2="102,115,85,73,0,87,80,27,90,129,1,103,54" hai3="67,6,2,51,124,81,53,97,17,9,39,26,33"/><W82/><G39/><T20/><D70/><U24/><E36/><V28/><F73/><W125/><G67/><T98/><D74/><U64/><E128/><V38/><F38/><W55/><G97/><T83/><D108/><U45/><E117/><V126/><F126/><N who="3" m="48747" /><G55/><T133/><D41/><U29/><E7/><V116/><F115/><W122/><G122/><T56/><D5/><U109/><E109/><V104/><F116/><W111/><G111/><T22/><D22/><N who="1" m="13383" /><E75/><V19/><F54/><W112/><G112/><T118/><D118/><U31/><E76/><V13/><F104/><W113/><G113/><T46/><D46/><U94/><E100/><V119/><F119/><W71/><G71/><T120/><D120/><U127/><E45/><V3/><F87/><W43/><G43/><T86/><D86/><U21/><E127/><V60/><F129/><W37/><G37/><T52/><D106/><U79/><E79/><V47/><F47/><N who="3" m="27903" /><G17/><T131/><D131/><U88/><E89/><V25/><F90/><W123/><G123/><T72/><D72/><U63/><E21/><V42/><F42/><W62/><G62/><N who="0" m="36103" /><D57/><N who="1" m="36911" /><E99/><V110/><F110/><W95/><G95/><T121/><D121/><U32/><E32/><V30/><F103/><W34/><G34/><T91/><D91/><U11/><E11/><N who="2" m="6591" /><F102/><W14/><G2/><T8/><D8/><U105/><E105/><V78/><F60/><W58/><G58/><T40/><D40/><U50/><E50/><V107/><F107/><W68/><G68/><T130/><D130/><U48/><E48/><V135/><F1/><RYUUKYOKU ba="2,0" sc="453,10,33,10,87,-30,427,10" hai0="15,18,20,77,83,84,96,98,132,133" hai1="29,31,59,63,66,88,94" hai3="6,9,14,26,33,81,82" /><INIT seed="7,3,0,5,1,40" ten="463,43,57,437" oya="3" hai0="3,22,76,12,94,9,17,15,42,10,117,71,103" hai1="79,116,56,11,85,52,91,47,68,55,80,63,114" hai2="29,19,7,131,135,98,124,58,20,6,92,86,101" hai3="61,110,51,93,122,54,75,129,32,106,14,132,60"/><W89/><G106/><T78/><D71/><U87/><E68/><V74/><F74/><W81/><G122/><T64/><D117/><U128/><E116/><V118/><F118/><W4/><G32/><T46/><D64/><N who="1" m="39015" /><E114/><V111/><F111/><W2/><G2/><T107/><D107/><U43/><E128/><V36/><F36/><W99/><G129/><T57/><D57/><U33/><E33/><V119/><F119/><W18/><G4/><N who="2" m="1577" /><F135/><W49/><G132/><T8/><D3/><U62/><E11/><V120/><F124/><W83/><G110/><T44/><D15/><U72/><E72/><V23/><F120/><W84/><G75/><T126/><D126/><U39/><E39/><V90/><F29/><W69/><G69/><T109/><D109/><U96/><E62/><V30/><F30/><W88/><G83/><T21/><D21/><U67/><E67/><V25/><F131/><W121/><G51/><N who="0" m="27031" /><D46/><U38/><E38/><V1/><F1/><W104/><G104/><T34/><D34/><U26/><E26/><V37/><F37/><W130/><G130/><T5/><D5/><U105/><E47/><V95/><F23/><N who="3" m="11735" /><G121/><T48/><D48/><U66/><E66/><V102/><F58/><AGARI ba="3,0" hai="49,54,58,60,61,81,84,88,89,93,99" m="11735" machi="58" ten="30,2900,0" yaku="8,1,54,1" doraHai="40" who="3" fromWho="2" sc="463,0,43,0,57,-38,437,38" owari="463,26.0,43,-36.0,19,-48.0,475,58.0" /></mjloggm>