<mjloggm ver="2.3"><GO type="169" lobby="0"/><UN n0="%E3%81%A9%E3%83%BC%E3%82%82%E5%83%95%E3%81%A7%E3%81%99" n1="%E3%83%88%E3%83%88%E3%83%AA%E5%85%88%E7%94%9F%31%39%E6%AD%B3" n2="%E2%80%A0%E9%96%93%E5%AE%AE%E3%81%82%E3%81%8B%E3%82%8A%E2%80%A0" n3="%E9%BA%BB%E9%9B%80%E3%81%AF%E3%83%BB%E3%83%BB%E3%83%BB" dan="16,19,17,16" rate="2100.72,2348.81,2189.15,2135.21" sx="M,F,F,M"/><TAIKYOKU oya="0"/><INIT seed="0,0,0,2,3,54" ten="250,250,250,250" oya="0" hai0="124,75,71,24,66,43,110,102,26,123,42,112,50" hai1="65,29,95,130,101,103,30,69,6,116,74,46,36" hai2="8,82,39,68,113,125,99,51,76,127,38,77,120" hai3="67,53,14,35,52,7,105,104,84,115,78,119,100"/><T86/><D112/><U79/><E116/><V27/><F113/><W47/><G35/><T18/><D123/><U93/><E130/><V60/><F120/><W128/><G128/><T21/><D75/><U4/><E74/><V122/><F122/><W33/><G33/><T133/><D124/><U31/><E79/><V87/><F76/><W89/><G105/><T118/><D118/><U25/><E36/><V108/><F108/><W48/><G104/><T57/><D110/><U91/><E46/><V49/><F99/><W131/><G78/><T70/><D133/><U85/><E69/><V117/><F8/><W58/><G67/><T106/><D106/><U97/><E65/><N who="2" m="40999" /><F27/><W12/><G131/><T0/><D0/><U98/><REACH who="1" step="1"/><E25/><REACH who="1" ten="250,240,250,250" step="2"/><V83/><F117/><W59/><G119/><T3/><D70/><U56/><E56/><N who="3" m="21546" /><G53/><N who="0" m="31927" /><D71/><U63/><E63/><V10/><F38/><W81/><G115/><T37/><D37/><U94/><AGARI ba="0,1" hai="4,6,29,30,31,85,91,93,94,95,97,98,101,103" machi="94" ten="30,12000,2" yaku="1,1,0,1,9,1,8,1,53,2" doraHai="54" doraHaiUra="92" who="1" fromWho="1" sc="250,-60,240,130,250,-30,250,-30" /><INIT seed="1,0,0,3,2,99" ten="190,370,220,220" oya="1" hai0="32,103,126,51,58,3,119,85,56,26,88,42,7" hai1="110,125,90,100,129,76,130,41,111,64,25,57,19" hai2="15,68,4,34,36,33,115,122,11,30,79,131,16" hai3="94,121,75,17,113,8,107,98,62,108,55,50,91"/><U83/><E125/><V53/><F68/><W46/><G108/><N who="1" m="41514" /><E41/><V86/><F36/><W44/><G75/><T12/><D3/><U65/><E90/><V134/><F122/><W92/><G107/><T38/><D38/><U116/><E116/><V22/><F79/><W78/><G78/><T29/><D119/><U81/><E57/><V54/><F86/><W43/><G113/><T102/><D126/><U82/><E76/><V47/><F115/><W70/><G70/><T123/><D123/><U14/><E25/><V105/><F47/><W128/><G62/><T45/><D7/><U118/><E118/><V37/><F4/><W124/><G46/><T127/><D127/><U23/><E100/><V74/><F37/><W84/><G43/><T9/><D56/><U35/><E35/><V48/><F34/><W135/><G44/><T67/><D58/><U104/><E104/><V39/><F33/><W95/><G91/><T6/><D67/><AGARI ba="0,0" hai="14,19,23,64,65,67,81,82,83,129,130" m="41514" machi="67" ten="40,3900,0" yaku="14,1,10,1" doraHai="99" who="1" fromWho="0" sc="190,-39,370,39,220,0,220,0" /><INIT seed="1,1,0,4,1,120" ten="151,409,220,220" oya="1" hai0="14,99,127,115,108,26,65,29,130,64,123,39,27" hai1="45,100,121,83,116,117,77,28,97,38,75,42,134" hai2="135,47,79,109,21,49,128,125,60,59,17,58,103" hai3="11,81,66,40,133,5,132,70,6,8,23,44,48"/><U72/><E121/><V90/><F128/><W94/><G70/><T10/><D123/><U89/><E134/><V88/><F135/><W101/><G66/><T111/><D115/><U4/><E89/><V73/><F125/><W32/><G32/><T25/><D130/><U129/><E129/><V46/><F103/><W63/><G63/><T55/><D127/><U80/><E28/><V22/><F73/><W18/><G133/><T37/><D29/><U41/><E41/><V107/><F107/><W51/><G51/><T105/><D55/><U13/><E13/><V86/><F79/><W24/><G81/><T114/><D99/><U92/><REACH who="1" step="1"/><E4/><REACH who="1" ten="151,399,220,220" step="2"/><V31/><F90/><W43/><G43/><T34/><D114/><U69/><E69/><V36/><F88/><W96/><G132/><T78/><D34/><U85/><E85/><V98/><F86/><W87/><G87/><T57/><D78/><AGARI ba="1,1" hai="38,42,45,72,75,77,78,80,83,92,97,100,116,117" machi="78" ten="40,7700,0" yaku="1,1,9,1,53,1" doraHai="120" doraHaiUra="91" who="1" fromWho="0" sc="151,-80,399,90,220,0,220,0" /><INIT seed="1,2,0,1,2,59" ten="71,489,220,220" oya="1" hai0="49,32,46,119,104,35,39,77,116,110,126,36,128" hai1="15,118,93,48,95,38,67,113,129,33,74,62,114" hai2="16,106,107,37,5,9,8,97,75,56,122,79,14" hai3="70,4,45,44,82,135,130,6,60,26,134,88,12"/><U68/><E118/><V80/><F122/><W76/><G26/><T13/><D104/><U69/><E38/><V87/><F37/><W22/><G22/><T83/><D110/><U71/><E33/><V47/><F97/><W29/><G29/><T20/><D126/><U66/><E74/><V103/><F103/><W43/><G130/><T73/><D128/><U133/><E129/><V17/><F47/><W53/><G76/><T40/><D36/><U41/><E15/><V100/><F100/><W50/><G44/><T7/><D49/><U98/><E133/><V89/><F56/><N who="3" m="34831" /><G70/><T11/><REACH who="0" step="1"/><D20/><REACH who="0" ten="61,489,220,220" step="2"/><U127/><E127/><V78/><F107/><W84/><G135/><T25/><D25/><U61/><E48/><V34/><F106/><W64/><G134/><T99/><D99/><U24/><E71/><V131/><F131/><W112/><G112/><T31/><D31/><U123/><E123/><V117/><F34/><AGARI ba="2,1" hai="7,11,13,32,34,35,39,40,46,73,77,83,116,119" machi="34" ten="40,2600,0" yaku="1,1,53,1" doraHai="59" doraHaiUra="0" who="0" fromWho="2" sc="61,42,489,0,220,-32,220,0" /><INIT seed="2,0,0,2,1,89" ten="103,489,188,220" oya="2" hai0="35,125,12,36,117,25,123,134,30,74,102,56,50" hai1="19,77,20,41,80,47,4,31,84,6,61,16,11" hai2="72,21,65,17,79,26,18,43,58,59,120,53,99" hai3="5,34,52,82,48,38,54,67,104,87,14,27,119"/><V112/><F112/><W106/><G38/><T111/><D123/><U83/><E61/><V93/><F120/><W2/><G2/><T24/><D36/><U57/><E57/><V49/><F43/><W105/><G67/><T90/><D74/><U46/><E83/><V51/><F72/><W100/><G100/><T122/><D122/><U114/><E114/><V7/><F7/><W3/><G3/><T130/><D111/><U124/><E124/><V132/><F79/><W33/><G119/><T96/><D125/><U86/><E86/><V45/><F132/><W63/><G63/><T115/><D115/><U70/><E70/><V0/><F0/><W107/><G107/><T103/><D134/><U32/><E32/><V66/><F17/><W133/><G133/><T64/><D117/><U78/><E78/><V95/><F95/><W121/><G121/><T39/><D39/><U110/><E110/><V68/><F68/><W37/><G37/><T10/><D25/><N who="1" m="16807" /><E41/><N who="2" m="24751" /><F59/><W91/><G27/><T94/><D130/><U97/><E19/><V73/><F73/><W131/><G131/><T108/><D108/><U126/><E126/><V88/><AGARI ba="0,0" hai="18,21,26,51,53,58,65,66,88,93,99" m="24751" machi="88" ten="30,6000,0" yaku="8,1,52,1,54,1" doraHai="89" who="2" fromWho="2" sc="103,-20,489,-20,188,60,220,-20" /><INIT seed="2,1,0,0,4,39" ten="83,469,248,200" oya="2" hai0="10,63,51,30,69,80,37,22,72,65,11,50,130" hai1="79,18,109,100,27,117,108,78,43,2,14,33,41" hai2="66,114,49,110,34,122,126,58,6,92,98,97,113" hai3="121,115,15,26,56,16,75,35,131,119,9,83,8"/><V133/><F122/><W89/><G121/><T132/><D37/><U61/><E2/><V59/><F34/><W84/><G119/><T90/><D130/><U111/><E117/><V67/><F6/><W101/><G131/><T71/><D71/><U105/><E61/><V68/><F68/><W5/><G115/><T76/><D132/><U87/><E100/><V77/><F77/><N who="1" m="29193" /><E105/><V3/><F3/><W102/><G75/><T17/><D90/><U91/><E27/><V32/><F32/><W62/><G35/><T127/><D127/><U135/><E33/><V74/><F49/><W45/><G45/><T64/><D64/><U94/><E135/><V19/><F133/><W124/><G124/><T88/><D30/><U24/><E24/><V73/><F126/><W116/><G116/><T1/><D1/><U123/><E123/><V0/><F0/><W44/><G44/><T106/><D106/><U7/><E7/><V48/><F48/><W40/><G26/><T93/><D51/><U55/><E55/><V103/><F103/><W57/><G102/><T118/><D50/><U99/><E99/><V47/><F47/><W21/><G101/><T36/><D36/><U13/><E13/><V4/><F4/><W60/><G5/><T42/><D118/><U129/><E129/><V112/><F112/><W46/><G62/><T82/><D63/><U107/><E107/><V70/><F114/><W85/><G85/><T104/><D104/><U23/><AGARI ba="1,0" hai="14,18,23,41,43,87,91,94,108,109,111" m="29193" machi="23" ten="40,5200,0" yaku="14,1,52,2" doraHai="39" who="1" fromWho="1" sc="83,-14,469,55,248,-27,200,-14" /><INIT seed="3,0,0,1,4,18" ten="69,524,221,186" oya="3" hai0="24,74,29,67,128,108,62,121,11,89,5,3,123" hai1="23,61,129,15,109,69,88,113,105,59,91,4,100" hai2="63,42,78,80,41,9,35,87,56,106,46,34,83" hai3="55,53,1,112,134,13,75,21,37,49,115,65,0"/><W93/><G75/><T12/><D108/><U73/><E69/><V102/><F106/><W114/><G37/><T8/><D74/><U131/><E113/><V68/><F102/><W54/><G65/><T28/><D128/><N who="1" m="49227" /><E73/><V72/><F68/><W85/><G134/><T122/><D89/><N who="1" m="34379" /><E109/><V81/><F9/><W39/><G39/><T79/><D79/><U77/><E77/><V6/><F6/><W127/><G127/><T64/><D62/><U47/><E47/><V99/><F99/><W118/><G118/><T40/><D40/><U10/><E23/><V107/><F107/><W135/><G135/><T26/><D64/><N who="1" m="38975" /><E100/><V125/><F46/><W133/><G133/><T117/><D67/><U104/><AGARI ba="0,0" hai="4,10,15,104,105" m="38975,34379,49227" machi="104" ten="30,2000,0" yaku="19,1,54,1" doraHai="18" who="1" fromWho="1" sc="69,-5,524,20,221,-5,186,-10" /><INIT seed="4,0,0,0,3,112" ten="64,544,216,176" oya="0" hai0="66,39,116,53,62,93,59,101,63,1,24,90,86" hai1="84,99,94,33,120,102,37,89,52,68,43,133,132" hai2="125,126,8,19,108,122,95,88,75,119,81,25,98" hai3="124,30,83,38,70,72,134,36,54,44,121,131,82"/><T0/><D39/><U42/><E120/><V109/><F122/><W15/><G121/><T34/><D116/><U91/><E68/><V111/><F119/><W50/><G70/><T16/><D101/><U46/><E33/><V11/><F25/><W92/><G72/><T107/><D107/><U64/><E64/><V87/><F75/><W56/><G134/><N who="1" m="51818" /><E42/><V31/><F31/><W71/><G71/><T28/><REACH who="0" step="1"/><D16/><REACH who="0" ten="54,544,216,176" step="2"/><U129/><E102/><N who="2" m="60767" /><F19/><W117/><G117/><T40/><D40/><U10/><E37/><V69/><F109/><W18/><G38/><T110/><D110/><U103/><E43/><V58/><F111/><W77/><G36/><T48/><D48/><N who="1" m="28695" /><E103/><V14/><F108/><W61/><G18/><T23/><D23/><U97/><E129/><V128/><F128/><W3/><G131/><T32/><D32/><U17/><E91/><V85/><F88/><W7/><G50/><T67/><D67/><U78/><E78/><V41/><F41/><W115/><G77/><T49/><D49/><U135/><E135/><V47/><F8/><W73/><G54/><T9/><D9/><U20/><E10/><V27/><F11/><W55/><G55/><T80/><D80/><U79/><E79/><V4/><F81/><W13/><G83/><T100/><D100/><U5/><E5/><V118/><F4/><W45/><G82/><T60/><D60/><U130/><E130/><V96/><F118/><W12/><G61/><T127/><D127/><U76/><E76/><V104/><F104/><W57/><G7/><T6/><D6/><U113/><E17/><RYUUKYOKU ba="0,1" sc="54,30,544,-10,216,-10,176,-10" hai0="0,1,24,28,34,53,59,62,63,66,86,90,93" /><INIT seed="4,1,1,5,0,52" ten="84,534,206,166" oya="0" hai0="85,71,84,8,3,69,127,91,31,119,4,64,102" hai1="106,18,28,100,53,33,90,54,63,79,135,133,118" hai2="41,126,107,14,99,30,76,12,62,29,2,9,70" hai3="22,122,130,110,20,121,128,92,103,101,56,48,15"/><T120/><D120/><N who="3" m="46185" /><G110/><T112/><D119/><U78/><E118/><V27/><F2/><W82/><G82/><T89/><D102/><N who="3" m="38921" /><G92/><T95/><D112/><U117/><E117/><V87/><F70/><W111/><G111/><T57/><D127/><U115/><E90/><V123/><F14/><W86/><G86/><T109/><D31/><U81/><E28/><V42/><F30/><W46/><G56/><T37/><D37/><U104/><E100/><V98/><F87/><W105/><G105/><T61/><REACH who="0" step="1"/><D109/><REACH who="0" ten="74,534,206,166" step="2"/><U93/><E115/><V43/><F29/><W129/><G15/><T21/><D21/><U75/><E104/><V72/><F12/><W50/><G46/><T47/><D47/><U25/><E106/><V73/><F126/><W35/><G35/><T17/><D17/><U11/><E18/><V7/><F123/><W51/><AGARI ba="1,2" hai="20,22,48,50,51,128,129,130" m="38921,46185" machi="51" ten="40,8000,1" yaku="28,2,19,1,13,1" doraHai="52" who="3" fromWho="3" sc="74,-41,534,-21,206,-21,166,103" /><INIT seed="5,0,0,2,0,77" ten="33,513,185,269" oya="1" hai0="31,47,131,17,26,132,116,57,40,52,25,41,37" hai1="108,82,93,53,121,79,91,130,44,118,18,95,55" hai2="111,67,78,114,36,113,64,92,20,56,60,16,19" hai3="0,76,135,83,122,88,127,87,61,22,133,123,128"/><U75/><E118/><V35/><F111/><W48/><G0/><T49/><D131/><U33/><E121/><V13/><F35/><W85/><G128/><T110/><D132/><N who="3" m="50761" /><G127/><T50/><D110/><U45/><E33/><V29/><F36/><W11/><G11/><T15/><D116/><U34/><E34/><V28/><F78/><W73/><G73/><T71/><D71/><U2/><E2/><V69/><F67/><W58/><G48/><T51/><D40/><U100/><E130/><V115/><F92/><N who="3" m="54287" /><G22/><T63/><REACH who="0" step="1"/><D31/><REACH who="0" ten="23,513,185,269" step="2"/><U23/><E108/><V120/><F69/><W94/><G94/><T65/><D65/><AGARI ba="0,1" hai="58,61,65,76,83,87,122,123" m="54287,50761" machi="65" ten="30,3900,0" yaku="20,1,52,1,54,1" doraHai="77" who="3" fromWho="0" sc="23,-39,513,0,185,0,269,49" owari="-16,-52.0,513,61.0,185,-21.0,318,12.0" /></mjloggm>