<mjloggm ver="2.3"><GO type="169" lobby="0"/><UN n0="%E3%82%8A%E3%82%81%E3%82%8D" n1="%E6%A0%97%E7%94%B0%E6%81%AD%E5%AE%8F" n2="%E3%83%88%E3%83%88%E3%83%AA%E5%85%88%E7%94%9F%31%39%E6%AD%B3" n3="%E4%B8%AD%E6%B4%B2%E3%82%BF%E3%82%A4%E3%82%AC%E3%83%BC" dan="17,17,19,16" rate="2136.71,2174.51,2297.02,2126.32" sx="M,M,F,M"/><TAIKYOKU oya="0"/><INIT seed="0,0,0,5,0,45" ten="250,250,250,250" oya="0" hai0="80,30,2,65,107,66,88,131,18,62,78,67,28" hai1="98,17,41,44,73,59,58,87,106,40,57,22,69" hai2="134,55,99,54,105,130,39,124,46,53,113,42,3" hai3="4,47,77,49,112,133,122,15,82,36,37,50,102"/><T1/><D107/><U63/><E73/><V5/><F3/><W0/><G112/><T52/><D131/><U100/><E87/><V109/><F5/><W72/><G122/><T14/><D2/><U26/><E69/><V103/><F113/><W48/><G133/><T35/><D1/><U129/><E129/><V90/><F130/><W6/><G102/><T81/><D35/><U75/><E75/><V111/><F134/><W12/><G6/><T71/><D71/><U91/><E91/><V84/><REACH who="2" step="1"/><F124/><REACH who="2" ten="250,250,240,250" step="2"/><W93/><G4/><T70/><D70/><U97/><E97/><V108/><F108/><W116/><G0/><T8/><D78/><U11/><E11/><V118/><F118/><W34/><G116/><T76/><D76/><U132/><E132/><V86/><F86/><W51/><G34/><T74/><D74/><U19/><E19/><V117/><F117/><W21/><G93/><AGARI ba="0,1" hai="39,42,46,53,54,55,84,90,93,99,103,105,109,111" machi="93" ten="40,1300,0" yaku="1,1,53,0" doraHai="45" doraHaiUra="114" who="2" fromWho="3" sc="250,0,250,0,240,23,250,-13" /><INIT seed="1,0,0,0,1,95" ten="250,250,263,237" oya="1" hai0="118,2,68,103,7,128,43,91,72,123,12,129,4" hai1="50,97,60,42,0,5,131,135,78,67,70,18,25" hai2="29,11,45,130,36,30,23,27,13,114,24,41,66" hai3="92,44,125,96,21,73,19,90,121,100,8,127,55"/><U34/><E135/><V98/><F130/><W105/><G121/><T1/><D68/><U110/><E110/><V14/><F114/><W74/><G8/><T93/><D72/><U33/><E131/><N who="0" m="50249" /><D118/><U40/><E78/><V59/><F66/><W32/><G32/><T80/><D80/><U20/><E5/><N who="0" m="2121" /><D103/><U47/><E0/><V48/><F11/><W83/><G44/><T62/><D43/><U10/><E10/><V112/><F112/><W26/><G55/><T64/><D12/><U108/><E108/><V65/><F36/><W58/><G58/><N who="0" m="36951" /><D123/><U52/><E42/><V71/><F71/><W126/><REACH who="3" step="1"/><G83/><REACH who="3" ten="250,250,263,227" step="2"/><T3/><D3/><U57/><REACH who="1" step="1"/><E97/><AGARI ba="0,1" hai="19,21,26,73,74,90,92,96,97,100,105,125,126,127" machi="97" ten="40,8000,1" yaku="1,1,2,1,18,1,52,2,53,0" doraHai="95" doraHaiUra="63" who="3" fromWho="1" sc="250,0,250,-80,263,0,227,90" /><AGARI ba="0,0" hai="1,2,91,93,97" m="36951,2121,50249" machi="97" ten="30,2000,0" yaku="19,1,52,1" doraHai="95" who="0" fromWho="1" sc="250,20,170,-20,263,0,317,0" /><INIT seed="2,0,0,0,4,58" ten="270,150,263,317" oya="2" hai0="40,11,18,55,95,49,87,99,72,59,132,34,60" hai1="89,135,74,93,44,47,38,32,37,51,81,129,123" hai2="113,33,69,2,26,124,73,27,14,36,97,57,61" hai3="30,125,52,131,8,83,13,22,53,46,28,54,35"/><V15/><F113/><W68/><G125/><T127/><D72/><U114/><E114/><V5/><F36/><W86/><G131/><T45/><D127/><U67/><E32/><V50/><F73/><W126/><G126/><T109/><D109/><U4/><E135/><V63/><F124/><W42/><G68/><T103/><D132/><U17/><E129/><V84/><F2/><W116/><G35/><T92/><D34/><U112/><E112/><V88/><F97/><W16/><G116/><T106/><REACH who="0" step="1"/><D87/><REACH who="0" ten="260,150,263,317" step="2"/><U133/><E74/><V118/><F33/><W111/><G111/><T21/><D21/><U115/><E133/><V76/><F118/><W43/><G22/><T128/><D128/><U29/><E115/><V25/><F69/><W71/><G71/><T134/><D134/><U39/><E123/><V130/><F130/><W120/><G120/><T98/><D98/><U119/><E119/><V77/><F5/><W102/><G102/><T48/><D48/><U78/><E51/><V0/><F50/><N who="3" m="26975" /><G42/><T24/><D24/><U122/><E122/><V80/><F0/><W94/><G94/><T100/><D100/><U20/><E93/><V82/><F82/><W91/><AGARI ba="0,1" hai="8,13,16,28,30,52,53,54,83,86,91" m="26975" machi="91" ten="30,4000,0" yaku="8,1,54,2" doraHai="58" who="3" fromWho="3" sc="260,-10,150,-10,263,-20,317,50" /><INIT seed="3,0,0,2,0,69" ten="250,140,243,367" oya="3" hai0="97,42,41,89,127,119,96,110,40,6,76,23,1" hai1="66,35,81,9,25,17,104,24,131,4,37,125,107" hai2="116,78,77,130,71,73,64,51,134,0,39,120,29" hai3="32,44,91,99,101,33,113,129,54,15,112,108,63"/><W49/><G129/><T117/><D76/><U12/><E125/><V68/><F116/><W55/><G108/><T52/><D127/><U26/><E131/><V98/><F0/><W106/><G91/><T13/><D110/><U38/><E35/><V92/><F130/><W34/><REACH who="3" step="1"/><G15/><REACH who="3" ten="250,140,243,357" step="2"/><T132/><D13/><U128/><E128/><V79/><F79/><W82/><G82/><T60/><D89/><U88/><E81/><V14/><F78/><W48/><G48/><T86/><D117/><U114/><E88/><V30/><F51/><W135/><G135/><T47/><D119/><U109/><E109/><V121/><F14/><W122/><G122/><T74/><D132/><U18/><E114/><V87/><F134/><W56/><AGARI ba="0,1" hai="32,33,34,44,49,54,55,56,63,99,101,106,112,113" machi="56" ten="40,7800,0" yaku="1,1,0,1,53,1" doraHai="69" doraHaiUra="46" who="3" fromWho="3" sc="250,-26,140,-26,243,-26,357,88" /><INIT seed="3,1,0,2,0,65" ten="224,114,217,445" oya="3" hai0="86,50,57,55,8,54,129,134,4,52,62,108,93" hai1="23,88,31,22,96,79,28,72,97,61,113,40,42" hai2="59,35,21,100,77,70,101,117,67,120,119,30,43" hai3="25,64,92,41,122,125,71,47,11,46,51,19,48"/><W45/><G122/><T121/><D121/><U132/><E113/><V60/><F120/><W63/><G125/><T105/><D105/><U126/><E132/><V112/><F112/><W10/><G92/><T13/><D134/><U7/><E126/><V1/><F1/><W58/><G58/><T6/><D108/><U5/><E72/><V109/><F109/><W130/><G130/><T110/><D110/><U84/><E79/><V37/><F77/><W115/><G115/><T127/><D129/><U12/><E61/><V24/><F21/><W69/><G46/><T74/><D74/><U133/><E133/><V82/><F82/><W32/><G19/><T9/><D127/><U26/><E12/><V68/><F68/><W95/><G95/><T33/><D33/><U81/><E97/><V20/><F20/><W49/><G49/><T111/><D50/><U78/><E96/><V80/><F80/><W53/><REACH who="3" step="1"/><G71/><REACH who="3" ten="224,114,217,435" step="2"/><T98/><D111/><U103/><E103/><V104/><F59/><W0/><G0/><T128/><D128/><U75/><E5/><V90/><F101/><W124/><G124/><T76/><D93/><U2/><E7/><V38/><F38/><W102/><G102/><T89/><D6/><U114/><E2/><V18/><F18/><W15/><G15/><T135/><D4/><U56/><E56/><V131/><F131/><W44/><G44/><T116/><D57/><U85/><E114/><V118/><F100/><W107/><G107/><T3/><D135/><U94/><E75/><V66/><F104/><W83/><G83/><T99/><D3/><RYUUKYOKU ba="1,1" sc="224,-15,114,15,217,-15,435,15" hai1="22,23,26,28,31,40,42,78,81,84,85,88,94" hai3="10,11,25,32,41,45,47,48,51,53,63,64,69" /><INIT seed="3,2,1,5,1,36" ten="209,129,202,450" oya="3" hai0="9,69,89,86,133,75,68,0,125,78,55,124,65" hai1="48,52,64,19,42,56,28,51,43,11,79,25,119" hai2="100,97,73,102,109,37,29,88,91,94,34,117,22" hai3="58,131,115,111,30,32,60,127,121,17,20,21,40"/><W126/><G121/><T105/><D105/><U2/><E119/><V27/><F117/><W99/><G115/><T3/><D133/><U45/><E79/><V84/><F73/><W39/><G131/><T31/><D31/><U54/><E64/><V95/><F109/><W129/><G129/><T57/><D78/><U90/><E90/><V77/><F37/><W110/><G99/><T47/><D47/><U130/><E130/><V74/><REACH who="2" step="1"/><F34/><REACH who="2" ten="209,129,192,450" step="2"/><W44/><G32/><T41/><D75/><U98/><E98/><V46/><F46/><W116/><G116/><T107/><D124/><U82/><E82/><AGARI ba="2,2" hai="22,27,29,74,77,82,84,88,91,94,95,97,100,102" machi="82" ten="40,2600,0" yaku="1,1,54,1,53,0" doraHai="36" doraHaiUra="63" who="2" fromWho="1" sc="209,0,129,-32,192,52,450,0" /><INIT seed="4,0,0,3,2,49" ten="209,97,244,450" oya="0" hai0="48,124,13,82,134,28,118,21,0,51,9,53,126" hai1="83,5,89,95,128,43,3,133,11,113,56,22,76" hai2="7,77,24,97,110,60,19,92,42,98,80,37,91" hai3="20,100,131,14,36,40,45,79,68,123,132,81,8"/><T50/><D118/><U62/><E133/><V29/><F110/><W46/><G132/><T116/><D116/><U34/><E34/><V111/><F111/><W30/><G123/><T17/><D134/><U74/><E128/><V103/><F7/><W135/><G135/><T117/><D117/><U85/><E113/><V84/><F19/><W63/><G131/><T67/><D67/><U87/><E22/><V18/><F18/><W61/><G100/><T58/><D82/><U47/><E85/><V78/><F42/><W70/><G20/><T125/><D0/><U64/><E43/><V2/><F37/><W71/><G30/><T25/><AGARI ba="0,0" hai="9,13,17,21,25,28,48,50,51,53,58,124,125,126" machi="25" ten="40,7800,0" yaku="0,1,18,1,52,1" doraHai="49" who="0" fromWho="0" sc="209,78,97,-26,244,-26,450,-26" /><INIT seed="4,1,0,3,4,109" ten="287,71,218,424" oya="0" hai0="7,124,41,59,132,53,32,63,102,14,104,20,60" hai1="135,120,34,75,35,21,5,118,38,103,106,0,25" hai2="48,23,58,12,13,123,9,91,73,94,42,114,4" hai3="26,92,108,24,56,68,83,113,22,101,79,119,96"/><T44/><D32/><U93/><E106/><V17/><F114/><W61/><G113/><T6/><D132/><U19/><E75/><V55/><F73/><W97/><G108/><T39/><D124/><U62/><E38/><V51/><F123/><W77/><G119/><T50/><D104/><U82/><E118/><V126/><F126/><W74/><G68/><T100/><D39/><U128/><E120/><V86/><F51/><W70/><G70/><T80/><D80/><U127/><E127/><V57/><REACH who="2" step="1"/><F42/><REACH who="2" ten="287,71,208,424" step="2"/><W64/><G74/><T33/><D60/><U134/><E62/><V112/><F112/><W66/><G61/><T111/><D111/><U81/><E135/><V49/><F49/><W3/><G66/><T88/><D33/><U99/><E134/><V84/><F84/><W43/><G64/><T131/><D131/><U1/><E128/><V30/><F30/><W98/><G43/><T87/><D7/><U72/><E72/><V8/><F8/><W95/><G96/><T116/><D116/><U2/><E5/><V31/><F31/><W107/><G97/><T133/><D133/><U89/><E35/><V110/><F110/><W40/><G98/><T78/><D20/><U117/><E117/><V37/><F37/><W125/><G40/><T11/><REACH who="0" step="1"/><D78/><REACH who="0" ten="277,71,208,424" step="2"/><U47/><E34/><V45/><AGARI ba="1,2" hai="4,9,12,13,17,23,45,48,55,57,58,86,91,94" machi="45" ten="20,5200,0" yaku="1,1,0,1,7,1,8,1,53,0" doraHai="109" doraHaiUra="71" who="2" fromWho="2" sc="277,-27,71,-14,208,75,424,-14" /><INIT seed="5,0,0,4,5,17" ten="250,57,283,410" oya="1" hai0="6,8,14,16,50,97,89,96,102,53,101,49,7" hai1="12,126,134,109,56,31,131,27,30,127,104,64,70" hai2="135,125,21,69,41,73,91,107,48,99,105,103,67" hai3="78,115,23,93,79,117,116,60,113,92,44,80,108"/><U40/><E70/><V122/><F122/><W94/><G108/><T39/><D39/><U4/><E104/><V57/><F105/><W87/><G60/><T130/><D130/><U71/><E71/><V90/><F73/><W38/><G38/><T42/><D42/><U133/><E40/><V18/><F135/><N who="1" m="51721" /><E64/><V118/><F125/><N who="1" m="47625" /><E56/><V82/><F118/><N who="3" m="45675" /><G23/><T132/><D132/><U54/><E54/><V112/><F112/><N who="3" m="43083" /><G44/><T9/><D50/><U121/><E121/><V65/><F69/><W61/><G61/><T33/><D49/><U100/><E100/><V10/><F65/><W26/><G26/><T32/><D101/><U25/><E109/><V5/><F103/><W15/><G15/><T75/><D102/><U0/><E0/><V63/><F67/><W74/><G79/><T55/><D55/><U37/><E37/><V119/><F41/><W59/><G59/><T46/><D53/><U68/><E68/><V128/><F119/><W77/><G77/><T85/><D46/><U34/><E131/><V83/><F128/><W86/><AGARI ba="0,0" hai="74,78,80,86,87,92,93,94" m="43083,45675" machi="86" ten="40,8000,1" yaku="12,1,15,1,34,2" doraHai="17" who="3" fromWho="3" sc="250,-20,57,-40,283,-20,410,80" /><INIT seed="6,0,0,1,1,35" ten="230,17,263,490" oya="2" hai0="74,106,61,7,48,78,118,57,5,1,69,98,38" hai1="4,94,0,60,62,72,41,117,109,85,45,76,21" hai2="124,3,43,51,114,113,83,37,53,19,107,84,82" hai3="102,75,133,93,134,125,123,121,34,6,126,16,132"/><V58/><F107/><W99/><G34/><T95/><D106/><U14/><E109/><V103/><F103/><W77/><G6/><T13/><D38/><U120/><E117/><V39/><F124/><N who="3" m="47723" /><G16/><T49/><D69/><U52/><E120/><V20/><F3/><W32/><G32/><T108/><D118/><U128/><E128/><V67/><F67/><W135/><G135/><T86/><D74/><U66/><E72/><V18/><F18/><W90/><G90/><T80/><D108/><U54/><E0/><V23/><F23/><W131/><G131/><T65/><D1/><U26/><E4/><N who="0" m="1609" /><D13/><U27/><E14/><V73/><F73/><W87/><G87/><T88/><AGARI ba="0,0" hai="48,49,57,61,65,78,80,86,88,95,98" m="1609" machi="88" ten="30,2000,0" yaku="8,1,54,1" doraHai="35" who="0" fromWho="0" sc="230,20,17,-5,263,-10,490,-5" /><INIT seed="7,0,0,5,4,135" ten="250,12,253,485" oya="3" hai0="95,98,88,74,31,70,75,32,122,100,33,77,61" hai1="71,63,80,108,76,101,48,43,91,85,35,111,17" hai2="94,21,115,73,84,30,8,4,110,106,5,13,36" hai3="105,1,54,19,2,9,20,0,52,47,132,128,87"/><W123/><G128/><T42/><D122/><U12/><E35/><V10/><F110/><W27/><G54/><T134/><D134/><U96/><E71/><V126/><F106/><W14/><G132/><T116/><D116/><U114/><E63/><V120/><F73/><W38/><G123/><T112/><D42/><U81/><E43/><V62/><F120/><W127/><G105/><N who="0" m="63639" /><D112/><U11/><E48/><V15/><F36/><W79/><G79/><T29/><D29/><U69/><E69/><V103/><F115/><W26/><G87/><N who="0" m="52639" /><D74/><U23/><E23/><V45/><F126/><W40/><G127/><T51/><D31/><U46/><E46/><V55/><F103/><W3/><G52/><T121/><D121/><U92/><E114/><V39/><F39/><W50/><G38/><T59/><D51/><U124/><E124/><V7/><F84/><W86/><G86/><T18/><D18/><U44/><E44/><V133/><F94/><W72/><G72/><T117/><D70/><U102/><E12/><N who="2" m="4683" /><F133/><W125/><G125/><T89/><D117/><U67/><E67/><V109/><F109/><W65/><G65/><N who="0" m="39103" /><D89/><U34/><E34/><V64/><F64/><W57/><G57/><T60/><D60/><U93/><E11/><V113/><F113/><W49/><G49/><T6/><D6/><N who="2" m="1538" /><V24/><DORA hai="119" /><F45/><W78/><G78/><T118/><D118/><U90/><E17/><V53/><F53/><W99/><G99/><T41/><D41/><U28/><E28/><V104/><F104/><W83/><N who="3" m="0" /><DORA hai="56" /><W16/><G40/><T107/><D107/><RYUUKYOKU ba="0,0" sc="250,15,12,-15,253,15,485,-15" hai0="32,33,75,77" hai2="8,10,21,24,30,55,62" owari="265,-13.0,-3,-50.0,268,7.0,470,56.0" /></mjloggm>