<mjloggm ver="2.3"><GO type="169" lobby="0"/><UN n0="%43%52%41%5A%59%42%45%45" n1="%E3%81%A1%E3%82%87%E3%82%8A%E3%81%8A" n2="%E3%81%A9%E3%81%8D%E3%82%93%E3%81%A1%E3%82%83%E3%82%93" n3="%E3%82%A6%E3%83%AB%E3%83%88%E3%83%A9%E7%AB%8B%E7%9B%B4" dan="18,16,16,18" rate="2221.82,2163.13,2080.34,2250.48" sx="F,M,F,M"/><TAIKYOKU oya="0"/><INIT seed="0,0,0,0,2,43" ten="250,250,250,250" oya="0" hai0="40,42,21,101,76,92,125,106,55,7,86,135,99" hai1="22,90,46,62,74,97,81,133,37,123,117,54,25" hai2="34,50,118,16,11,114,89,38,48,126,4,68,35" hai3="115,95,112,109,26,128,32,24,122,103,17,120,3"/><T30/><D135/><U61/><E123/><N who="3" m="47146" /><G103/><T67/><D67/><U129/><E117/><V83/><F114/><N who="3" m="43563" /><G95/><T134/><D134/><U51/><E129/><V72/><F38/><W116/><G128/><T119/><D119/><U82/><E37/><V127/><F68/><W130/><G130/><T28/><D125/><N who="2" m="47626" /><F118/><W71/><G71/><T10/><D55/><U33/><E33/><V53/><F50/><W113/><G113/><T100/><D100/><U78/><E133/><V60/><F60/><W75/><G75/><T57/><D57/><U93/><REACH who="1" step="1"/><E81/><REACH who="1" ten="250,240,250,250" step="2"/><V107/><F83/><W69/><G116/><T108/><D108/><U79/><E79/><V29/><F35/><W36/><G36/><T39/><D39/><U111/><E111/><V64/><F34/><W9/><G109/><T49/><D76/><U58/><E58/><V73/><F72/><W132/><G69/><T104/><D104/><U63/><E63/><V70/><F73/><W84/><G32/><T88/><D49/><U96/><E96/><V20/><F48/><W77/><G132/><T91/><D106/><U47/><E47/><V0/><F107/><W87/><G77/><T12/><D99/><U5/><E5/><V110/><F4/><N who="3" m="1183" /><G87/><T44/><D86/><U94/><E94/><V15/><F70/><W6/><G84/><T85/><D85/><U23/><E23/><V56/><F20/><N who="3" m="13327" /><G6/><T18/><D92/><U2/><E2/><V98/><F0/><W59/><G59/><T65/><D7/><U124/><E124/><V31/><F56/><W8/><G8/><T102/><D10/><RYUUKYOKU ba="0,1" sc="250,-15,240,15,250,-15,250,15" hai1="22,25,46,51,54,61,62,74,78,82,90,93,97" hai3="26" /><INIT seed="1,1,1,4,0,20" ten="235,255,235,265" oya="1" hai0="84,97,128,4,88,120,9,55,17,8,32,95,91" hai1="109,131,87,13,39,35,103,18,1,81,126,117,42" hai2="31,56,54,104,86,107,28,3,26,63,93,64,100" hai3="112,78,116,125,11,33,92,110,51,19,40,89,71"/><U99/><E117/><V82/><F3/><W129/><G71/><T15/><D128/><U30/><E1/><V53/><F31/><W60/><G33/><T37/><D120/><U79/><E131/><V77/><F104/><W121/><G78/><T132/><D132/><U24/><E126/><V102/><F107/><W7/><G60/><T69/><D69/><U98/><E109/><V49/><F93/><W134/><G19/><T10/><D32/><U111/><E111/><V68/><REACH who="2" step="1"/><F54/><REACH who="2" ten="235,255,225,265" step="2"/><W67/><G92/><N who="0" m="56479" /><D37/><U5/><E5/><V65/><F65/><W16/><G67/><T62/><D4/><U41/><E39/><V76/><F76/><W25/><G7/><T52/><D62/><U96/><REACH who="1" step="1"/><E103/><REACH who="1" ten="235,245,225,265" step="2"/><V80/><F80/><W34/><G110/><T48/><D55/><U44/><E44/><AGARI ba="1,3" hai="8,9,10,15,17,44,48,52,84,88,95" m="56479" machi="44" ten="30,3900,0" yaku="8,1,54,2" doraHai="20" who="0" fromWho="1" sc="235,72,245,-42,225,0,265,0" /><INIT seed="2,0,0,5,3,107" ten="307,203,225,265" oya="2" hai0="134,126,97,71,98,11,44,80,68,51,10,127,123" hai1="69,66,13,53,6,22,94,1,26,56,19,28,30" hai2="130,91,73,82,79,14,120,7,103,40,62,17,114" hai3="121,24,108,135,124,61,3,77,46,110,34,128,115"/><V0/><F120/><W8/><G46/><T12/><D123/><U104/><E104/><V20/><F114/><W93/><G93/><T125/><D134/><U131/><E131/><V119/><F130/><W64/><G77/><T31/><D31/><U2/><E69/><N who="0" m="26697" /><D80/><U92/><E66/><V75/><F119/><W95/><G95/><T74/><D74/><U118/><E118/><V105/><F91/><W29/><G61/><T50/><D50/><U27/><E92/><V129/><F129/><W32/><G64/><T86/><D86/><U4/><E53/><V23/><F40/><W37/><G37/><T48/><D48/><U112/><E56/><V106/><F62/><W39/><G39/><T59/><D59/><U133/><E94/><V70/><F70/><W132/><G128/><T21/><D21/><N who="1" m="15471" /><E133/><N who="3" m="51274" /><G121/><T57/><D57/><U100/><E100/><V9/><F23/><N who="3" m="15519" /><G115/><T72/><D72/><U83/><E83/><V63/><F63/><W65/><G65/><T18/><D10/><N who="1" m="6583" /><E112/><V41/><F41/><AGARI ba="0,0" hai="11,12,18,41,44,51,97,98,125,126,127" m="26697" machi="41" ten="40,1300,0" yaku="18,1" doraHai="107" who="0" fromWho="2" sc="307,13,203,0,225,-13,265,0" /><INIT seed="3,0,0,4,3,49" ten="320,203,212,265" oya="3" hai0="104,28,52,121,41,34,130,69,97,43,44,67,133" hai1="48,59,119,71,103,75,120,125,98,77,22,40,128" hai2="9,46,107,35,74,92,78,102,76,91,124,126,131" hai3="132,96,39,90,111,109,25,58,61,101,127,54,70"/><W10/><G39/><T23/><D121/><U37/><E120/><V18/><F35/><W21/><G70/><T24/><D133/><U95/><E71/><V106/><F46/><W118/><G118/><T31/><D130/><U79/><E128/><V66/><F66/><W20/><G127/><N who="2" m="48681" /><F18/><W6/><G132/><T30/><D67/><U60/><E37/><V129/><F9/><W42/><G90/><T1/><D1/><U45/><E119/><V33/><F33/><W14/><G42/><N who="0" m="15883" /><D104/><N who="2" m="39978" /><F102/><W68/><G68/><T63/><D34/><U122/><E122/><V36/><F36/><W11/><G11/><T87/><D69/><U105/><E125/><V51/><F51/><W29/><REACH who="3" step="1"/><G21/><REACH who="3" ten="320,203,212,255" step="2"/><T108/><D23/><U113/><E22/><V112/><F112/><W94/><AGARI ba="0,1" hai="6,10,14,20,25,29,54,58,61,94,96,101,109,111" machi="94" ten="30,12000,1" yaku="1,1,2,1,0,1,52,1,53,1" doraHai="49" doraHaiUra="50" who="3" fromWho="3" sc="320,-40,203,-40,212,-40,255,130" /><INIT seed="3,1,0,0,2,62" ten="280,163,172,385" oya="3" hai0="134,5,4,111,113,23,10,119,80,29,7,106,35" hai1="9,27,82,45,112,25,96,120,93,114,97,124,71" hai2="47,20,12,42,132,127,44,3,54,117,99,34,110" hai3="129,135,2,6,128,41,73,101,67,16,65,100,118"/><W31/><G73/><T70/><D119/><U133/><E71/><V83/><F117/><W105/><G118/><T85/><D106/><U56/><E120/><V68/><F34/><W30/><G41/><T89/><D35/><U108/><E82/><V84/><F3/><W46/><G46/><T40/><D111/><U50/><E108/><V87/><F68/><W75/><G75/><T76/><D70/><U123/><E123/><V77/><F20/><W49/><G49/><T28/><D134/><U36/><E36/><V115/><F12/><W17/><G6/><T19/><D10/><U126/><E9/><V37/><F115/><W22/><G22/><T18/><D113/><U122/><E56/><V102/><F132/><W79/><G79/><T55/><D40/><U59/><E59/><V107/><F127/><W61/><G61/><T8/><D55/><U95/><E122/><V33/><F33/><W94/><G105/><T98/><D8/><U21/><E21/><V58/><F47/><W130/><G135/><T88/><D19/><N who="3" m="7241" /><G2/><T57/><D57/><U121/><E121/><V81/><F110/><W1/><G1/><T64/><D76/><U63/><E133/><V0/><F0/><W26/><G26/><N who="0" m="14711" /><D28/><N who="3" m="10793" /><G94/><N who="0" m="56647" /><D29/><U125/><E125/><V24/><F24/><W131/><G131/><T74/><D74/><U116/><E116/><V38/><F38/><W72/><G72/><T11/><D11/><U91/><E124/><V86/><F77/><W60/><G60/><T14/><D14/><U103/><E126/><V39/><F39/><W78/><G78/><T43/><D43/><RYUUKYOKU ba="1,0" sc="280,10,163,-30,172,10,385,10" hai0="4,5,7,64,80,85,89" hai2="37,42,44,54,58,81,83,84,86,87,99,102,107" hai3="65,67,100,101,128,129,130" /><INIT seed="3,2,0,1,5,35" ten="290,133,182,395" oya="3" hai0="17,100,123,63,24,114,108,111,58,83,57,19,60" hai1="39,77,89,92,109,118,69,110,54,101,56,13,125" hai2="119,27,37,26,47,41,36,85,10,30,2,93,78" hai3="133,8,64,87,67,4,15,28,124,34,49,135,62"/><W104/><G104/><T74/><D123/><U94/><E69/><V18/><F119/><W71/><G67/><T80/><D100/><U105/><E39/><V102/><F37/><W68/><G68/><T128/><D24/><U127/><E13/><V86/><F27/><N who="3" m="18719" /><G49/><T33/><D33/><U113/><E54/><V96/><F78/><W38/><G87/><T90/><D90/><U66/><E66/><V130/><F130/><W84/><G84/><T20/><D20/><U7/><E7/><V81/><F81/><W99/><G99/><T106/><D106/><U51/><E56/><V23/><REACH who="2" step="1"/><F18/><REACH who="2" ten="290,133,172,395" step="2"/><W88/><G38/><T120/><D128/><U32/><E77/><V116/><F116/><W44/><G135/><T117/><D117/><U3/><E118/><V55/><F55/><W70/><G133/><T134/><D134/><U65/><E65/><V21/><F21/><W29/><G64/><T12/><D83/><U91/><E32/><V25/><F25/><W112/><G71/><T6/><D80/><U103/><E105/><V132/><F132/><W98/><G70/><T115/><D19/><U73/><E73/><V5/><AGARI ba="2,1" hai="2,5,10,23,26,30,36,41,47,85,86,93,96,102" machi="5" ten="30,7900,0" yaku="1,1,0,1,52,1,53,1" doraHai="35" doraHaiUra="97" who="2" fromWho="2" sc="290,-22,133,-22,172,95,395,-41" /><INIT seed="4,0,0,0,5,116" ten="268,111,267,354" oya="0" hai0="48,2,39,76,4,19,131,43,50,105,89,75,93" hai1="61,27,15,108,100,84,85,97,112,53,120,63,14" hai2="58,45,1,122,82,37,104,56,72,113,69,103,130" hai3="107,16,24,135,60,31,86,46,124,0,42,77,64"/><T126/><D105/><U51/><E108/><V34/><RYUUKYOKU type="yao9" ba="0,0" sc="268,0,111,0,267,0,354,0" hai2="1,34,37,45,56,58,69,72,82,103,104,113,122,130" /><INIT seed="4,1,0,3,0,27" ten="268,111,267,354" oya="0" hai0="7,62,45,99,25,110,5,134,111,127,83,109,77" hai1="80,130,66,31,53,30,102,88,87,0,14,9,68" hai2="95,81,121,101,107,98,43,21,84,122,24,94,112" hai3="108,15,18,36,33,73,105,52,54,132,114,75,90"/><T63/><D134/><U76/><E0/><V55/><F112/><W13/><G36/><T100/><D127/><U56/><E68/><V8/><F8/><W10/><G105/><N who="0" m="63647" /><D45/><U125/><E130/><V69/><F69/><W65/><G18/><T16/><D62/><N who="1" m="38215" /><E102/><V20/><F20/><W92/><G54/><T118/><D63/><U35/><E35/><V106/><F43/><W131/><G52/><T57/><D57/><U17/><E125/><V3/><F3/><W115/><G15/><T113/><D118/><U117/><E117/><V123/><F55/><W89/><G13/><T58/><D58/><U22/><E76/><V135/><F135/><W39/><G132/><T37/><D37/><U85/><E85/><V48/><F48/><W6/><G39/><T49/><D49/><U61/><E61/><V67/><F67/><W1/><G115/><T34/><D113/><U42/><E53/><V32/><F32/><W29/><G114/><T103/><D103/><U126/><E126/><V51/><F51/><W28/><G65/><T12/><D25/><N who="1" m="14543" /><E42/><V44/><F123/><W38/><G38/><T2/><D34/><U133/><E133/><V86/><F101/><W4/><G33/><T78/><D2/><U50/><E50/><V129/><F121/><W120/><G1/><T41/><D41/><U97/><E97/><V71/><F98/><W119/><G120/><T60/><D60/><U72/><E72/><V74/><F71/><W19/><G119/><T91/><D77/><U11/><E11/><V64/><F122/><W47/><G47/><T40/><D40/><RYUUKYOKU ba="1,0" sc="268,-10,111,30,267,-10,354,-10" hai1="9,14,30,31,80,87,88" /><INIT seed="5,2,0,2,1,30" ten="258,141,257,344" oya="1" hai0="58,113,45,109,128,77,10,12,37,101,31,55,24" hai1="14,44,16,99,98,23,18,62,40,53,95,29,111" hai2="4,126,118,15,82,80,73,83,46,87,17,106,28" hai3="22,130,19,27,68,42,103,132,25,114,125,61,88"/><U81/><E111/><V96/><F118/><W8/><G103/><T2/><D109/><U97/><E29/><V5/><F73/><W64/><G42/><T34/><D113/><U108/><E108/><V90/><F126/><W76/><G76/><T91/><D2/><U20/><E81/><V129/><F129/><W75/><G75/><T0/><D0/><U48/><E62/><V79/><F28/><W100/><G100/><T116/><D116/><U49/><E95/><N who="2" m="56439" /><F106/><W3/><G114/><T39/><D77/><U131/><E131/><V35/><F35/><W33/><G33/><T112/><D112/><U124/><E124/><V72/><F72/><W38/><G38/><T47/><D101/><U78/><E78/><V71/><F71/><W36/><G36/><T110/><D128/><U92/><E92/><V51/><F87/><W117/><G117/><T56/><D110/><U11/><REACH who="1" step="1"/><E18/><REACH who="1" ten="258,131,257,344" step="2"/><V105/><F79/><W57/><G19/><T127/><D127/><U1/><E1/><V133/><F83/><W26/><G125/><T67/><D31/><U65/><E65/><V120/><F80/><W60/><G3/><T134/><D67/><U86/><E86/><V32/><F82/><W13/><G130/><T59/><D34/><U54/><E54/><V123/><F32/><W69/><G61/><T121/><D55/><U9/><E9/><V122/><F123/><W43/><G8/><T115/><D10/><U41/><E41/><V85/><F120/><W50/><G43/><T104/><D121/><U102/><E102/><V119/><F122/><W7/><G64/><RYUUKYOKU ba="2,1" sc="258,-10,131,30,257,-10,344,-10" hai1="11,14,16,20,23,40,44,48,49,53,97,98,99" /><INIT seed="5,3,1,4,1,119" ten="248,161,247,334" oya="1" hai0="61,42,98,46,123,116,79,50,35,122,57,86,80" hai1="55,88,97,12,118,68,41,95,87,48,108,69,3" hai2="13,5,112,73,18,15,14,102,96,2,109,117,8" hai3="16,81,85,74,84,78,115,9,33,121,91,94,30"/><U26/><E3/><V38/><F117/><W92/><G115/><T65/><D116/><U89/><E118/><V7/><F73/><W90/><G121/><N who="0" m="46091" /><D98/><U1/><E1/><V24/><F38/><W70/><G70/><T63/><D63/><U99/><E108/><V58/><F112/><W110/><G110/><T17/><D17/><U105/><E41/><V103/><F103/><W53/><G53/><T124/><D35/><U27/><E69/><V71/><F71/><W75/><G75/><T76/><D124/><U128/><E68/><V21/><F109/><W114/><G114/><T37/><D79/><U44/><E128/><V34/><F58/><W107/><G107/><T28/><D28/><U111/><E111/><V120/><F120/><W43/><G43/><T31/><D31/><U66/><E66/><V20/><F96/><W101/><G101/><T10/><D10/><U106/><E106/><V56/><F56/><W77/><G77/><T60/><D61/><U62/><E62/><V100/><F102/><W135/><G30/><T19/><D19/><U51/><E105/><V113/><F100/><W29/><G29/><T134/><D134/><U104/><E104/><V59/><F59/><W67/><G33/><T23/><D23/><N who="2" m="8778" /><F113/><W47/><G135/><T22/><D22/><U54/><E12/><V40/><F34/><W11/><G67/><T126/><D126/><U132/><E132/><V130/><F13/><N who="3" m="7215" /><G11/><T72/><D72/><U127/><E127/><V0/><F2/><W25/><G25/><N who="1" m="9226" /><E89/><V133/><F0/><W83/><G91/><T4/><D37/><RYUUKYOKU ba="3,1" sc="248,15,161,15,247,-15,334,-15" hai0="4,42,46,50,57,60,65,76,80,86" hai1="44,48,51,54,55,87,88,95,97,99" /><INIT seed="5,4,1,2,5,97" ten="263,176,232,319" oya="1" hai0="37,49,46,58,89,108,103,67,63,88,94,33,122" hai1="39,102,113,32,96,104,8,99,91,61,27,9,131" hai2="53,81,4,77,135,83,5,90,70,23,7,52,72" hai3="21,129,15,71,60,29,114,80,121,0,17,11,56"/><U126/><E39/><V19/><F70/><W106/><G106/><T120/><D108/><U116/><E116/><V50/><F135/><W48/><G71/><T36/><D33/><U98/><E113/><V110/><F110/><W25/><G121/><N who="0" m="46699" /><D103/><U112/><E112/><V69/><F69/><W128/><G114/><T133/><D133/><U41/><E41/><V34/><F34/><W24/><G48/><T107/><D107/><U44/><E44/><V45/><F90/><N who="0" m="34922" /><D94/><U54/><E131/><V13/><REACH who="2" step="1"/><F83/><REACH who="2" ten="263,176,222,319" step="2"/><W79/><G80/><T55/><AGARI ba="4,2" hai="36,37,46,49,55,58,63,67" m="34922,46699" machi="55" ten="30,2000,0" yaku="13,1,54,1" doraHai="97" who="0" fromWho="0" sc="263,52,176,-14,222,-9,319,-9" /><INIT seed="6,0,0,4,3,81" ten="315,162,213,310" oya="2" hai0="79,130,107,14,55,64,61,63,32,84,122,117,82" hai1="69,91,101,35,134,13,43,111,80,48,127,89,90" hai2="87,22,100,110,120,51,27,45,2,59,39,78,72" hai3="57,133,76,30,108,44,42,126,97,115,99,131,31"/><V19/><F120/><W18/><G108/><T106/><D122/><U52/><E69/><V56/><F110/><W135/><G76/><T36/><D32/><U92/><E35/><V119/><F119/><W25/><G131/><T88/><D130/><U68/><E68/><V46/><F2/><W4/><G4/><T62/><D36/><U0/><E0/><V6/><F6/><W9/><G57/><N who="2" m="22089" /><F72/><W37/><G126/><T105/><D117/><U23/><E111/><V74/><F74/><W29/><G115/><T132/><D132/><N who="3" m="50761" /><G9/><T38/><D38/><U47/><E127/><V15/><F100/><W125/><G125/><T34/><D34/><U75/><E134/><V3/><F3/><W24/><G18/><T96/><D55/><U67/><E67/><V28/><F51/><W102/><G99/><T123/><D123/><U41/><E75/><V58/><N who="2" m="22097" /><V93/><DORA hai="33" /><F39/><W40/><G40/><T17/><D64/><U71/><E71/><V53/><F53/><W8/><G8/><T109/><D109/><U1/><E1/><V104/><F104/><AGARI ba="0,0" hai="24,25,29,30,31,37,42,44,97,102,104" m="50761" machi="104" ten="30,1000,0" yaku="20,1" doraHai="81,33" who="3" fromWho="2" sc="315,0,162,0,213,-10,310,10" /><INIT seed="7,0,0,1,4,111" ten="315,162,203,320" oya="3" hai0="126,97,104,18,46,123,120,2,102,69,40,51,62" hai1="88,108,116,135,98,74,119,48,44,13,132,31,96" hai2="11,112,121,49,85,68,75,1,124,8,22,92,105" hai3="80,113,24,84,5,64,86,129,27,110,127,57,55"/><W59/><G113/><T15/><D2/><U30/><E74/><V67/><F112/><W125/><G5/><T41/><D41/><U20/><E44/><V17/><F105/><W3/><G3/><T34/><D34/><U72/><E72/><V19/><F92/><W82/><G64/><T37/><D126/><N who="3" m="48137" /><G129/><T42/><D42/><U0/><E48/><V25/><F49/><N who="3" m="30959" /><G59/><T56/><D69/><U4/><E0/><V33/><F68/><W103/><G103/><T70/><D70/><U122/><E122/><V87/><F67/><W39/><G39/><T77/><D77/><U54/><E54/><V36/><F36/><W58/><G58/><T133/><D133/><N who="1" m="51275" /><E108/><V10/><F121/><W47/><G47/><T117/><D117/><N who="1" m="45131" /><E98/><V118/><F118/><W107/><G110/><T60/><D37/><U50/><E50/><V26/><F1/><W14/><G14/><T100/><D62/><U61/><E61/><V21/><F75/><W6/><G6/><T131/><D60/><U109/><E109/><V7/><F124/><W16/><G27/><T114/><D56/><U89/><E96/><V66/><F26/><W29/><G24/><T65/><D65/><U90/><E4/><V12/><F7/><W99/><G99/><N who="0" m="61471" /><D114/><U134/><N who="1" m="51283" /><U71/><DORA hai="130" /><E71/><V81/><F66/><W101/><G107/><N who="0" m="63951" /><D131/><U35/><E35/><V91/><F33/><W43/><G43/><T52/><D40/><U73/><E73/><V9/><F87/><W106/><G86/><T23/><D120/><U53/><E53/><V83/><F85/><W28/><G84/><RYUUKYOKU ba="0,0" sc="315,15,162,15,203,-15,320,-15" hai0="15,18,23,46,51,52,123" hai1="13,20,30,31,88,89,90" owari="330,42.0,177,-32.0,188,-21.0,305,11.0" /></mjloggm>