<mjloggm ver="2.3"><GO type="169" lobby="0"/><UN n0="%E3%81%AA%E3%82%8A%E3%81%9F%E3%81%B6%E3%82%89%E3%81%84%E3%81%82%E3%82%93" n1="%68%61%79%61%74%6F%E2%98%86" n2="%E3%81%BF%E3%81%A9%E3%82%8A%E7%89%A7%E5%A0%B4" n3="%E3%83%88%E3%83%88%E3%83%AA%E5%85%88%E7%94%9F%31%39%E6%AD%B3" dan="17,16,17,19" rate="2217.52,2153.63,2168.29,2287.86" sx="M,M,M,F"/><TAIKYOKU oya="0"/><INIT seed="0,0,0,0,4,113" ten="250,250,250,250" oya="0" hai0="1,10,87,25,36,12,57,67,107,93,11,50,85" hai1="112,130,31,7,3,104,80,59,109,23,90,21,83" hai2="45,76,120,15,61,39,29,2,30,52,121,79,24" hai3="6,74,64,5,92,95,19,117,108,13,81,101,72"/><T82/><D107/><U26/><E104/><V78/><F2/><W88/><G117/><T73/><D36/><U38/><E38/><V42/><F15/><W115/><G115/><T100/><D73/><U96/><E112/><V133/><F133/><W127/><G108/><T94/><D1/><U60/><E109/><V41/><F41/><W8/><G127/><T55/><D100/><U51/><E51/><V68/><F30/><W123/><G123/><T105/><D105/><U43/><E43/><V56/><REACH who="2" step="1"/><F68/><REACH who="2" ten="250,250,240,250" step="2"/><W103/><G13/><T22/><D12/><U98/><E3/><V35/><AGARI ba="0,1" hai="24,29,35,39,42,45,52,56,61,76,78,79,120,121" machi="35" ten="30,12000,2" yaku="1,1,2,1,0,1,54,1,53,3" doraHai="113" doraHaiUra="75" who="2" fromWho="2" sc="250,-60,250,-30,240,130,250,-30" /><INIT seed="1,0,0,1,1,66" ten="190,220,370,220" oya="1" hai0="13,2,72,36,19,1,31,91,76,17,73,28,37" hai1="81,25,87,21,78,67,82,132,79,123,8,38,53" hai2="113,47,35,133,125,3,98,56,109,120,95,46,68" hai3="94,9,116,52,117,63,103,124,41,43,6,69,60"/><U20/><E123/><V30/><F120/><W114/><G103/><T15/><REACH who="0" step="1"/><D91/><REACH who="0" ten="180,220,370,220" step="2"/><U110/><E132/><V57/><F133/><W33/><G117/><T75/><D75/><U32/><E110/><V107/><F109/><W115/><G116/><T127/><D127/><U104/><E104/><V40/><F125/><W59/><G124/><T45/><D45/><U97/><E38/><V7/><F47/><W131/><G114/><T26/><D26/><U22/><E97/><V80/><F46/><W128/><G115/><T88/><D88/><U14/><E53/><V48/><F98/><W112/><G112/><T102/><D102/><U39/><E39/><V85/><F107/><W130/><G43/><T23/><D23/><U44/><E44/><V74/><F74/><W62/><G41/><T58/><D58/><U122/><E122/><V101/><F56/><W27/><G27/><T0/><D0/><U4/><E32/><V99/><F57/><W5/><G33/><T100/><D100/><U105/><E105/><V83/><F101/><W93/><G59/><T71/><D71/><U10/><E10/><V134/><F68/><W11/><G69/><T29/><D29/><U118/><E118/><V90/><F30/><W42/><G52/><T92/><D92/><N who="3" m="35433" /><G42/><T51/><D51/><U61/><E25/><V16/><F35/><W108/><G108/><T129/><D129/><U12/><E8/><AGARI ba="0,1" hai="5,6,8,9,11,60,62,63,128,130,131" m="35433" machi="8" ten="40,5200,0" yaku="28,2,19,1" doraHai="66" who="3" fromWho="1" sc="180,0,220,-52,370,0,220,62" /><INIT seed="2,0,0,3,0,66" ten="180,168,370,282" oya="2" hai0="60,121,34,109,67,124,108,88,107,111,95,58,84" hai1="91,62,70,104,105,101,6,48,76,26,117,99,49" hai2="119,89,29,77,55,42,98,40,46,115,92,96,68" hai3="102,31,4,23,59,15,41,28,1,79,16,112,45"/><V51/><F115/><W69/><G112/><T125/><D107/><U72/><E117/><V7/><F119/><W63/><G69/><T19/><D34/><U71/><E6/><V110/><F68/><W120/><G120/><T44/><D44/><U126/><E104/><V135/><F135/><W52/><G102/><T74/><D74/><U20/><E126/><N who="0" m="48745" /><D19/><U130/><E130/><V116/><F116/><W133/><G133/><T24/><D24/><U8/><E8/><V5/><F110/><N who="0" m="28162" /><T22/><DORA hai="134" /><D22/><U64/><E71/><V131/><F29/><W27/><G27/><T54/><D121/><U37/><E37/><V12/><F131/><W2/><G4/><T123/><D123/><U14/><E26/><V90/><F5/><W97/><G31/><T39/><D39/><U78/><E72/><V17/><F7/><W35/><G28/><T100/><D100/><U81/><E101/><V33/><F33/><W21/><G21/><T3/><D67/><U0/><E64/><V85/><F12/><W75/><G35/><T103/><D103/><U57/><E14/><V61/><F17/><W122/><G122/><T118/><D118/><U129/><E20/><V83/><F40/><W47/><G2/><AGARI ba="0,0" hai="2,3,54,58,60,84,88,95" m="28162,48745" machi="2" ten="50,12000,2" yaku="18,1,14,1,52,3,54,1" doraHai="66,134" who="0" fromWho="3" sc="180,120,168,0,370,0,282,-120" /><INIT seed="3,0,0,0,0,110" ten="300,168,370,162" oya="3" hai0="13,123,88,71,124,129,83,78,47,23,7,10,114" hai1="44,28,39,27,99,113,9,84,26,24,128,109,95" hai2="120,50,15,22,122,131,33,48,66,21,63,62,12" hai3="79,70,36,103,19,40,117,97,89,53,4,96,116"/><W0/><G70/><T35/><D123/><U76/><E109/><V65/><REACH who="2" step="1"/><F33/><REACH who="2" ten="300,168,360,162" step="2"/><W45/><G116/><T5/><D35/><U130/><E130/><AGARI ba="0,1" hai="12,15,21,22,48,50,62,63,65,66,120,122,130,131" machi="130" ten="25,8000,1" yaku="21,2,2,1,22,2,53,0" doraHai="110" doraHaiUra="54" who="2" fromWho="1" sc="300,0,168,-80,360,90,162,0" /><INIT seed="4,0,0,1,0,83" ten="300,88,450,162" oya="0" hai0="17,23,49,41,16,133,79,111,109,2,39,103,73" hai1="99,43,113,120,91,48,124,20,86,53,90,125,51" hai2="29,4,122,65,78,66,121,18,12,30,107,19,38" hai3="75,92,13,42,52,59,1,123,72,35,34,63,26"/><T67/><D39/><U21/><E120/><V40/><F107/><W71/><G1/><T0/><D133/><U14/><E113/><V69/><F4/><W25/><G123/><T55/><D41/><U32/><E32/><V9/><F78/><W127/><G127/><T96/><D67/><U60/><E60/><V100/><F100/><W129/><G129/><T89/><D79/><U130/><E130/><V62/><F40/><W110/><G110/><N who="0" m="41995" /><D89/><U84/><E14/><V50/><F38/><W24/><G71/><T88/><D73/><U68/><E43/><V3/><F3/><N who="0" m="1066" /><D23/><U15/><E15/><V118/><F12/><W70/><G70/><T82/><D82/><U76/><E76/><V101/><F69/><W87/><G42/><T112/><D88/><U61/><E68/><V47/><F66/><W64/><G64/><T77/><D77/><U116/><E61/><V37/><F62/><W98/><G35/><T134/><D134/><U6/><E53/><V95/><F65/><W7/><G34/><T54/><D54/><U5/><E116/><V31/><F37/><W128/><G128/><T8/><D8/><U94/><E94/><V132/><F9/><N who="3" m="4287" /><G75/><T57/><D112/><U131/><E131/><V28/><F132/><W33/><G33/><T58/><D58/><U115/><E115/><V56/><F118/><W11/><G72/><T36/><D36/><U106/><E106/><AGARI ba="0,0" hai="16,17,49,55,57,96,103,106" m="1066,41995" machi="106" ten="30,2900,0" yaku="10,1,54,1" doraHai="83" who="0" fromWho="1" sc="300,29,88,-29,450,0,162,0" /><INIT seed="4,1,0,5,3,18" ten="329,59,450,162" oya="0" hai0="64,83,32,58,70,66,20,51,56,53,71,54,97" hai1="91,87,93,60,75,77,84,2,9,41,44,120,76" hai2="46,129,112,111,23,110,24,21,27,49,68,127,55" hai3="62,15,101,17,16,38,57,117,123,88,14,113,67"/><T8/><D32/><U130/><E120/><V134/><F112/><W116/><G38/><T7/><D83/><U37/><E130/><V52/><F68/><W108/><G108/><T98/><D8/><U26/><E76/><V47/><F134/><W61/><G113/><T132/><D51/><U125/><E125/><V4/><F4/><W45/><G123/><T65/><D7/><U78/><E78/><V36/><F127/><W34/><G34/><T35/><D35/><U48/><E48/><V107/><F107/><W105/><G45/><T104/><D104/><U72/><E60/><V10/><F10/><W94/><G101/><T6/><D6/><U28/><E9/><V135/><F135/><W5/><G105/><T79/><D79/><U43/><E2/><V22/><F129/><W86/><G5/><T73/><D132/><U19/><E19/><V114/><F114/><W3/><G3/><T85/><D66/><U80/><REACH who="1" step="1"/><E43/><REACH who="1" ten="329,49,450,162" step="2"/><V42/><REACH who="2" step="1"/><F55/><REACH who="2" ten="329,49,440,162" step="2"/><N who="3" m="33983" /><G117/><T99/><D54/><U50/><E50/><V102/><F102/><W92/><G116/><T89/><D53/><U95/><E95/><N who="3" m="36394" /><G14/><T122/><D122/><U118/><E118/><V100/><F100/><W29/><G15/><T106/><D106/><U39/><E39/><V40/><F40/><W96/><G67/><T31/><D65/><U121/><E121/><V115/><F115/><W33/><G62/><T0/><D64/><U13/><E13/><V63/><F63/><W59/><G17/><T90/><D0/><U69/><E69/><V124/><F124/><W103/><G16/><T126/><D71/><RYUUKYOKU ba="1,2" sc="329,-15,49,15,440,15,162,-15" hai1="26,28,37,41,44,72,75,77,80,84,87,91,93" hai2="21,22,23,24,27,36,42,46,47,49,52,110,111" /><INIT seed="5,2,2,2,2,66" ten="314,64,455,147" oya="1" hai0="31,95,19,68,125,1,54,53,33,100,133,17,86" hai1="96,101,6,129,135,59,44,51,82,88,108,114,80" hai2="99,98,28,35,91,83,29,38,45,55,81,67,73" hai3="48,13,18,84,116,15,93,127,37,70,62,30,79"/><U10/><E108/><V87/><F67/><W34/><G37/><T89/><D1/><U122/><E122/><V21/><F35/><W36/><G36/><T9/><D33/><U130/><E135/><V58/><F38/><W3/><G3/><T128/><D31/><N who="2" m="11850" /><F73/><W113/><G113/><T7/><D133/><U11/><E114/><V60/><F21/><W43/><G127/><T119/><D119/><U72/><E59/><V115/><F115/><W56/><G70/><T118/><D118/><U107/><E72/><V0/><F0/><W132/><G132/><T126/><D100/><U27/><E27/><V92/><F45/><N who="3" m="25663" /><G30/><T69/><D128/><N who="1" m="49259" /><E88/><N who="2" m="55559" /><F99/><W102/><G34/><T50/><D19/><U75/><E75/><V90/><F90/><N who="3" m="53447" /><G116/><T120/><D120/><U32/><E32/><V77/><F77/><W8/><G79/><T76/><D76/><U71/><E71/><V26/><F26/><W49/><G102/><T97/><D69/><U105/><E105/><V131/><F131/><W104/><G104/><T39/><D68/><U124/><E124/><V16/><F16/><W52/><G15/><T106/><D106/><U111/><E111/><V64/><F64/><W63/><AGARI ba="2,2" hai="8,13,18,49,52,56,62,63" m="53447,25663" machi="63" ten="30,2000,0" yaku="8,1,54,1" doraHai="66" who="3" fromWho="3" sc="314,-7,64,-12,455,-7,147,46" /><INIT seed="6,0,0,3,1,62" ten="307,52,448,193" oya="2" hai0="29,7,10,96,0,88,98,42,117,94,14,1,109" hai1="70,22,27,15,127,6,114,32,40,66,64,87,37" hai2="35,71,80,31,36,83,19,53,129,4,24,44,95" hai3="135,43,23,52,55,17,133,121,115,124,74,57,33"/><V9/><F71/><W8/><G121/><T110/><D117/><U18/><E127/><V118/><F118/><W102/><G33/><T77/><D77/><U92/><E70/><V60/><F129/><W119/><G119/><T85/><D29/><U126/><E126/><V123/><F123/><W122/><G124/><T20/><D42/><U49/><E37/><V26/><F36/><W100/><G74/><T38/><D38/><U72/><E72/><V97/><F24/><W75/><G75/><T46/><D46/><N who="1" m="25799" /><E32/><V134/><F19/><W89/><G8/><T131/><D131/><U65/><E114/><V128/><F134/><N who="3" m="51211" /><G115/><T54/><D1/><U13/><E6/><V50/><F60/><N who="3" m="35879" /><G43/><T103/><D0/><U120/><E120/><V79/><F128/><W91/><G55/><T2/><D2/><U125/><E125/><V76/><F9/><W93/><G91/><AGARI ba="0,0" hai="13,15,18,22,27,64,65,66,87,91,92" m="25799" machi="91" ten="30,7700,0" yaku="8,1,52,3" doraHai="62" who="1" fromWho="3" sc="307,0,52,77,448,0,193,-77" /><INIT seed="7,0,0,4,3,51" ten="307,129,448,116" oya="3" hai0="74,103,113,68,6,22,14,106,39,84,80,45,24" hai1="76,118,49,89,81,50,114,33,86,11,105,30,17" hai2="120,82,67,15,119,13,4,19,27,36,9,38,12" hai3="55,90,58,131,121,134,130,28,122,57,64,10,97"/><W34/><G134/><T40/><D74/><U46/><E105/><V83/><F67/><W123/><G10/><T60/><D106/><U128/><E118/><V91/><F119/><W32/><G64/><T20/><D103/><U95/><E128/><N who="3" m="49194" /><G28/><T125/><D125/><U8/><E114/><V107/><F4/><W3/><G3/><T75/><D75/><U35/><E49/><V94/><F9/><W42/><G42/><T48/><D68/><U110/><E110/><V85/><F38/><W2/><G2/><T25/><D60/><U0/><E30/><V116/><F36/><W92/><G57/><T63/><D63/><AGARI ba="0,0" hai="32,34,55,58,63,90,92,97,121,122,123" m="49194" machi="63" ten="40,3900,0" yaku="19,1,52,1" doraHai="51" who="3" fromWho="0" sc="307,-39,129,0,448,0,116,39" /><INIT seed="7,1,0,0,5,132" ten="268,129,448,155" oya="3" hai0="123,91,47,48,40,128,109,72,73,114,10,122,45" hai1="83,23,43,71,30,69,55,118,8,66,103,90,7" hai2="60,97,3,35,129,11,16,110,62,70,25,42,2" hai3="17,27,77,126,44,6,101,29,68,5,37,100,41"/><W67/><G126/><T119/><D109/><U28/><E118/><V78/><F129/><W58/><G68/><T113/><D119/><U63/><E71/><V107/><F3/><W79/><G17/><T38/><D128/><U39/><E103/><V32/><F110/><W31/><G100/><T104/><D104/><U108/><E108/><V74/><F35/><W82/><G31/><T86/><D10/><U85/><E23/><V36/><F97/><W115/><G115/><N who="0" m="44043" /><D73/><U13/><REACH who="1" step="1"/><E55/><REACH who="1" ten="268,119,448,155" step="2"/><V52/><F70/><W135/><G135/><T98/><D123/><U131/><E131/><V81/><F107/><W4/><G101/><T125/><D122/><U50/><E50/><V93/><F93/><W76/><G67/><T111/><D48/><U117/><E117/><V0/><F0/><W22/><REACH who="3" step="1"/><G58/><REACH who="3" ten="268,119,448,145" step="2"/><T34/><D111/><U102/><E102/><V95/><F16/><W88/><G88/><T133/><D91/><U53/><E53/><V96/><F52/><W127/><G127/><T65/><D125/><U94/><E94/><V87/><F95/><W20/><G20/><T84/><D133/><U64/><E64/><V61/><F32/><W26/><G26/><T116/><D65/><U1/><E1/><V120/><F25/><W80/><AGARI ba="1,2" hai="4,5,6,22,27,29,37,41,44,76,77,79,80,82" machi="80" ten="40,3900,0" yaku="1,1,0,1,53,0" doraHai="132" doraHaiUra="54" who="3" fromWho="3" sc="268,-14,119,-14,448,-14,145,62" /><INIT seed="7,2,0,4,4,77" ten="254,105,434,207" oya="3" hai0="93,104,2,37,86,60,55,50,7,53,3,100,18" hai1="19,111,113,57,16,28,11,125,39,128,9,4,94" hai2="51,25,63,116,124,24,12,31,98,131,61,75,10" hai3="129,90,97,110,134,135,54,30,91,38,44,132,103"/><W109/><G30/><T8/><D104/><U118/><E39/><V133/><F75/><W48/><G38/><T122/><D37/><U0/><E111/><N who="3" m="42506" /><G129/><T17/><D3/><U69/><E69/><V95/><F116/><W64/><G64/><T89/><D122/><U21/><E128/><V121/><F133/><N who="3" m="34051" /><W66/><DORA hai="85" /><G66/><T42/><D42/><U78/><E118/><V83/><F121/><W34/><G34/><T84/><D100/><U40/><E113/><V123/><F123/><W76/><G76/><T46/><D86/><U14/><E125/><V22/><F124/><W99/><G99/><T82/><D82/><U101/><E78/><V105/><F131/><W29/><G29/><T70/><D70/><U73/><E73/><V88/><F105/><AGARI ba="2,0" hai="44,48,54,90,91,97,103,105" m="34051,42506" machi="105" ten="40,12000,1" yaku="10,1,20,1,52,2" doraHai="77,85" who="3" fromWho="2" sc="254,0,105,0,434,-126,207,126" owari="254,-15.0,105,-39.0,308,11.0,333,43.0" /></mjloggm>