<mjloggm ver="2.3"><GO type="169" lobby="0"/><UN n0="%44%48%4B" n1="%E3%82%88%E3%81%98%E3%81%92%E3%82%93" n2="%E3%83%88%E3%83%88%E3%83%AA%E5%85%88%E7%94%9F%31%39%E6%AD%B3" n3="%E9%BB%84%E9%BE%8D%E5%85%84%E8%B2%B4" dan="16,16,19,18" rate="2139.72,2071.81,2297.25,2225.79" sx="M,M,F,M"/><TAIKYOKU oya="0"/><INIT seed="0,0,0,0,2,124" ten="250,250,250,250" oya="0" hai0="61,24,119,41,131,125,92,69,57,103,117,133,56" hai1="23,54,123,102,130,76,60,39,31,32,3,95,36" hai2="107,128,132,116,51,67,1,68,113,30,65,33,93" hai3="6,70,81,83,62,122,88,96,112,5,97,80,37"/><T46/><D125/><U19/><E3/><V13/><F1/><W127/><G37/><T91/><D103/><U71/><E123/><V126/><F107/><W8/><G127/><T58/><D24/><U49/><E76/><V85/><F126/><W106/><G122/><T2/><D2/><U10/><E32/><V90/><F113/><W84/><G112/><T52/><D92/><U48/><E31/><V79/><F68/><W111/><G111/><T89/><D91/><U43/><E10/><V0/><F0/><W42/><G42/><T74/><D74/><U109/><E102/><V25/><F132/><W9/><G106/><T105/><D89/><U77/><E95/><V64/><F116/><N who="0" m="44618" /><D133/><U115/><E77/><V45/><F13/><W53/><G70/><T27/><D27/><U121/><E19/><V7/><F7/><N who="3" m="2571" /><G8/><T34/><D34/><U47/><E23/><V110/><F110/><W17/><G17/><T86/><D86/><U104/><E109/><V129/><REACH who="2" step="1"/><F79/><REACH who="2" ten="250,250,240,250" step="2"/><W87/><G87/><T73/><D105/><U11/><E104/><V18/><F18/><W38/><G9/><T72/><D73/><U63/><E11/><V120/><F120/><W40/><G96/><T82/><D72/><U55/><E121/><V108/><F108/><W29/><G97/><T94/><D69/><U75/><E75/><V22/><F22/><W50/><G84/><T134/><D134/><U100/><E115/><V59/><F59/><N who="3" m="35183" /><G29/><T135/><D135/><U114/><E114/><V28/><F28/><W14/><G14/><T20/><D20/><U15/><E15/><RYUUKYOKU ba="0,1" sc="250,-10,250,-10,240,30,250,-10" hai2="25,30,33,45,51,64,65,67,85,90,93,128,129" /><INIT seed="1,1,1,0,2,49" ten="240,240,270,240" oya="1" hai0="30,83,14,76,82,55,100,11,130,108,45,6,51" hai1="61,81,3,120,98,54,80,124,135,96,2,36,43" hai2="72,18,106,8,69,59,121,20,94,31,27,78,107" hai3="133,12,115,117,97,89,116,125,68,5,103,126,132"/><U9/><E120/><V24/><F121/><W19/><G68/><T63/><D108/><U15/><E135/><N who="3" m="51786" /><G5/><T41/><D130/><U86/><E124/><N who="3" m="47722" /><G19/><T56/><D100/><U110/><E110/><V29/><F69/><W111/><G12/><T102/><D102/><U60/><E43/><V23/><F72/><W26/><G26/><T16/><D30/><U123/><E123/><V33/><F78/><W112/><G89/><T88/><D88/><U50/><E36/><V119/><F119/><N who="3" m="45643" /><G111/><T32/><D32/><U62/><E3/><V10/><F33/><W99/><G99/><T129/><D129/><U90/><E80/><V87/><F18/><W39/><G39/><T134/><D134/><U131/><E131/><V38/><F38/><W21/><G21/><T122/><D122/><U17/><REACH who="1" step="1"/><E2/><REACH who="1" ten="240,230,270,240" step="2"/><V67/><F29/><W104/><AGARI ba="1,2" hai="97,103,104,112,115" m="45643,47722,51786" machi="104" ten="40,12000,2" yaku="20,1,18,1,12,1,23,1,34,2" doraHai="49" who="3" fromWho="3" sc="240,-31,230,-61,270,-31,240,143" /><INIT seed="2,0,0,4,0,72" ten="209,169,239,383" oya="2" hai0="42,90,84,14,118,91,119,29,125,133,109,11,50" hai1="107,41,99,23,20,64,67,71,70,7,83,103,30" hai2="40,34,35,37,18,15,5,1,106,131,80,122,89" hai3="92,10,33,102,45,73,56,4,16,0,87,88,47"/><V111/><F122/><W127/><G33/><T74/><D74/><U110/><E110/><V69/><F69/><W86/><G73/><T17/><D109/><U26/><E41/><V104/><F111/><W65/><G102/><T31/><D125/><U113/><E113/><V61/><F131/><W75/><G75/><T85/><D133/><U6/><E70/><V120/><F120/><W112/><G127/><T130/><D130/><U96/><E96/><V129/><F129/><W105/><G105/><T9/><D42/><U128/><E128/><V21/><F61/><W101/><G101/><T55/><D11/><U36/><E36/><V79/><F89/><W63/><G112/><T27/><D27/><U22/><E83/><V8/><F106/><W78/><G16/><T68/><D68/><U126/><E126/><V52/><F52/><W62/><G62/><T32/><D32/><U12/><E12/><V3/><F3/><W123/><G123/><T135/><D135/><U51/><E51/><V117/><F104/><W97/><G97/><T39/><D39/><U13/><E13/><V60/><F60/><W2/><G2/><T116/><D90/><U108/><E108/><V48/><F117/><W77/><G86/><N who="0" m="33387" /><D91/><U94/><E107/><V49/><F37/><W28/><G28/><T132/><D132/><U95/><E95/><V100/><F100/><W121/><G121/><T115/><D115/><U53/><E71/><V43/><F43/><W76/><AGARI ba="0,0" hai="0,4,10,45,47,56,63,65,76,77,78,87,88,92" machi="76" ten="30,8000,1" yaku="0,1,52,3,54,1" doraHai="72" who="3" fromWho="3" sc="209,-20,169,-20,239,-40,383,80" /><INIT seed="3,0,0,3,4,107" ten="189,149,199,463" oya="3" hai0="88,110,99,4,34,63,21,105,25,74,7,86,32" hai1="46,111,44,73,2,23,52,85,92,71,11,121,51" hai2="20,127,96,26,28,87,118,19,57,104,60,100,37" hai3="10,62,72,55,61,69,30,9,131,0,114,58,135"/><W80/><G114/><T101/><D74/><U56/><E121/><V5/><F118/><W43/><G43/><T59/><D110/><U91/><E111/><V8/><F127/><W116/><G116/><T117/><D117/><U130/><E71/><V31/><F87/><W48/><G30/><T17/><D32/><U64/><E130/><V49/><F49/><W128/><G135/><T40/><D40/><U79/><E64/><V84/><F84/><W82/><G82/><T33/><D33/><U134/><E134/><V13/><REACH who="2" step="1"/><F37/><REACH who="2" ten="189,149,189,463" step="2"/><W122/><G48/><T36/><D36/><U24/><E2/><V125/><F125/><W133/><G133/><T3/><D3/><U83/><REACH who="1" step="1"/><E11/><REACH who="1" ten="189,139,189,463" step="2"/><V123/><F123/><W108/><G122/><T90/><D4/><U81/><E81/><V18/><F18/><AGARI ba="0,2" hai="18,23,24,44,46,51,52,56,73,79,83,85,91,92" machi="18" ten="30,7700,0" yaku="1,1,7,1,52,1,54,1,53,0" doraHai="107" doraHaiUra="115" who="1" fromWho="2" sc="189,0,139,97,189,-77,463,0" /><INIT seed="4,0,0,4,2,4" ten="189,236,112,463" oya="0" hai0="28,16,42,9,36,12,31,116,14,97,93,106,102" hai1="89,57,133,73,18,34,108,64,32,71,78,55,2" hai2="23,7,115,114,39,124,13,126,24,35,104,27,81" hai3="111,95,83,105,131,58,87,37,76,62,17,75,63"/><T134/><D116/><U59/><E108/><V125/><F104/><W60/><G37/><T49/><D134/><U92/><E2/><V80/><F39/><W84/><G111/><T86/><D36/><U127/><E71/><V43/><F43/><W82/><G105/><T19/><D106/><U53/><E64/><V107/><F107/><W26/><G95/><T121/><D121/><U101/><E101/><V103/><F103/><W11/><G75/><T68/><D68/><U88/><E133/><V50/><F50/><W120/><G131/><T61/><D86/><U67/><E67/><V52/><F52/><N who="3" m="33863" /><G120/><T6/><D61/><U70/><E70/><V91/><F91/><N who="3" m="51607" /><G26/><T40/><D40/><U74/><E92/><V96/><F96/><W44/><G44/><N who="0" m="25751" /><D6/><U25/><E25/><V56/><F56/><W110/><G110/><T99/><D99/><U123/><E123/><V94/><F94/><W22/><G22/><AGARI ba="0,0" hai="9,12,14,16,19,22,28,31,93,97,102" m="25751" machi="22" ten="30,5800,0" yaku="8,1,52,1,54,1" doraHai="4" who="0" fromWho="3" sc="189,58,236,0,112,0,463,-58" /><INIT seed="4,1,0,5,2,132" ten="247,236,112,405" oya="0" hai0="26,127,3,42,95,52,97,19,78,14,65,41,116" hai1="129,77,107,61,44,128,112,29,115,6,0,7,34" hai2="35,102,33,125,119,30,99,83,104,86,94,51,5" hai3="36,73,72,121,16,4,17,18,93,96,15,10,1"/><T79/><D3/><U28/><E107/><V105/><F119/><W38/><G1/><T23/><D127/><U63/><E44/><V67/><F5/><N who="1" m="1545" /><E0/><V40/><F125/><W90/><G121/><T89/><D116/><U84/><E84/><V54/><F40/><N who="0" m="15466" /><D65/><U22/><E77/><V62/><F30/><N who="1" m="11881" /><E22/><V60/><F104/><W46/><REACH who="3" step="1"/><G46/><REACH who="3" ten="247,236,112,395" step="2"/><T2/><D2/><U59/><E34/><V87/><F35/><W98/><G98/><T91/><D91/><U39/><E39/><AGARI ba="1,1" hai="4,10,15,16,17,18,36,38,39,72,73,90,93,96" machi="39" ten="40,2600,0" yaku="1,1,54,1,53,0" doraHai="132" doraHaiUra="56" who="3" fromWho="1" sc="247,0,236,-29,112,0,395,39" /><INIT seed="5,0,0,1,4,29" ten="247,207,112,434" oya="1" hai0="54,52,73,115,72,9,58,38,59,36,130,106,132" hai1="74,116,16,39,123,41,3,34,99,7,81,57,27" hai2="84,6,92,131,22,42,91,21,102,65,55,129,108" hai3="104,35,71,126,110,23,93,124,43,89,128,105,80"/><U12/><E116/><V78/><F108/><W4/><G35/><T48/><D106/><U15/><E123/><V37/><F65/><W133/><G71/><T64/><D9/><U31/><E39/><N who="0" m="14889" /><D130/><U87/><E41/><V53/><F6/><W62/><G110/><T51/><D73/><U77/><E3/><V11/><F11/><W67/><G4/><T44/><D72/><U111/><E111/><V56/><F53/><W96/><G128/><T46/><D115/><U5/><E15/><V30/><F129/><W10/><G10/><T112/><D112/><U20/><E74/><V69/><F69/><N who="3" m="42231" /><G43/><T135/><D64/><U95/><REACH who="1" step="1"/><E57/><AGARI ba="0,0" hai="44,46,48,51,52,54,57,58,59,132,135" m="14889" machi="57" ten="30,3900,0" yaku="34,2,54,1" doraHai="29" who="0" fromWho="1" sc="247,39,207,-39,112,0,434,0" /><INIT seed="6,0,0,1,5,122" ten="286,168,112,434" oya="2" hai0="126,23,97,132,121,112,49,10,94,1,91,66,48" hai1="39,124,34,26,18,118,55,35,84,24,20,75,93" hai2="3,17,111,105,57,36,21,133,29,62,73,45,12" hai3="53,9,25,28,37,33,8,72,6,90,95,128,98"/><V92/><F105/><W4/><G37/><T60/><D121/><U89/><E118/><V135/><F73/><W87/><G72/><T5/><D126/><U79/><E39/><V82/><F3/><W103/><G128/><T42/><D112/><U46/><E124/><V61/><F82/><W47/><G9/><T51/><D132/><N who="2" m="50762" /><F29/><W30/><G30/><T115/><D115/><U78/><E26/><V76/><F76/><W85/><G85/><T81/><D81/><U74/><E74/><V43/><F92/><W11/><G11/><T13/><D23/><U68/><E75/><V130/><F130/><W107/><G8/><T65/><D65/><U32/><E78/><V80/><F80/><W50/><AGARI ba="0,0" hai="4,6,25,28,33,47,50,53,87,90,95,98,103,107" machi="50" ten="30,1100,0" yaku="0,1" doraHai="122" who="3" fromWho="3" sc="286,-3,168,-3,112,-5,434,11" /><INIT seed="7,0,0,4,5,83" ten="283,165,107,445" oya="3" hai0="103,125,54,29,20,12,99,49,116,8,117,70,48" hai1="95,112,42,123,55,26,97,63,37,34,67,128,113" hai2="23,25,4,7,85,11,79,107,40,77,111,124,41" hai3="57,134,86,98,36,131,76,102,82,56,14,33,122"/><W19/><G33/><T65/><D65/><U68/><E123/><V132/><F111/><W104/><G36/><T106/><D70/><U133/><E133/><V32/><F32/><W105/><G122/><T45/><D125/><U75/><E75/><V17/><F107/><W47/><G134/><T89/><D49/><U61/><E128/><V94/><F124/><W92/><G105/><T121/><D121/><U5/><E42/><V69/><F69/><W0/><G0/><T52/><D54/><U18/><E5/><V30/><F132/><W127/><G127/><T118/><D89/><U43/><E43/><V50/><F40/><W22/><G131/><T31/><D20/><U101/><E37/><V35/><F7/><W110/><G110/><T74/><D74/><U62/><E55/><V1/><F94/><W130/><G130/><T88/><D88/><U84/><E67/><V115/><F115/><W38/><G38/><T46/><D46/><U13/><E68/><V120/><F120/><W126/><G126/><T58/><D45/><U100/><E112/><V15/><REACH who="2" step="1"/><F85/><REACH who="2" ten="283,165,97,445" step="2"/><W27/><G104/><T60/><D106/><U28/><E84/><V24/><F24/><W81/><G47/><AGARI ba="0,1" hai="1,4,11,15,17,23,25,30,35,41,47,50,77,79" machi="47" ten="40,5200,0" yaku="1,1,24,2,53,0" doraHai="83" doraHaiUra="90" who="2" fromWho="3" sc="283,0,165,0,97,62,445,-52" owari="283,8.0,165,-23.0,159,-34.0,393,49.0" /></mjloggm>