<mjloggm ver="2.3"><GO type="169" lobby="0"/><UN n0="%E3%82%AB%E3%83%9C%E3%83%81%E3%83%A3%E3%82%BF%E3%83%8D" n1="%74%61%63%6F%73" n2="%E3%82%82%E3%82%81%E3%82%93%E3%81%AA%E3%81%A1%E3%82%83%E3%81%84" n3="%E3%83%88%E3%83%88%E3%83%AA%E5%85%88%E7%94%9F%31%39%E6%AD%B3" dan="16,17,17,19" rate="2159.47,2196.24,2218.10,2282.05" sx="M,F,F,F"/><TAIKYOKU oya="0"/><INIT seed="0,0,0,1,3,71" ten="250,250,250,250" oya="0" hai0="50,52,61,26,101,131,58,97,28,93,57,54,14" hai1="124,104,38,115,94,123,120,83,95,108,34,79,102" hai2="56,81,51,44,86,98,22,118,92,65,119,69,88" hai3="42,127,32,21,11,90,37,116,43,1,100,84,77"/><T89/><D131/><U105/><E34/><V7/><F69/><W20/><G116/><N who="2" m="44585" /><F7/><W59/><G32/><T67/><D14/><U10/><E10/><V13/><F65/><W36/><G127/><T8/><D8/><U60/><E60/><V130/><F56/><W74/><G100/><T78/><D78/><U133/><E38/><V17/><F130/><W66/><G77/><T135/><D135/><U96/><E124/><V49/><F44/><W106/><G74/><T110/><D110/><U40/><E108/><V132/><F132/><W25/><G106/><N who="1" m="41066" /><E40/><V107/><F107/><W122/><G122/><T27/><D28/><U112/><E133/><V16/><F17/><W35/><G35/><T55/><D101/><AGARI ba="0,0" hai="13,16,22,49,51,81,86,88,92,98,101" m="44585" machi="101" ten="30,3900,0" yaku="12,1,54,2" doraHai="71" who="2" fromWho="0" sc="250,-39,250,0,250,39,250,0" /><INIT seed="1,0,0,1,3,100" ten="211,250,289,250" oya="1" hai0="52,127,128,60,96,34,101,58,46,25,80,124,120" hai1="121,113,2,133,16,28,74,69,76,118,37,87,32" hai2="13,63,57,117,30,54,71,12,75,53,95,55,48" hai3="77,78,135,79,92,72,67,22,107,39,64,11,40"/><U84/><RYUUKYOKU type="yao9" ba="0,0" sc="211,0,250,0,289,0,250,0" hai1="2,16,28,32,37,69,74,76,84,87,113,118,121,133" /><INIT seed="1,1,0,2,4,128" ten="211,250,289,250" oya="1" hai0="26,109,78,13,21,91,124,103,134,15,37,44,34" hai1="104,92,77,57,39,42,64,76,5,65,51,121,10" hai2="22,60,46,18,3,17,90,36,127,67,132,131,110" hai3="95,123,50,9,102,88,113,68,100,82,94,116,4"/><U89/><E104/><V120/><F3/><W56/><G68/><T16/><D109/><U63/><E39/><V31/><F120/><W41/><G123/><T106/><D124/><U107/><E107/><V45/><F110/><W8/><G116/><T12/><D78/><U38/><E38/><V30/><F36/><W70/><G70/><T14/><D134/><U40/><E65/><V135/><F127/><W20/><G113/><T130/><D130/><U62/><E62/><V97/><F131/><W73/><G94/><T28/><D91/><U81/><E121/><V23/><F90/><W61/><G20/><T84/><D84/><U71/><E71/><V0/><F0/><W122/><G122/><T52/><D37/><U129/><E129/><V72/><F60/><W2/><G8/><T33/><D106/><U75/><E51/><V98/><F67/><W115/><G115/><T117/><D103/><U53/><E64/><V126/><F126/><W25/><G25/><T19/><D117/><U83/><E83/><V66/><F66/><N who="3" m="39207" /><G82/><T29/><D52/><U101/><E101/><V55/><F55/><W93/><G73/><AGARI ba="1,0" hai="17,18,22,23,30,31,45,46,72,73,97,98,132,135" machi="73" ten="25,6400,0" yaku="22,2,52,2" doraHai="128" who="2" fromWho="3" sc="211,0,250,0,289,67,250,-67" /><INIT seed="2,0,0,4,4,106" ten="211,250,356,183" oya="2" hai0="59,132,50,58,41,26,112,14,134,63,2,6,128" hai1="5,65,126,97,32,104,82,92,66,91,61,55,30" hai2="74,64,131,130,111,94,12,123,125,113,133,86,56" hai3="72,129,121,114,54,39,124,11,46,0,24,10,119"/><V69/><F123/><W79/><G121/><T87/><D2/><U13/><E126/><V120/><F120/><W23/><G119/><T33/><D112/><U7/><E104/><V38/><F113/><W52/><G114/><T60/><D128/><U118/><E118/><V110/><F69/><W84/><G129/><N who="2" m="49161" /><F38/><W4/><G84/><T68/><D87/><U80/><E32/><V29/><F125/><W27/><G11/><T16/><D6/><N who="1" m="2059" /><E30/><V81/><F133/><N who="0" m="51306" /><D41/><U37/><E13/><V8/><F29/><N who="3" m="17567" /><G27/><T9/><D33/><U48/><E37/><V77/><F94/><W22/><G22/><T51/><D26/><U103/><E103/><V44/><F44/><W18/><G18/><T78/><D68/><U89/><E89/><V17/><F86/><W85/><G85/><T105/><D105/><U20/><E20/><V15/><F15/><W76/><G124/><T25/><D25/><U36/><E80/><V34/><F34/><W102/><G102/><T70/><D70/><U100/><E82/><V71/><F71/><W62/><G76/><T35/><D35/><U31/><E100/><V73/><F73/><W98/><G72/><T45/><D78/><U19/><E31/><V95/><F95/><W127/><G79/><T1/><D1/><U99/><E92/><V107/><F107/><W67/><G127/><T108/><D45/><U75/><E75/><V135/><F135/><W40/><G98/><T42/><D42/><U115/><E115/><V93/><F93/><W49/><G39/><T96/><D96/><U28/><E97/><V83/><F83/><RYUUKYOKU ba="0,0" sc="211,-15,250,-15,356,15,183,15" hai2="8,12,17,56,64,74,77,81,110,111" hai3="0,4,10,40,46,49,52,54,62,67" /><INIT seed="2,1,0,4,2,76" ten="196,235,371,198" oya="2" hai0="62,84,40,48,78,117,44,58,91,57,29,2,13" hai1="20,66,80,59,82,94,8,100,12,33,50,34,26" hai2="113,25,125,1,129,92,24,124,131,89,110,114,122" hai3="95,39,19,134,116,23,111,73,75,135,106,90,119"/><V30/><F1/><W45/><G39/><T4/><D117/><N who="3" m="45129" /><G45/><T11/><D29/><N who="1" m="17607" /><E33/><N who="2" m="20679" /><F89/><W16/><G19/><T127/><D127/><N who="2" m="48714" /><F92/><W72/><G106/><T47/><D47/><U42/><E34/><V107/><F107/><W51/><G90/><T108/><D108/><U22/><E22/><V115/><F122/><W120/><G95/><T17/><D78/><U96/><E42/><V14/><F110/><W5/><G120/><T102/><D102/><U9/><E9/><V63/><F63/><W132/><G111/><T83/><REACH who="0" step="1"/><D62/><REACH who="0" ten="186,235,371,198" step="2"/><N who="1" m="38239" /><E50/><V104/><F104/><W32/><G51/><T46/><D46/><U67/><E67/><V97/><F131/><W69/><G32/><T31/><D31/><U133/><E133/><V41/><F129/><W38/><G135/><T27/><D27/><U81/><E81/><V56/><F25/><W118/><G118/><T28/><D28/><U87/><E87/><V68/><F114/><W123/><G134/><T77/><D77/><U99/><E99/><V101/><F115/><W130/><G132/><T35/><D35/><U88/><E100/><V64/><F113/><W85/><G130/><T43/><D43/><U53/><E53/><V7/><F41/><W109/><G109/><T3/><D3/><U15/><E15/><V18/><F97/><W21/><G123/><T86/><D86/><U37/><E37/><V61/><F101/><W10/><G38/><T71/><D71/><U121/><E121/><V49/><F68/><W36/><G69/><T74/><D74/><U55/><E55/><V126/><F126/><W70/><G36/><RYUUKYOKU ba="1,1" sc="186,15,235,15,371,-15,198,-15" hai0="2,4,11,13,17,40,44,48,57,58,83,84,91" hai1="8,12,80,82,88,94,96" /><INIT seed="3,2,1,1,3,65" ten="201,250,356,183" oya="3" hai0="111,64,72,34,118,109,43,108,57,5,86,75,49" hai1="102,131,89,77,130,37,46,113,79,90,7,80,35" hai2="22,36,39,45,123,115,42,30,92,63,128,58,23" hai3="70,20,69,13,85,94,117,127,96,97,67,88,48"/><W8/><G117/><T126/><D118/><U56/><E35/><V19/><F115/><W132/><G132/><T47/><D126/><U9/><E113/><V66/><F128/><N who="1" m="49193" /><E102/><V98/><F123/><W87/><G127/><T99/><D34/><U1/><E56/><V2/><F2/><W59/><G20/><T6/><D86/><N who="1" m="48415" /><E77/><V14/><F30/><W105/><G85/><T135/><D135/><U11/><E11/><V93/><F93/><W116/><G116/><T55/><D64/><U38/><E46/><V119/><F119/><W114/><G114/><T78/><D99/><U82/><E82/><V122/><F122/><W83/><G105/><T10/><D78/><U110/><E110/><V60/><F60/><W33/><G33/><T125/><D125/><U91/><AGARI ba="2,1" hai="1,7,9,37,38,89,90,91" m="48415,49193" machi="91" ten="30,1100,0" yaku="19,1" doraHai="65" who="1" fromWho="1" sc="201,-5,250,27,356,-5,183,-7" /><INIT seed="4,0,0,1,3,69" ten="196,277,351,176" oya="0" hai0="116,15,70,105,114,56,73,43,118,94,99,93,38" hai1="63,52,106,74,129,14,16,61,135,72,78,7,50" hai2="31,8,18,91,49,107,108,128,40,103,4,100,65" hai3="30,55,66,34,101,87,127,59,124,13,133,89,57"/><T85/><D114/><U35/><E106/><V22/><F108/><W68/><G133/><T134/><D134/><U117/><E135/><V10/><F107/><W123/><G101/><T88/><D70/><U102/><E102/><V82/><F31/><W39/><G123/><T58/><D105/><U0/><E35/><V67/><F128/><W64/><G39/><T81/><D73/><U11/><E117/><V44/><F67/><N who="3" m="25643" /><G68/><T80/><D118/><U83/><E74/><V1/><F10/><W41/><G41/><T32/><D32/><U28/><E28/><V5/><F5/><W132/><G13/><T48/><D116/><U6/><E129/><V110/><F65/><W96/><G96/><T79/><D38/><U90/><E90/><V60/><F60/><W42/><G42/><T29/><D29/><U126/><E126/><N who="3" m="48170" /><G55/><T2/><D2/><U76/><E76/><V71/><F71/><W97/><G97/><T20/><D79/><U21/><REACH who="1" step="1"/><E7/><REACH who="1" ten="196,267,351,176" step="2"/><V109/><F103/><W115/><G132/><T104/><D104/><U45/><AGARI ba="0,1" hai="0,6,11,14,16,21,45,50,52,61,63,72,78,83" machi="45" ten="20,12000,2" yaku="1,1,2,1,0,1,7,1,54,2,53,0" doraHai="69" doraHaiUra="23" who="1" fromWho="1" sc="196,-60,267,130,351,-30,176,-30" /><INIT seed="5,0,0,3,0,92" ten="136,397,321,146" oya="1" hai0="80,2,62,91,59,41,9,20,130,48,95,68,36" hai1="111,37,4,56,63,60,61,71,87,21,118,104,65" hai2="53,12,38,97,15,10,125,54,82,25,67,27,133" hai3="132,7,49,90,0,44,66,76,43,14,106,96,131"/><U8/><E118/><V69/><F38/><W23/><G0/><T117/><D117/><U11/><E37/><V6/><F133/><W70/><G131/><T75/><D130/><U101/><E111/><V119/><F119/><W1/><G1/><T128/><D128/><U123/><E123/><V42/><F42/><W85/><G132/><T102/><D68/><U46/><E46/><V134/><F125/><W127/><G127/><T108/><D108/><U45/><E45/><V51/><F54/><W29/><G76/><T100/><D36/><U98/><E21/><V31/><F25/><N who="3" m="16575" /><G106/><T120/><D120/><U99/><E87/><V84/><F67/><W78/><G70/><T121/><D121/><U16/><E98/><V50/><F69/><W81/><G66/><T115/><D115/><U55/><E4/><V64/><F64/><W33/><G33/><T30/><D75/><U93/><E104/><V32/><F12/><W79/><G96/><N who="0" m="57471" /><D2/><U5/><E5/><V89/><F134/><W114/><G114/><T135/><D135/><U72/><E72/><V13/><F13/><W126/><G126/><T88/><D9/><AGARI ba="0,0" hai="7,9,14,43,44,49,78,79,81,85,90" m="16575" machi="9" ten="30,1000,0" yaku="8,1" doraHai="92" who="3" fromWho="0" sc="136,-10,397,0,321,0,146,10" /><INIT seed="6,0,0,4,5,100" ten="126,397,321,156" oya="2" hai0="123,44,131,39,109,89,70,41,20,66,1,111,54" hai1="59,22,95,79,11,76,88,43,12,107,86,24,91" hai2="74,28,83,56,31,37,119,13,15,132,46,77,116" hai3="103,5,75,35,113,87,120,72,64,51,124,0,121"/><V126/><F126/><W6/><G35/><T133/><D1/><U48/><E107/><V45/><F132/><W27/><G124/><T36/><D89/><U112/><E112/><V16/><F13/><W98/><G113/><T30/><D20/><U65/><E65/><V122/><F122/><W134/><G134/><T57/><D30/><N who="1" m="17687" /><E59/><V62/><F119/><W55/><G27/><T9/><D9/><U67/><E67/><V118/><F118/><W38/><G38/><N who="0" m="21559" /><D133/><U125/><E125/><V73/><F73/><W108/><G87/><T106/><D106/><U53/><E53/><V47/><F37/><N who="0" m="14410" /><D123/><U110/><E110/><V101/><F101/><W4/><G108/><T127/><D127/><U90/><E48/><V14/><F14/><W115/><G115/><T82/><D82/><N who="1" m="47455" /><E43/><V102/><F116/><W2/><G121/><T23/><D23/><U96/><E76/><V8/><REACH who="2" step="1"/><F102/><REACH who="2" ten="126,397,311,156" step="2"/><W19/><G120/><T128/><D111/><U17/><AGARI ba="0,1" hai="11,12,17,88,90,91,95,96" m="47455,17687" machi="17" ten="30,2000,0" yaku="8,1,54,1" doraHai="100" who="1" fromWho="1" sc="126,-5,397,30,311,-10,156,-5" /><INIT seed="7,0,0,4,0,81" ten="121,427,301,151" oya="3" hai0="61,12,122,36,31,43,121,13,102,88,28,73,113" hai1="37,26,67,14,91,118,21,109,58,46,11,54,59" hai2="40,106,52,71,78,68,120,2,132,51,87,10,76" hai3="131,34,16,134,103,119,100,29,23,111,0,114,75"/><W126/><RYUUKYOKU type="yao9" ba="0,0" sc="121,0,427,0,301,0,151,0" hai3="0,16,23,29,34,75,100,103,111,114,119,126,131,134" /><INIT seed="7,1,0,3,3,26" ten="121,427,301,151" oya="3" hai0="21,63,83,46,104,84,79,118,27,134,6,103,87" hai1="106,50,81,120,85,80,88,77,62,128,100,116,16" hai2="24,112,60,39,59,38,70,73,32,71,57,44,132" hai3="102,49,135,119,105,8,5,17,130,48,121,101,69"/><W94/><G119/><T92/><D118/><U86/><E120/><V65/><F24/><W124/><G121/><T10/><D134/><U126/><E116/><V98/><F32/><W107/><G69/><T109/><D109/><U53/><E128/><V122/><F98/><W0/><G130/><T11/><D104/><U64/><E126/><V54/><F73/><W28/><G124/><T89/><D103/><U82/><E82/><V40/><F112/><W3/><G135/><T61/><D46/><U75/><E75/><V93/><F93/><W51/><G0/><T7/><D11/><U114/><E114/><V113/><F113/><W20/><G28/><N who="0" m="17519" /><D10/><U29/><E29/><V55/><F122/><W117/><G117/><T42/><D42/><U58/><E16/><V36/><F132/><W19/><G19/><T25/><D25/><U15/><E15/><V30/><F30/><W133/><G133/><T115/><D115/><U111/><E111/><V14/><F14/><N who="3" m="9271" /><G102/><T76/><D76/><U13/><E13/><V125/><F125/><W95/><G105/><T74/><D74/><U110/><E110/><V22/><F22/><W131/><G131/><T56/><D63/><U37/><E37/><V4/><F4/><W23/><G23/><T99/><D99/><U97/><E62/><V34/><F34/><W96/><G107/><T18/><D18/><U9/><E9/><V72/><F72/><W91/><G101/><T66/><AGARI ba="1,0" hai="6,7,56,61,66,79,83,84,87,89,92" m="17519" machi="66" ten="30,2000,0" yaku="8,1,52,1" doraHai="26" who="0" fromWho="0" sc="121,23,427,-6,301,-6,151,-11" owari="144,-26.0,421,52.0,295,10.0,140,-36.0" /></mjloggm>