<mjloggm ver="2.3"><GO type="169" lobby="0"/><UN n0="%E3%83%88%E3%83%88%E3%83%AA%E5%85%88%E7%94%9F%31%39%E6%AD%B3" n1="%E3%81%BE%E3%82%8B%E3%82%8B%E3%81%BC%E3%82%8D" n2="%E3%81%8B%E3%82%8A%E6%A2%85" n3="%E5%B0%8F%E6%B1%A0%E5%BE%B9%E5%B9%B3" dan="19,16,16,18" rate="2289.74,2039.26,2171.18,2246.03" sx="F,M,M,M"/><TAIKYOKU oya="0"/><INIT seed="0,0,0,1,5,59" ten="250,250,250,250" oya="0" hai0="11,31,14,80,65,18,122,74,55,105,37,73,68" hai1="83,60,5,92,106,78,97,0,53,124,35,54,128" hai2="82,90,127,16,69,25,87,120,13,107,126,51,118" hai3="121,135,133,10,33,44,110,52,26,61,129,89,132"/><T123/><D105/><U112/><E128/><V114/><F114/><W115/><G115/><T103/><D103/><U4/><E112/><V100/><F120/><W32/><G129/><T62/><D37/><U41/><E124/><N who="2" m="47659" /><F69/><W40/><G121/><T12/><D31/><U21/><E35/><V63/><F25/><W117/><G117/><T1/><D1/><U125/><E106/><V47/><F118/><W39/><G110/><T2/><D2/><U119/><E119/><V64/><F100/><W94/><G10/><T3/><D3/><U85/><E41/><N who="2" m="25071" /><F107/><W46/><G26/><T24/><D24/><U28/><E0/><V116/><F116/><W76/><G76/><T19/><D55/><N who="1" m="21003" /><E60/><V36/><F36/><W104/><G104/><T49/><D49/><U71/><E71/><N who="2" m="42399" /><F13/><W98/><G44/><T134/><D134/><U77/><E125/><V86/><F86/><W67/><REACH who="3" step="1"/><G52/><REACH who="3" ten="250,250,250,240" step="2"/><T111/><D111/><U56/><E78/><V93/><F16/><W113/><G113/><T42/><D122/><U45/><E45/><V131/><F131/><W38/><G38/><T101/><D123/><U27/><E56/><AGARI ba="0,1" hai="32,33,39,40,46,56,61,67,89,94,98,132,133,135" machi="56" ten="40,5200,0" yaku="1,1,20,1,52,1,53,0" doraHai="59" doraHaiUra="102" who="3" fromWho="1" sc="250,0,250,-52,250,0,240,62" /><INIT seed="1,0,0,0,1,130" ten="250,198,250,302" oya="1" hai0="33,11,30,87,8,104,19,101,20,80,28,64,83" hai1="118,23,135,53,24,42,77,5,81,108,1,93,10" hai2="36,110,51,132,15,70,95,111,37,61,44,14,57" hai3="116,47,49,59,131,3,25,120,7,40,125,2,123"/><U96/><E118/><V52/><F95/><W55/><G131/><T69/><D104/><U102/><E135/><V29/><F29/><W18/><G116/><T65/><D101/><U41/><E53/><V38/><F15/><W4/><G125/><T58/><D69/><U127/><E127/><V103/><F103/><W97/><G3/><T134/><D134/><U98/><E98/><V66/><F132/><W54/><G2/><T13/><D80/><U90/><E90/><V71/><F14/><W39/><G97/><T63/><D64/><U79/><E108/><AGARI ba="0,0" hai="36,37,38,44,51,52,57,61,66,70,71,108,110,111" machi="108" ten="50,8000,1" yaku="14,1,34,3,54,1" doraHai="130" who="2" fromWho="1" sc="250,0,198,-80,250,80,302,0" /><INIT seed="2,0,0,5,4,50" ten="250,118,330,302" oya="2" hai0="81,15,51,119,126,22,106,85,46,53,76,66,47" hai1="92,130,71,31,113,127,5,16,107,3,94,84,79" hai2="14,129,120,64,35,26,88,44,34,112,100,56,23" hai3="65,39,6,62,30,59,86,69,95,10,13,77,48"/><V102/><F112/><W87/><G39/><T20/><D126/><U25/><E107/><V57/><F120/><W70/><G30/><T24/><D106/><U42/><E113/><V36/><F129/><W82/><G95/><T122/><D122/><U68/><E127/><V75/><F75/><W125/><G125/><T73/><D119/><U110/><E130/><V17/><F35/><W12/><G87/><T134/><D134/><U38/><E110/><V8/><F34/><W90/><G90/><T116/><D116/><U83/><E71/><V0/><F0/><W117/><G117/><T96/><D66/><U29/><E68/><V78/><F78/><W9/><REACH who="3" step="1"/><G48/><REACH who="3" ten="250,118,330,292" step="2"/><N who="0" m="28823" /><D73/><U37/><E37/><V109/><F36/><W63/><G63/><T52/><D96/><U19/><E92/><V7/><F109/><W135/><G135/><T131/><D131/><U54/><E94/><V80/><F102/><W72/><G72/><T21/><D15/><U98/><E98/><V28/><F100/><W118/><G118/><T2/><D2/><U97/><E97/><V43/><F14/><W33/><G33/><T45/><D45/><U27/><E31/><AGARI ba="0,1" hai="20,21,22,24,31,47,51,52,76,81,85" m="28823" machi="31" ten="30,7700,0" yaku="8,1,52,2,54,1" doraHai="50" who="0" fromWho="1" sc="250,87,118,-77,330,0,292,0" /><INIT seed="3,0,0,1,5,97" ten="337,41,330,292" oya="3" hai0="65,80,37,60,75,84,90,108,52,2,5,38,1" hai1="20,41,118,96,66,67,19,100,42,17,74,13,16" hai2="101,77,43,68,88,6,64,135,63,3,18,36,54" hai3="10,125,51,73,105,107,103,99,44,128,45,21,32"/><W59/><G32/><T58/><D108/><U35/><E35/><V40/><F135/><W124/><G73/><T132/><D132/><U92/><E74/><V7/><F77/><W12/><G107/><T85/><D75/><U47/><E118/><V110/><F110/><W28/><G128/><T113/><D113/><U123/><E123/><V82/><F3/><W71/><G71/><T89/><D5/><N who="2" m="1546" /><F36/><W111/><G111/><T83/><REACH who="0" step="1"/><D65/><REACH who="0" ten="327,41,330,292" step="2"/><N who="1" m="24587" /><E47/><V109/><F109/><W53/><G44/><T70/><D70/><U27/><E19/><V4/><F4/><N who="3" m="3143" /><G45/><T9/><D9/><AGARI ba="0,1" hai="9,13,16,17,20,27,41,42,92,96,100" m="24587" machi="9" ten="30,3900,0" yaku="8,1,52,1,54,1" doraHai="97" who="1" fromWho="0" sc="327,-39,41,49,330,0,292,0" /><INIT seed="4,0,0,2,1,32" ten="288,90,330,292" oya="0" hai0="133,122,73,59,94,95,82,126,46,13,29,128,43" hai1="45,16,14,39,52,33,7,30,28,62,90,69,57" hai2="112,123,4,2,108,21,42,51,1,75,130,81,60" hai3="104,25,74,70,47,87,40,44,111,41,86,113,131"/><T121/><D128/><U117/><E117/><V119/><F123/><W67/><G111/><T79/><D133/><U134/><E134/><V65/><F108/><W101/><G74/><T124/><D29/><U0/><E33/><V91/><F4/><W19/><G131/><T129/><D129/><U49/><E39/><V107/><F130/><W105/><G113/><T15/><D59/><U18/><E69/><N who="2" m="42151" /><F51/><W85/><G67/><T118/><D118/><U61/><E61/><V55/><F55/><W31/><G19/><N who="1" m="7210" /><E90/><V103/><F21/><W71/><G31/><N who="1" m="11818" /><E0/><V68/><F68/><N who="3" m="26155" /><G25/><T96/><D122/><U58/><E62/><V8/><F2/><W88/><G88/><N who="0" m="55367" /><D121/><U120/><E120/><V77/><F119/><W84/><N who="3" m="21504" /><DORA hai="48" /><W10/><G101/><T37/><D95/><U80/><E80/><V24/><F1/><W89/><G89/><T26/><D26/><U34/><E34/><V23/><F91/><W20/><G20/><T78/><D78/><U66/><E66/><V109/><F109/><W127/><G104/><T27/><D27/><U36/><E36/><V5/><F103/><W114/><G105/><T17/><D17/><U100/><E100/><V102/><F24/><W22/><G22/><T115/><D115/><U12/><E7/><V9/><F23/><W54/><G114/><T98/><D98/><U110/><E110/><V11/><F112/><W92/><G92/><T56/><D82/><U50/><E57/><V106/><F5/><W83/><G83/><N who="0" m="45551" /><D56/><U63/><E63/><V3/><F106/><W125/><G47/><T135/><D135/><RYUUKYOKU ba="0,0" sc="288,15,90,15,330,-15,292,-15" hai0="13,15,37,43,46,124,126" hai1="12,14,45,49,50,52,58" /><INIT seed="4,1,0,3,5,77" ten="303,105,315,277" oya="0" hai0="14,22,84,71,58,32,135,31,42,10,63,38,56" hai1="131,109,76,129,54,64,69,3,95,45,28,100,128" hai2="83,21,44,9,61,78,126,127,59,106,97,46,6" hai3="7,123,102,47,50,120,11,117,96,94,80,62,70"/><T52/><D135/><U24/><E109/><V43/><F21/><W49/><G117/><T119/><D119/><U116/><E116/><V1/><F106/><W67/><G80/><T75/><D75/><U65/><E3/><V30/><F30/><W90/><G102/><T48/><D32/><U132/><E132/><V36/><F46/><W85/><G96/><T12/><D71/><U73/><E69/><V72/><F97/><W41/><REACH who="3" step="1"/><G50/><REACH who="3" ten="303,105,315,267" step="2"/><T101/><D101/><U37/><E100/><V82/><F83/><W2/><AGARI ba="1,1" hai="2,7,11,41,47,49,62,67,70,85,90,94,120,123" machi="2" ten="30,4000,0" yaku="1,1,2,1,0,1,53,0" doraHai="77" doraHaiUra="25" who="3" fromWho="3" sc="303,-21,105,-11,315,-11,267,53" /><INIT seed="5,0,0,0,0,124" ten="282,94,304,320" oya="1" hai0="85,19,33,105,130,99,121,51,16,36,69,59,34" hai1="82,65,135,109,7,101,131,113,128,117,107,4,2" hai2="92,84,116,18,86,98,56,1,50,27,44,122,127" hai3="14,68,79,21,39,96,20,125,106,88,70,54,87"/><U108/><E117/><V100/><F116/><W52/><G39/><T76/><D36/><U90/><E113/><V80/><F127/><W104/><G125/><T71/><D121/><U73/><E135/><V45/><F122/><W5/><G79/><T25/><D76/><N who="1" m="44303" /><E65/><V111/><F111/><N who="1" m="42569" /><E90/><V53/><F1/><W64/><G5/><N who="1" m="2122" /><E2/><V60/><F45/><W8/><G64/><T81/><D69/><U57/><E57/><V103/><F103/><W95/><G68/><T10/><D71/><U123/><E123/><V110/><F110/><W62/><G70/><T13/><D81/><U0/><E0/><V41/><F84/><W129/><G87/><T6/><D85/><U31/><E31/><V3/><F3/><W133/><G133/><T134/><D134/><U75/><E75/><V91/><F18/><W97/><G88/><T23/><D19/><U12/><E12/><V55/><REACH who="2" step="1"/><F27/><REACH who="2" ten="282,94,294,320" step="2"/><W38/><G14/><T26/><D26/><U83/><E83/><V28/><F28/><W48/><G96/><AGARI ba="0,1" hai="96,101,107,128,131" m="2122,42569,44303" machi="96" ten="30,5800,0" yaku="10,1,52,2" doraHai="124" who="1" fromWho="3" sc="282,0,94,68,294,0,320,-58" /><INIT seed="5,1,0,0,5,125" ten="282,162,294,262" oya="1" hai0="15,133,20,115,135,9,13,107,98,73,0,70,81" hai1="27,124,119,92,76,103,109,3,62,7,114,19,28" hai2="96,8,1,83,30,99,4,108,23,127,61,66,105" hai3="122,65,132,40,29,88,113,123,128,82,80,54,129"/><U36/><E119/><V42/><F108/><W64/><G40/><T2/><D70/><U33/><E109/><V49/><F127/><W126/><G126/><T18/><D115/><U11/><E124/><V97/><F105/><W10/><G29/><T130/><D73/><U5/><E114/><V46/><F83/><N who="3" m="31787" /><G113/><T38/><D38/><U101/><E76/><V121/><F121/><N who="3" m="46091" /><G10/><T25/><D81/><U32/><E36/><V131/><F30/><W100/><G100/><T45/><D45/><U74/><E74/><V90/><F23/><W118/><G54/><T94/><D107/><U112/><E112/><V34/><F34/><W26/><G26/><T72/><D72/><U21/><E7/><V22/><F22/><W68/><G68/><T51/><D15/><N who="1" m="9471" /><E33/><V43/><F43/><W44/><G44/><T58/><D0/><U134/><E134/><N who="0" m="51209" /><D2/><U12/><E12/><V41/><F41/><W14/><G132/><T110/><D110/><U106/><E106/><V35/><F35/><W39/><G39/><T47/><D58/><U63/><E103/><V60/><F90/><W55/><G14/><T37/><D37/><U53/><E53/><V84/><F84/><W87/><G55/><N who="0" m="30207" /><D98/><AGARI ba="1,0" hai="3,5,11,27,28,32,62,63,92,98,101" m="9471" machi="98" ten="30,1500,0" yaku="24,1" doraHai="125" who="1" fromWho="0" sc="282,-18,162,18,294,0,262,0" /><INIT seed="5,2,0,2,1,128" ten="264,180,294,262" oya="1" hai0="54,20,67,111,60,41,31,73,99,53,62,95,94" hai1="14,78,35,57,93,124,134,89,43,26,21,56,71" hai2="2,13,123,121,97,115,65,116,8,63,19,68,108" hai3="64,85,110,66,88,83,46,40,28,61,135,76,72"/><U80/><E71/><V125/><F108/><W6/><G110/><T55/><D111/><U10/><E35/><V103/><F116/><W36/><G28/><T24/><D73/><U33/><E33/><V113/><F125/><W119/><G119/><T48/><D41/><U15/><E43/><V51/><F51/><W91/><G135/><T39/><D39/><U50/><E124/><V81/><F81/><W87/><G6/><T22/><D94/><U9/><E134/><V104/><REACH who="2" step="1"/><F2/><REACH who="2" ten="264,180,284,262" step="2"/><W34/><G83/><T7/><D48/><U130/><E130/><V117/><F117/><W82/><G82/><T100/><D7/><N who="1" m="3391" /><E80/><V96/><F96/><W17/><G85/><T98/><D98/><N who="1" m="57647" /><E50/><V92/><F92/><W133/><G87/><T42/><D42/><U106/><E106/><V114/><AGARI ba="2,1" hai="8,13,19,63,65,68,97,103,104,113,114,115,121,123" machi="114" ten="30,7900,0" yaku="1,1,0,1,15,1,11,1,53,0" doraHai="128" doraHaiUra="44" who="2" fromWho="2" sc="264,-22,180,-41,284,95,262,-22" /><INIT seed="6,0,0,4,5,16" ten="242,139,379,240" oya="2" hai0="7,66,73,51,129,61,24,112,67,48,78,133,37" hai1="11,102,56,25,86,52,65,33,92,0,71,81,9" hai2="27,40,96,2,93,68,79,6,108,30,125,46,12" hai3="13,22,113,89,4,83,18,31,99,34,109,116,104"/><V19/><F68/><W111/><G116/><T101/><D37/><U110/><E110/><V32/><F79/><W77/><G4/><T127/><D112/><U135/><E135/><V5/><F125/><W130/><G130/><T35/><BYE who="3" /><D129/><UN n3="%E5%B0%8F%E6%B1%A0%E5%BE%B9%E5%B9%B3" /><U42/><E42/><V119/><F119/><W128/><G128/><T38/><D38/><U107/><E0/><V74/><F74/><W3/><G3/><T121/><D121/><U82/><E71/><V63/><F63/><W59/><G113/><T8/><D67/><U94/><E65/><V76/><F76/><W55/><G34/><T88/><D101/><U97/><E33/><V90/><F2/><W28/><G111/><T39/><D39/><U57/><E107/><V132/><F132/><W23/><G109/><T1/><D133/><U60/><E25/><V49/><REACH who="2" step="1"/><F108/><REACH who="2" ten="242,139,369,240" step="2"/><W122/><G77/><T87/><D78/><U43/><E43/><V115/><F115/><W14/><G122/><T26/><D73/><U124/><E124/><V114/><F114/><W106/><G55/><T69/><D127/><U15/><E94/><V84/><F84/><W126/><G126/><T70/><D70/><U36/><E86/><V72/><F72/><W50/><G104/><T123/><D123/><U47/><E57/><V17/><F17/><N who="3" m="10543" /><G106/><T75/><D75/><U85/><E85/><V105/><F105/><W10/><G59/><T103/><D69/><U62/><E62/><V64/><F64/><W117/><G117/><T134/><D66/><U100/><E92/><V80/><F80/><W98/><G83/><T120/><D134/><RYUUKYOKU ba="0,1" sc="242,-10,139,-10,369,30,240,-10" hai2="5,6,12,19,27,30,32,40,46,49,90,93,96" /><INIT seed="6,1,1,4,1,3" ten="232,129,399,230" oya="2" hai0="54,22,133,117,23,57,106,43,39,41,123,61,86" hai1="34,127,77,113,100,52,131,101,125,14,107,88,120" hai2="65,20,130,24,76,69,4,1,62,19,15,17,5" hai3="45,71,78,121,99,94,6,134,37,122,93,91,59"/><V25/><F130/><W18/><G71/><T115/><D123/><U31/><E120/><V48/><F1/><W105/><G105/><T116/><D115/><U82/><E113/><V81/><F48/><W27/><G134/><T21/><D133/><U50/><E131/><V33/><F33/><W51/><G78/><T109/><D109/><U9/><E34/><V13/><F13/><W44/><G6/><T135/><D106/><U74/><E31/><V102/><F102/><N who="3" m="60783" /><G37/><T66/><D135/><U26/><E26/><V79/><F79/><W7/><G7/><T70/><D86/><N who="1" m="50263" /><E107/><V53/><F53/><N who="3" m="32191" /><G122/><T68/><D68/><U11/><E77/><V64/><F64/><W42/><G42/><T112/><D112/><U60/><E60/><V49/><F49/><W0/><G0/><T38/><D66/><U2/><E2/><V98/><F25/><W97/><G121/><T83/><D70/><U32/><E32/><V67/><F67/><W126/><G126/><N who="1" m="48138" /><E74/><V103/><F24/><W87/><G87/><T84/><D38/><U10/><E14/><V12/><F12/><W28/><G28/><T63/><D63/><U132/><E132/><V73/><F19/><W104/><G104/><AGARI ba="1,1" hai="4,5,15,17,20,62,65,69,73,76,81,98,103,104" machi="104" ten="30,5800,0" yaku="7,1,52,2" doraHai="3" who="2" fromWho="3" sc="232,0,129,0,399,71,230,-61" /><INIT seed="6,2,0,0,4,74" ten="232,129,470,169" oya="2" hai0="73,39,104,16,71,98,111,97,134,58,55,66,22" hai1="46,2,48,47,124,11,123,20,45,125,24,108,115" hai2="105,5,12,8,80,91,100,130,87,106,41,90,38" hai3="56,114,18,65,54,132,131,36,127,23,129,35,102"/><V69/><F69/><W29/><G36/><T89/><D111/><U21/><E108/><V101/><F130/><N who="3" m="49675" /><G102/><T78/><D39/><U50/><E115/><V0/><F0/><W79/><G127/><N who="1" m="48714" /><E123/><V133/><F133/><W86/><G65/><T67/><D98/><U43/><E2/><V118/><F118/><W9/><G9/><T33/><D22/><N who="1" m="8811" /><E11/><V19/><F5/><W122/><G122/><T62/><D55/><U60/><E60/><V72/><F101/><W116/><G116/><T95/><D89/><U77/><E24/><V70/><F100/><W57/><G132/><T30/><D134/><U15/><E15/><V10/><F10/><W61/><G114/><T128/><D67/><U92/><E92/><V85/><F8/><W135/><G135/><T4/><D95/><U28/><E28/><V88/><F105/><W52/><G23/><T113/><D128/><U117/><E117/><V49/><F12/><W34/><G18/><T17/><D113/><U6/><E6/><V37/><F19/><N who="0" m="7242" /><D4/><U81/><E43/><V93/><F41/><W63/><G29/><T68/><D30/><U99/><E99/><V112/><F106/><W103/><G103/><N who="0" m="62575" /><D71/><U64/><E64/><V94/><F70/><W120/><G120/><T59/><D68/><U82/><E77/><V51/><F112/><W110/><G110/><T31/><D78/><U121/><E121/><V3/><F3/><W26/><G26/><N who="0" m="18679" /><D73/><U126/><N who="1" m="48722" /><U76/><DORA hai="14" /><E76/><N who="2" m="44039" /><F91/><W25/><G25/><T42/><D42/><U107/><E107/><V1/><F1/><W53/><G53/><RYUUKYOKU ba="2,0" sc="232,0,129,0,470,0,169,0" hai0="58,59,62,66" hai1="45,46,47,48,50,81,82" hai2="37,38,49,51,85,87,88,90,93,94" hai3="34,35,52,54,56,57,61,63,79,86" /><INIT seed="6,3,0,1,5,105" ten="232,129,470,169" oya="2" hai0="31,86,82,15,39,92,96,13,117,124,89,132,58" hai1="33,3,110,24,48,99,108,135,75,51,104,120,94" hai2="41,118,44,83,79,84,36,5,67,70,55,130,62" hai3="78,8,46,23,6,128,100,12,107,22,106,74,11"/><V91/><F130/><W29/><G128/><T66/><D39/><U19/><E3/><V45/><F118/><W59/><G46/><T85/><D117/><U126/><E104/><V54/><F5/><W57/><G29/><T95/><D132/><U123/><E135/><V114/><F114/><W65/><G65/><T53/><D124/><U4/><E4/><V116/><F116/><W97/><G106/><T50/><D31/><N who="1" m="19687" /><E126/><V47/><F47/><W0/><G11/><T127/><D127/><U134/><E134/><V16/><F45/><W27/><G0/><T56/><D56/><U34/><E19/><V72/><F16/><W63/><G27/><T102/><D66/><U26/><E26/><V103/><F103/><W35/><G35/><T28/><D28/><U42/><E34/><V52/><F55/><W30/><G30/><T14/><D14/><U71/><E71/><V61/><F61/><W93/><G107/><T18/><D18/><U80/><E42/><V1/><F1/><W64/><REACH who="3" step="1"/><G59/><REACH who="3" ten="232,129,470,159" step="2"/><T121/><D15/><U60/><E110/><V111/><F111/><W125/><G125/><T133/><D13/><U69/><E108/><V40/><F40/><W32/><G32/><T37/><D133/><U87/><E123/><V112/><F112/><W113/><G113/><T49/><D121/><U38/><E120/><V25/><F25/><W68/><G68/><T129/><D129/><U17/><E38/><V119/><F119/><W7/><G7/><T20/><D37/><U109/><E109/><V2/><F2/><W101/><G101/><T88/><D20/><RYUUKYOKU ba="3,1" sc="232,10,129,-30,470,10,159,10" hai0="49,50,53,58,82,85,86,88,89,92,95,96,102" hai2="36,41,44,52,54,62,67,70,72,79,83,84,91" hai3="6,8,12,22,23,57,63,64,74,78,93,97,100" /><INIT seed="6,4,1,4,3,114" ten="242,99,480,169" oya="2" hai0="85,13,102,9,111,56,30,36,123,116,77,126,107" hai1="110,127,57,49,83,39,29,46,5,103,43,16,124" hai2="96,75,63,25,41,109,86,128,4,80,113,70,12" hai3="8,14,84,98,93,74,32,134,0,88,117,68,81"/><V58/><F113/><W115/><G115/><T119/><D123/><U120/><E110/><V121/><F70/><W100/><G68/><T33/><D111/><U20/><E120/><V73/><F121/><W11/><G32/><T133/><D36/><U35/><E5/><V3/><F3/><W45/><G134/><T90/><D77/><U71/><E71/><V18/><F4/><W131/><G131/><T10/><D133/><U78/><E103/><V76/><F41/><W105/><G0/><T135/><D135/><U61/><E35/><V48/><F48/><W66/><G66/><T59/><D126/><U64/><E29/><V72/><F128/><W42/><G117/><N who="0" m="45131" /><D102/><U1/><E39/><V125/><F125/><W26/><G26/><N who="0" m="18647" /><D107/><U19/><E1/><V55/><F109/><W47/><G14/><T94/><D9/><N who="3" m="3657" /><G42/><T87/><D85/><U129/><E129/><V118/><F118/><W132/><G132/><T106/><D106/><U38/><E38/><V91/><F75/><W44/><G74/><T82/><D82/><U2/><E2/><V31/><F73/><W17/><G105/><T69/><D69/><U27/><REACH who="1" step="1"/><E19/><AGARI ba="4,1" hai="17,19,44,45,47,81,84,88,93,98,100" m="3657" machi="19" ten="30,2000,0" yaku="8,1,54,1" doraHai="114" who="3" fromWho="1" sc="242,0,99,-32,480,0,169,42" /><AGARI ba="4,0" hai="10,13,19,56,59,87,90,94" m="18647,45131" machi="19" ten="30,7700,0" yaku="12,1,52,3" doraHai="114" who="0" fromWho="1" sc="242,77,67,-77,480,0,211,0" owari="319,12.0,-10,-51.0,480,58.0,211,-19.0" /></mjloggm>