<mjloggm ver="2.3"><GO type="169" lobby="0"/><UN n0="%E9%81%8A%E8%B5%B0" n1="%E2%80%A0%E3%82%82%E3%81%90%E3%82%89%E5%8F%A9%E3%81%8D%E2%80%A0" n2="%E7%83%8F%E8%B3%8A%E4%B9%8B%E8%BC%94" n3="%E3%82%A6%E3%83%AB%E3%83%88%E3%83%A9%E7%AB%8B%E7%9B%B4" dan="17,16,18,18" rate="2184.71,2176.58,2292.92,2251.33" sx="F,M,M,M"/><TAIKYOKU oya="0"/><INIT seed="0,0,0,4,4,50" ten="250,250,250,250" oya="0" hai0="53,2,98,31,108,97,116,18,37,54,45,101,59" hai1="13,117,75,20,124,79,120,29,80,104,119,111,23" hai2="72,25,94,15,132,126,90,73,64,24,110,71,102" hai3="51,93,8,95,85,78,3,131,92,128,100,19,38"/><T48/><D116/><U46/><E120/><V44/><F110/><W10/><G38/><T14/><D2/><U99/><E111/><V4/><F102/><W1/><G100/><T22/><D108/><U105/><E124/><V67/><F126/><W76/><G51/><T49/><D37/><U33/><E33/><V89/><F132/><W82/><G76/><T30/><D98/><U114/><E114/><V58/><F71/><W123/><G123/><T115/><REACH who="0" step="1"/><D115/><REACH who="0" ten="240,250,250,250" step="2"/><U86/><E99/><V65/><F72/><W17/><G3/><T40/><D40/><U109/><E75/><V84/><F73/><W7/><REACH who="3" step="1"/><G10/><REACH who="3" ten="240,250,250,240" step="2"/><T125/><D125/><U56/><E109/><V83/><F84/><W32/><G32/><T87/><D87/><U62/><E86/><V134/><F134/><W16/><AGARI ba="0,2" hai="1,7,8,16,17,19,78,82,85,92,93,95,128,131" machi="16" ten="40,5200,0" yaku="1,1,0,1,54,1,53,0" doraHai="50" doraHaiUra="42" who="3" fromWho="3" sc="240,-26,250,-13,250,-13,240,72" /><INIT seed="1,0,0,3,0,108" ten="214,237,237,312" oya="1" hai0="39,33,63,29,73,13,50,86,61,45,127,40,36" hai1="22,49,34,74,4,115,84,5,105,123,131,114,130" hai2="119,0,21,101,116,47,72,100,2,126,8,76,111" hai3="124,3,70,27,104,37,117,93,89,88,62,23,56"/><U109/><E74/><V46/><F111/><W92/><G104/><T9/><D73/><U78/><E105/><V58/><F72/><W10/><G70/><T42/><D127/><U99/><E109/><V7/><F58/><W38/><G124/><T55/><D33/><U69/><E69/><V52/><F126/><W118/><G10/><T121/><D29/><U66/><E66/><V97/><F21/><W35/><G3/><T91/><D121/><U71/><E71/><V135/><F135/><W17/><G35/><T30/><D30/><U134/><E99/><V20/><F20/><W12/><G12/><T32/><D32/><U107/><E107/><V28/><F28/><W98/><G118/><T129/><D129/><N who="1" m="49163" /><E34/><V79/><F8/><W6/><G6/><N who="1" m="2666" /><E123/><V80/><F7/><W48/><G117/><T81/><D36/><U26/><E49/><V16/><F97/><W65/><G48/><T41/><REACH who="0" step="1"/><D39/><REACH who="0" ten="204,237,237,312" step="2"/><U18/><E134/><V19/><F116/><W120/><G120/><T96/><D96/><AGARI ba="0,1" hai="17,23,27,37,38,56,62,65,88,89,92,93,96,98" machi="96" ten="30,3900,0" yaku="7,1,9,1,54,1" doraHai="108" who="3" fromWho="0" sc="204,-39,237,0,237,0,312,49" /><INIT seed="2,0,0,5,4,95" ten="165,237,237,361" oya="2" hai0="65,131,80,101,32,69,54,100,15,24,120,48,125" hai1="58,71,6,112,25,44,118,119,55,78,8,130,46" hai2="104,31,110,60,105,53,43,35,87,50,99,0,86" hai3="74,30,27,68,72,89,102,2,85,59,97,62,81"/><V52/><F0/><W13/><G13/><T5/><D120/><U56/><E71/><V73/><F73/><W4/><G4/><T38/><D38/><U20/><E112/><V9/><F43/><W84/><G84/><T37/><D37/><U70/><E70/><V12/><F105/><W98/><G2/><T79/><D131/><U76/><E130/><V61/><F110/><W133/><G133/><T132/><D132/><U3/><E58/><V67/><F61/><W7/><G7/><T19/><D125/><U39/><E119/><V90/><F86/><W41/><G41/><T113/><D113/><U134/><E118/><V122/><F122/><W66/><G59/><T109/><D5/><U45/><E39/><V116/><F116/><W91/><G91/><T117/><D109/><U42/><E42/><V92/><F31/><W123/><G123/><T93/><D117/><U103/><E103/><V82/><F35/><W47/><G47/><N who="0" m="27935" /><D65/><U51/><REACH who="1" step="1"/><E134/><REACH who="1" ten="165,227,237,361" step="2"/><V23/><F50/><W111/><G111/><T29/><D69/><U63/><E63/><V40/><F40/><W33/><G102/><T129/><D129/><U114/><E114/><V83/><F60/><W107/><G62/><T126/><D101/><U26/><E26/><V22/><F67/><W14/><G68/><T135/><D135/><U88/><E88/><V94/><F53/><W127/><G66/><T115/><D115/><U36/><E36/><V34/><F52/><W21/><G27/><T49/><D100/><U121/><E121/><V124/><F90/><W17/><G89/><T77/><D24/><RYUUKYOKU ba="0,1" sc="165,-10,227,30,237,-10,361,-10" hai1="3,6,8,20,25,44,45,46,51,55,56,76,78" /><INIT seed="3,1,1,2,1,98" ten="155,257,227,351" oya="3" hai0="97,68,27,49,79,121,3,108,59,31,11,72,62" hai1="36,83,122,109,9,29,104,78,4,40,107,87,66" hai2="101,124,128,82,113,38,35,60,134,112,24,111,76" hai3="30,8,114,120,71,32,14,70,92,129,58,135,34"/><W13/><G114/><T16/><D121/><U51/><E122/><V25/><F111/><W63/><G120/><T56/><D108/><U125/><E109/><V73/><F124/><W102/><G14/><T106/><D49/><U10/><E29/><N who="2" m="19879" /><F25/><W12/><G12/><T103/><D79/><U90/><E66/><V118/><F118/><W99/><G129/><T115/><D72/><U65/><E65/><V89/><F89/><W93/><G135/><T105/><D105/><U26/><E26/><V86/><F86/><W133/><G133/><T2/><D115/><U75/><E10/><V15/><F15/><W21/><G21/><T28/><D28/><U95/><E51/><V55/><F55/><W52/><G30/><T43/><D43/><U22/><E22/><V18/><F18/><W20/><G20/><T84/><D84/><U41/><E41/><V54/><F38/><W50/><G93/><T47/><D47/><N who="1" m="23943" /><E125/><V5/><F5/><W53/><G34/><N who="0" m="20863" /><D16/><U7/><E7/><V48/><F134/><W45/><G32/><T132/><D132/><U67/><E67/><V74/><F74/><W6/><AGARI ba="1,1" hai="6,8,13,45,50,52,53,58,63,70,71,92,99,102" machi="6" ten="20,7800,0" yaku="0,1,7,1,52,1,54,1" doraHai="98" who="3" fromWho="3" sc="155,-27,257,-27,227,-27,351,91" /><INIT seed="3,2,0,3,5,76" ten="128,230,200,442" oya="3" hai0="54,19,65,13,115,125,105,53,95,131,99,75,25" hai1="55,79,31,96,15,34,121,68,52,43,49,35,32" hai2="126,26,56,70,109,107,72,112,77,117,17,111,39" hai3="106,83,116,123,74,86,97,88,134,60,102,12,41"/><W11/><G116/><T90/><D131/><U100/><E68/><V113/><F56/><W127/><G123/><T84/><D125/><U47/><E121/><V51/><F51/><W59/><G134/><T16/><D115/><U78/><E31/><V114/><F17/><W46/><G74/><T94/><D105/><U108/><E108/><N who="2" m="41547" /><F26/><W9/><G12/><T129/><D129/><U92/><E15/><V50/><F50/><W91/><G91/><T104/><D104/><U21/><E21/><V93/><F70/><W2/><G127/><T82/><D75/><U24/><E24/><V98/><F39/><W61/><G2/><T128/><D128/><U103/><E100/><N who="2" m="62871" /><F126/><W33/><G33/><T110/><D110/><U80/><REACH who="1" step="1"/><E78/><REACH who="1" ten="128,220,200,442" step="2"/><V101/><F117/><W85/><G11/><N who="0" m="6207" /><D25/><U62/><E62/><V7/><F7/><W135/><G60/><T3/><D3/><U8/><E8/><V64/><F114/><W42/><G9/><T0/><D0/><U45/><E45/><V20/><F20/><W14/><G46/><T122/><D122/><U120/><E120/><V1/><F1/><W69/><G69/><T119/><D119/><U27/><E27/><V5/><F5/><W58/><G61/><T81/><D19/><U23/><E23/><V38/><F113/><W130/><G130/><T48/><D65/><U28/><E28/><V132/><F64/><W71/><G71/><T57/><D54/><U87/><AGARI ba="2,1" hai="32,34,35,43,47,49,52,55,79,80,87,92,96,103" machi="87" ten="30,7900,0" yaku="1,1,0,1,52,1,54,1,53,0" doraHai="76" doraHaiUra="63" who="1" fromWho="1" sc="128,-22,220,95,200,-22,442,-41" /><INIT seed="4,0,0,0,3,7" ten="106,315,178,401" oya="0" hai0="1,39,55,122,131,27,57,92,25,94,6,51,40" hai1="66,64,116,41,11,74,13,22,0,78,85,56,133" hai2="128,98,63,54,31,69,106,79,115,29,101,75,130" hai3="52,17,114,107,48,19,127,84,70,125,28,132,37"/><T121/><D131/><N who="2" m="50218" /><F115/><W102/><G37/><T73/><D73/><U111/><E111/><V86/><F75/><W50/><G70/><T126/><D126/><U72/><E133/><V109/><F109/><W33/><G50/><T134/><D134/><U47/><E0/><V95/><F54/><W59/><G114/><T105/><D105/><U76/><E74/><V88/><F79/><W99/><G132/><T96/><D94/><U103/><E103/><V8/><F8/><W35/><G84/><T14/><D1/><U58/><E72/><V123/><F123/><W110/><G110/><T93/><D93/><U49/><E22/><V43/><F43/><W71/><G71/><T129/><D129/><U100/><E100/><V87/><F87/><W4/><G4/><T9/><D39/><U91/><E116/><V44/><F44/><W32/><REACH who="3" step="1"/><G28/><REACH who="3" ten="106,315,178,391" step="2"/><T112/><D112/><U135/><E135/><V68/><F69/><W15/><G15/><T89/><REACH who="0" step="1"/><D40/><REACH who="0" ten="96,315,178,391" step="2"/><U60/><E41/><V90/><F90/><W118/><G118/><T30/><D30/><U104/><E91/><V10/><F29/><W46/><G46/><T18/><D18/><AGARI ba="0,2" hai="17,18,19,32,33,35,48,52,59,99,102,107,125,127" machi="18" ten="50,3200,0" yaku="1,1,54,1,53,0" doraHai="7" doraHaiUra="16" who="3" fromWho="0" sc="96,-32,315,0,178,0,391,52" /><INIT seed="5,0,0,3,4,3" ten="64,315,178,443" oya="1" hai0="30,39,41,37,56,85,46,55,92,69,74,83,47" hai1="87,135,104,118,59,25,125,8,29,45,121,75,84" hai2="67,65,6,108,14,51,52,21,53,111,117,18,5" hai3="78,19,131,90,122,95,27,120,91,62,112,107,22"/><U2/><E118/><V9/><F111/><W102/><G131/><T50/><D74/><U109/><E75/><V116/><F108/><W97/><G112/><T28/><D92/><U127/><E104/><V35/><F35/><W10/><G78/><T61/><D39/><U133/><E109/><V34/><F34/><W12/><G62/><T58/><D58/><U16/><E45/><N who="2" m="27759" /><F116/><W134/><G134/><N who="1" m="51210" /><E59/><V20/><F53/><W11/><G11/><T110/><D110/><U103/><E103/><V88/><F21/><W72/><G72/><T23/><D23/><N who="1" m="13543" /><E29/><V123/><F123/><W132/><G132/><T73/><D73/><U126/><E121/><V100/><F100/><W32/><G32/><T119/><D119/><U86/><E86/><V49/><F49/><W81/><G120/><T115/><D115/><U57/><E57/><V129/><F129/><W54/><G122/><T76/><REACH who="0" step="1"/><D46/><REACH who="0" ten="54,315,178,443" step="2"/><U40/><E40/><V106/><F117/><W128/><G128/><T68/><D68/><U36/><E36/><V38/><F38/><W60/><G107/><T113/><D113/><U63/><E63/><V44/><F106/><W71/><G71/><T1/><D1/><U42/><E42/><V130/><F130/><W82/><G60/><T80/><D80/><U31/><E31/><V99/><F44/><W48/><G82/><T124/><D124/><U15/><E2/><V105/><F105/><W114/><G81/><T64/><AGARI ba="0,1" hai="28,30,37,41,47,50,55,56,61,64,69,76,83,85" machi="64" ten="30,7900,0" yaku="1,1,0,1,24,2,53,0" doraHai="3" doraHaiUra="94" who="0" fromWho="0" sc="54,89,315,-39,178,-20,443,-20" /><INIT seed="6,0,0,3,3,37" ten="143,276,158,423" oya="2" hai0="43,35,78,44,79,58,96,94,111,70,2,119,26" hai1="126,85,18,113,40,117,6,106,25,134,130,68,42" hai2="129,92,74,5,3,31,77,48,112,34,39,11,17" hai3="120,1,30,104,76,86,105,21,54,99,15,50,122"/><V88/><F39/><W127/><G1/><T22/><D111/><U91/><E106/><V27/><F112/><W33/><G33/><T32/><D70/><U84/><E117/><V102/><F129/><W82/><G127/><T49/><D2/><U71/><E6/><V51/><F102/><W63/><G63/><T47/><D119/><U124/><E113/><V116/><F116/><W14/><G14/><T19/><D32/><U125/><E134/><V121/><F121/><W38/><G38/><T12/><D47/><U29/><E18/><V53/><F77/><W110/><G110/><T57/><D35/><N who="1" m="20911" /><E84/><V128/><F74/><W73/><G73/><T83/><D26/><U93/><E130/><V60/><F128/><W56/><G105/><T16/><D19/><U132/><E132/><V123/><F123/><W115/><G115/><T41/><D41/><AGARI ba="0,0" hai="40,41,42,68,71,85,91,93,124,125,126" m="20911" machi="41" ten="30,7700,0" yaku="18,1,52,3" doraHai="37" who="1" fromWho="0" sc="143,-77,276,77,158,0,423,0" /><INIT seed="7,0,0,2,2,75" ten="66,353,158,423" oya="3" hai0="67,60,111,63,126,107,6,76,106,10,34,61,47" hai1="95,15,9,97,64,24,85,51,57,22,13,42,69" hai2="12,27,17,20,41,125,99,50,23,54,82,134,89" hai3="16,113,98,31,30,132,21,116,122,1,112,110,128"/><W14/><G116/><T105/><D111/><U37/><E69/><V103/><F125/><W115/><G122/><T119/><D119/><U130/><E37/><V102/><F134/><W120/><G120/><T45/><D34/><U29/><E85/><N who="2" m="50359" /><F41/><W71/><G128/><T8/><D67/><U117/><E130/><V91/><F91/><W65/><G132/><T28/><D28/><U55/><E42/><V2/><F2/><W114/><G114/><T94/><D94/><U79/><E64/><V109/><F99/><W40/><G110/><T123/><D123/><U108/><E108/><V56/><F109/><W73/><G73/><T101/><D101/><U33/><E33/><V0/><F0/><W26/><G1/><T104/><N who="0" m="26624" /><DORA hai="87" /><T84/><D126/><U78/><E117/><V80/><F80/><W86/><G40/><T68/><D68/><U53/><E53/><V129/><F129/><W124/><G124/><T7/><D84/><U77/><E9/><N who="0" m="3689" /><D76/><U43/><E43/><V131/><F131/><W74/><G74/><T90/><D90/><AGARI ba="0,0" hai="13,15,22,24,29,51,55,57,77,78,79,90,95,97" machi="90" ten="40,8000,1" yaku="8,1,52,4" doraHai="75,87" who="1" fromWho="0" sc="66,-80,353,80,158,0,423,0" owari="-14,-51.0,433,53.0,158,-24.0,423,22.0" /></mjloggm>