<mjloggm ver="2.3"><GO type="169" lobby="0"/><UN n0="%E3%82%A6%E3%83%AB%E3%83%88%E3%83%A9%E7%AB%8B%E7%9B%B4" n1="%E8%87%AA%E9%87%8D" n2="%E5%A4%A9%E5%9C%B0%E3%81%AE%E6%98%A5" n3="%66%61%6E%73%74%65%70" dan="18,16,16,17" rate="2243.29,2067.02,2082.67,2223.90" sx="M,M,M,M"/><TAIKYOKU oya="0"/><INIT seed="0,0,0,3,3,26" ten="250,250,250,250" oya="0" hai0="111,14,134,78,81,82,37,33,73,97,64,18,87" hai1="22,10,83,57,95,41,132,77,17,23,16,1,6" hai2="121,30,61,24,48,69,67,113,92,88,49,131,11" hai3="43,91,55,60,4,71,89,115,51,106,8,94,109"/><T58/><D37/><U90/><E132/><V124/><F131/><W56/><G115/><T118/><D118/><U72/><E41/><V129/><F124/><W12/><G109/><T47/><D33/><U21/><REACH who="1" step="1"/><E57/><REACH who="1" ten="250,240,250,250" step="2"/><V135/><F129/><W15/><G43/><T36/><D134/><U130/><E130/><V93/><F135/><W119/><G119/><T116/><D116/><U39/><E39/><V29/><F113/><W120/><G120/><T52/><D36/><U65/><E65/><V32/><F121/><W108/><G108/><T54/><D111/><U35/><E35/><V128/><F128/><W104/><G71/><T80/><D64/><U79/><E79/><V3/><F69/><W85/><G60/><T100/><D47/><U0/><E0/><V31/><F67/><W45/><G45/><T74/><D54/><U107/><E107/><V27/><F61/><W53/><G53/><T46/><D46/><U96/><AGARI ba="0,1" hai="1,6,10,16,17,21,22,23,72,77,83,90,95,96" machi="96" ten="30,4000,0" yaku="1,1,0,1,54,1,53,0" doraHai="26" doraHaiUra="40" who="1" fromWho="1" sc="250,-20,240,50,250,-10,250,-10" /><INIT seed="1,0,0,0,4,84" ten="230,290,240,240" oya="1" hai0="121,5,36,68,34,124,23,59,100,115,105,74,4" hai1="97,69,117,82,127,60,62,119,77,116,76,90,41" hai2="79,107,18,30,55,38,89,103,72,83,95,27,49" hai3="53,28,29,91,10,128,114,9,33,78,14,106,8"/><U86/><E127/><V25/><F38/><W0/><G106/><T134/><RYUUKYOKU type="yao9" ba="0,0" sc="230,0,290,0,240,0,240,0" hai0="4,5,23,34,36,59,68,74,100,105,115,121,124,134" /><INIT seed="1,1,0,1,5,110" ten="230,290,240,240" oya="1" hai0="92,103,89,77,55,90,46,106,133,37,72,111,10" hai1="83,51,65,114,16,38,35,86,78,34,52,101,26" hai2="117,120,81,1,47,135,23,8,73,66,104,33,30" hai3="29,62,9,3,15,4,107,125,118,87,100,94,130"/><U53/><E38/><V25/><F135/><W127/><G118/><T82/><D111/><U116/><E116/><V18/><F120/><W76/><G107/><T60/><D133/><U44/><E114/><V49/><F104/><W69/><G29/><T98/><D60/><U95/><E65/><V121/><F117/><W21/><G130/><T112/><D112/><U123/><E123/><V31/><F121/><W40/><G40/><T13/><D55/><U19/><E53/><V96/><F96/><W48/><G48/><T24/><D24/><U36/><E36/><V108/><F108/><W132/><G132/><T129/><D129/><U131/><E131/><V27/><F66/><W79/><G62/><T0/><D106/><U12/><E26/><V57/><F57/><W74/><G69/><T128/><D128/><U68/><E68/><V67/><F67/><W71/><G71/><T134/><D134/><U64/><E64/><V80/><F73/><W20/><G74/><T42/><REACH who="0" step="1"/><D13/><REACH who="0" ten="220,290,240,240" step="2"/><U119/><E119/><V54/><F1/><W126/><G3/><T63/><D63/><U115/><E115/><V5/><F5/><AGARI ba="1,1" hai="0,5,10,37,42,46,72,77,82,89,90,92,98,103" machi="5" ten="40,8000,1" yaku="1,1,25,2,53,1" doraHai="110" doraHaiUra="39" who="0" fromWho="2" sc="220,93,290,0,240,-83,240,0" /><INIT seed="2,0,0,3,5,24" ten="313,290,157,240" oya="2" hai0="16,72,120,99,86,13,107,58,62,133,122,10,103" hai1="69,135,55,68,109,46,130,26,20,45,0,111,50" hai2="106,36,25,117,93,49,7,59,67,40,92,77,15" hai3="112,79,21,78,33,53,74,2,75,48,123,131,90"/><V37/><F106/><W88/><G2/><T60/><D72/><U89/><E0/><V5/><F117/><W12/><G33/><T65/><D133/><U95/><E135/><V101/><F77/><W14/><G123/><T22/><D86/><U125/><E125/><V6/><F101/><W96/><G112/><T71/><REACH who="0" step="1"/><D10/><REACH who="0" ten="303,290,157,240" step="2"/><U35/><E111/><V129/><F36/><W134/><G134/><T100/><D100/><U51/><E109/><V94/><F37/><W127/><G127/><T116/><D116/><U70/><E130/><V39/><F39/><W121/><G131/><T102/><D102/><U115/><E115/><V18/><F129/><W87/><G75/><T119/><D119/><U1/><E1/><V76/><F76/><W114/><G74/><T118/><D118/><U63/><E35/><V91/><F91/><W82/><G114/><T47/><D47/><U17/><E89/><V42/><F25/><W104/><G121/><T84/><D84/><U31/><E45/><V38/><F38/><W44/><G79/><T41/><D41/><U3/><E46/><V105/><F40/><W66/><G78/><T43/><D43/><U83/><E3/><V52/><F42/><W97/><G90/><T73/><D73/><U8/><E8/><V32/><F32/><W108/><G108/><T61/><D61/><U126/><E63/><V29/><F67/><AGARI ba="0,1" hai="13,16,22,58,60,62,65,67,71,99,103,107,120,122" machi="67" ten="30,3900,0" yaku="1,1,7,1,54,1,53,0" doraHai="24" doraHaiUra="110" who="0" fromWho="2" sc="303,49,290,0,157,-39,240,0" /><INIT seed="3,0,0,2,3,63" ten="352,290,118,240" oya="3" hai0="97,37,124,21,134,23,111,122,89,81,87,44,103" hai1="33,128,60,91,41,94,107,51,76,84,69,109,119" hai2="72,6,118,1,45,52,2,70,50,49,98,113,135" hai3="64,18,40,26,121,30,35,54,10,90,130,120,115"/><W19/><G40/><T8/><D122/><U34/><E107/><V80/><F135/><W48/><G115/><T117/><D117/><U74/><E119/><V29/><F118/><W38/><G38/><T132/><D111/><U127/><E109/><V93/><F113/><W43/><G43/><N who="0" m="22639" /><D8/><U106/><E106/><V110/><F70/><W4/><G130/><T75/><D75/><U112/><E112/><V101/><F110/><W36/><G36/><T99/><D99/><U102/><E128/><V67/><F29/><W82/><G121/><T96/><D96/><U42/><E102/><V3/><F49/><W105/><G120/><T57/><D57/><U62/><E127/><V126/><F126/><W55/><G105/><N who="0" m="63727" /><D124/><U47/><E42/><V39/><F39/><W133/><G133/><AGARI ba="0,0" hai="21,23,81,87,89,132,133,134" m="63727,22639" machi="133" ten="30,1000,0" yaku="20,1" doraHai="63" who="0" fromWho="3" sc="352,10,290,0,118,0,240,-10" /><INIT seed="4,0,0,1,5,116" ten="362,290,118,230" oya="0" hai0="76,57,131,1,75,68,74,43,15,128,66,127,5" hai1="53,18,70,42,10,125,92,87,133,3,123,30,115" hai2="20,118,100,99,17,103,12,81,88,71,60,130,36" hai3="98,25,117,54,86,52,58,121,82,69,109,65,44"/><T16/><D68/><U0/><E70/><V33/><F130/><N who="0" m="49706" /><D127/><U4/><E125/><V9/><F33/><W129/><G117/><T59/><D5/><U46/><E133/><V49/><F118/><W61/><G129/><T64/><D1/><U114/><E123/><V97/><F36/><W31/><G121/><T93/><D43/><U91/><E30/><V2/><F2/><W62/><G109/><T73/><D93/><U113/><E18/><V28/><F71/><W63/><G98/><T134/><D76/><U6/><E53/><V95/><F60/><W111/><G111/><T56/><D134/><U84/><E4/><V51/><F81/><W26/><G31/><T102/><D102/><U96/><REACH who="1" step="1"/><E0/><REACH who="1" ten="362,280,118,230" step="2"/><V112/><F112/><W85/><G54/><T23/><AGARI ba="0,1" hai="15,16,23,56,57,59,64,66,73,74,75" m="49706" machi="23" ten="40,3900,0" yaku="19,1,54,1" doraHai="116" who="0" fromWho="0" sc="362,49,280,-13,118,-13,230,-13" /><INIT seed="4,1,0,1,5,36" ten="411,267,105,217" oya="0" hai0="112,1,102,2,99,70,5,17,106,126,61,127,96" hai1="82,28,55,3,64,128,6,67,73,35,52,46,48" hai2="45,105,72,68,30,110,118,54,49,42,14,34,22" hai3="76,29,31,7,107,130,123,25,120,79,33,117,89"/><T80/><D17/><U59/><E128/><V21/><F68/><W47/><G117/><T85/><D5/><U27/><E3/><V10/><F118/><W94/><G130/><T92/><D61/><U115/><E6/><V119/><F105/><W65/><G107/><T44/><D44/><U93/><E115/><V43/><F72/><W134/><G65/><T129/><D70/><U19/><E19/><V74/><F74/><W60/><G60/><T75/><D1/><U57/><E93/><V133/><F119/><W114/><G7/><T58/><D58/><U9/><E9/><V41/><F34/><W121/><G29/><T63/><D63/><U108/><E108/><V104/><F110/><W37/><G114/><T8/><D8/><U23/><E35/><V51/><F104/><W91/><G91/><N who="0" m="55327" /><D2/><U86/><E73/><V100/><F133/><W62/><G134/><T12/><D12/><U101/><E101/><V26/><F100/><W0/><G62/><T122/><D112/><U95/><E95/><V113/><F21/><W13/><G13/><T88/><D129/><U11/><E11/><V56/><F113/><W125/><G0/><T124/><D75/><U132/><E132/><V131/><F131/><W81/><G33/><T71/><D71/><U77/><REACH who="1" step="1"/><E46/><REACH who="1" ten="411,257,105,217" step="2"/><V116/><F116/><W78/><G47/><T53/><D102/><U15/><E15/><V83/><F83/><W97/><G123/><T40/><D122/><U20/><E20/><V16/><AGARI ba="1,1" hai="10,14,16,22,26,30,41,42,43,45,49,51,54,56" machi="16" ten="20,12000,2" yaku="0,1,7,1,8,1,52,3,54,1" doraHai="36" who="2" fromWho="2" sc="411,-61,257,-31,105,133,217,-31" /><INIT seed="5,0,0,5,4,29" ten="350,226,238,186" oya="1" hai0="133,119,85,108,128,60,81,52,101,103,134,45,75" hai1="78,46,92,51,64,115,122,5,12,21,43,16,57" hai2="113,68,106,25,2,67,90,63,116,27,10,56,66" hai3="65,91,41,98,19,73,1,79,7,102,83,117,15"/><U24/><E122/><V8/><F116/><W69/><G117/><T17/><D75/><U77/><E115/><V72/><F72/><W26/><G41/><T6/><D108/><U31/><E92/><V34/><F113/><W22/><G65/><T54/><D6/><U48/><E5/><V4/><F106/><W20/><G69/><T88/><D119/><U107/><E107/><V132/><F132/><N who="0" m="50794" /><D128/><U74/><E74/><V61/><F34/><W97/><G91/><T129/><D129/><U23/><REACH who="1" step="1"/><E48/><REACH who="1" ten="350,216,238,186" step="2"/><V36/><F4/><W109/><G109/><T86/><D81/><U38/><E38/><V118/><F36/><W9/><G102/><T80/><D80/><U110/><E110/><V55/><F118/><W62/><G62/><AGARI ba="0,1" hai="12,16,21,23,24,31,43,46,51,57,62,64,77,78" machi="62" ten="40,12000,1" yaku="1,1,8,1,54,1,53,1" doraHai="29" doraHaiUra="44" who="1" fromWho="3" sc="350,0,216,130,238,0,186,-120" /><INIT seed="5,1,0,0,2,25" ten="350,346,238,66" oya="1" hai0="16,17,12,66,33,78,23,106,124,133,87,47,100" hai1="9,102,49,4,2,132,56,14,113,80,129,131,46" hai2="52,19,61,85,89,53,64,101,90,98,29,71,15" hai3="127,99,88,67,50,77,1,24,0,45,3,37,60"/><U104/><E113/><V32/><F89/><W75/><G127/><T44/><D33/><U111/><E132/><V119/><F119/><W39/><G75/><T20/><D124/><U42/><E111/><V91/><F90/><W55/><G77/><T34/><D34/><U73/><E56/><V97/><F98/><W86/><G99/><T48/><D133/><U112/><E112/><V110/><F110/><W72/><G72/><T115/><D115/><U8/><E102/><V93/><F32/><W65/><G24/><T62/><D48/><U118/><E118/><V103/><F103/><W126/><G126/><T63/><D106/><U74/><E104/><V41/><F29/><W134/><G134/><T70/><D63/><U35/><E35/><V107/><REACH who="2" step="1"/><F41/><REACH who="2" ten="350,346,228,66" step="2"/><W105/><G105/><T7/><D100/><U26/><E42/><V30/><F30/><W28/><G28/><T11/><D78/><U43/><E43/><V92/><F92/><W114/><G114/><T109/><D109/><U68/><E129/><V51/><F51/><W6/><G6/><T58/><D7/><U95/><E49/><V121/><F121/><W40/><G40/><T120/><D120/><U122/><E95/><V27/><F27/><W130/><G130/><T57/><D17/><U22/><E26/><V21/><AGARI ba="1,1" hai="15,19,21,52,53,61,64,71,85,91,93,97,101,107" machi="21" ten="20,8000,1" yaku="1,1,0,1,7,1,54,1,53,1" doraHai="25" doraHaiUra="10" who="2" fromWho="2" sc="350,-21,346,-41,228,93,66,-21" /><INIT seed="6,0,0,4,3,26" ten="329,305,321,45" oya="2" hai0="89,55,50,123,131,65,61,67,108,19,91,133,56" hai1="20,71,126,35,25,87,128,104,122,46,9,82,34" hai2="88,18,40,114,27,11,30,69,94,134,38,130,64" hai3="109,66,98,3,90,54,80,124,97,119,15,135,118"/><V48/><F134/><W85/><G3/><T51/><D108/><U45/><E104/><V32/><F130/><W41/><G41/><T4/><D123/><U17/><E128/><V86/><F114/><W43/><G43/><T8/><D133/><U37/><E71/><V77/><F38/><W116/><G66/><T113/><D131/><U42/><E122/><V49/><F40/><W58/><G135/><T21/><D113/><U13/><E126/><V75/><F69/><W24/><G109/><T53/><D8/><U115/><E45/><V70/><F64/><N who="0" m="24650" /><D4/><U74/><E74/><V95/><F95/><W129/><G129/><T39/><D39/><U59/><E59/><V72/><F70/><W79/><G124/><T107/><D107/><U1/><E1/><V47/><F47/><W99/><G15/><N who="0" m="9471" /><D51/><U73/><E73/><V62/><F62/><W60/><REACH who="3" step="1"/><G24/><REACH who="3" ten="329,305,321,35" step="2"/><T14/><D14/><U12/><E13/><V57/><F75/><W78/><AGARI ba="0,1" hai="54,58,60,78,79,80,85,90,97,98,99,116,118,119" machi="78" ten="40,8000,1" yaku="1,1,2,1,0,1,53,1" doraHai="26" doraHaiUra="76" who="3" fromWho="3" sc="329,-20,305,-20,321,-40,35,90" /><INIT seed="7,0,0,3,5,48" ten="309,285,281,125" oya="3" hai0="128,77,56,89,23,135,26,1,72,104,53,122,11" hai1="38,40,5,15,25,39,47,67,74,117,75,70,50" hai2="88,63,13,41,68,32,109,126,125,52,55,20,114" hai3="51,18,90,14,61,101,107,84,102,110,69,36,118"/><W79/><G36/><T82/><D104/><U45/><E117/><V120/><F32/><W91/><G118/><T94/><D122/><U111/><E111/><V93/><F109/><W127/><G110/><T80/><D128/><U121/><E121/><V116/><F120/><W131/><G131/><T16/><D135/><U7/><E25/><V134/><F116/><W21/><G107/><T76/><D11/><U62/><E15/><V95/><F134/><W96/><G69/><T54/><D1/><U3/><E3/><V105/><F105/><W17/><G79/><N who="0" m="30283" /><D72/><U86/><E86/><V30/><F41/><W97/><G127/><N who="2" m="48649" /><F95/><W119/><G119/><T8/><D8/><U124/><E124/><V129/><F129/><W29/><G29/><T123/><D123/><U59/><E70/><V132/><F132/><W44/><G61/><N who="0" m="35983" /><D54/><N who="2" m="20522" /><F114/><W34/><G34/><T28/><D28/><U37/><REACH who="1" step="1"/><E45/><REACH who="1" ten="309,275,281,125" step="2"/><V35/><F35/><W71/><G71/><T12/><D26/><U108/><E108/><V66/><F30/><W87/><G44/><T33/><D33/><U57/><E57/><V60/><F13/><W130/><G130/><T92/><D82/><U106/><E106/><V6/><F60/><W113/><G14/><T46/><D46/><U27/><E27/><V49/><F6/><AGARI ba="0,1" hai="5,6,7,37,38,39,40,47,50,59,62,67,74,75" machi="6" ten="40,1300,0" yaku="1,1,53,0" doraHai="48" doraHaiUra="10" who="1" fromWho="2" sc="309,0,275,23,281,-13,125,0" owari="309,40.0,298,10.0,268,-13.0,125,-37.0" /></mjloggm>