<mjloggm ver="2.3"><GO type="169" lobby="0"/><UN n0="%E3%81%AF%E3%81%9F%E3%81%95%E3%82%93" n1="%E6%84%9B%E5%86%85%E9%87%8C%E8%8F%9C" n2="%E3%82%A6%E3%83%AB%E3%83%88%E3%83%A9%E7%AB%8B%E7%9B%B4" n3="%E3%81%B4%E3%81%93%E3%82%8A%E3%82%93%4F%5A" dan="16,16,18,16" rate="2183.44,2021.86,2245.03,2179.03" sx="M,F,M,M"/><TAIKYOKU oya="0"/><INIT seed="0,0,0,5,0,50" ten="250,250,250,250" oya="0" hai0="111,8,65,38,27,18,41,91,90,22,122,25,60" hai1="10,58,11,87,52,101,2,76,127,85,13,109,110" hai2="44,68,72,70,42,35,14,71,97,5,100,131,16" hai3="118,126,113,6,32,119,28,88,19,1,98,117,81"/><T63/><D122/><U56/><E127/><V37/><F35/><W114/><G126/><T45/><D111/><N who="1" m="42507" /><E101/><V73/><F5/><W83/><G19/><T49/><D38/><U17/><E58/><V40/><F40/><W94/><G28/><T115/><D115/><N who="3" m="44041" /><G6/><T103/><D103/><U0/><E11/><V36/><F36/><W112/><G1/><N who="1" m="618" /><E76/><V9/><REACH who="2" step="1"/><F131/><REACH who="2" ten="250,250,240,250" step="2"/><W133/><G32/><T116/><D116/><U99/><E99/><V67/><F67/><W74/><G112/><T62/><D65/><U89/><E89/><V3/><F3/><W77/><G133/><T69/><D69/><U105/><E105/><AGARI ba="0,1" hai="9,14,16,37,42,44,68,70,71,72,73,97,100,105" machi="105" ten="40,2600,0" yaku="1,1,54,1,53,0" doraHai="50" doraHaiUra="132" who="2" fromWho="1" sc="250,0,250,-26,240,36,250,0" /><INIT seed="1,0,0,1,2,108" ten="250,224,276,250" oya="1" hai0="6,54,16,97,3,74,123,51,73,125,85,66,4" hai1="96,101,111,94,39,31,10,18,122,43,113,95,124" hai2="15,60,44,41,68,130,77,115,114,37,1,79,59" hai3="80,9,35,81,100,17,36,40,53,13,12,64,27"/><U90/><E122/><V7/><F1/><W5/><G64/><T131/><D123/><U24/><E124/><V50/><F130/><W8/><G100/><T91/><D125/><U26/><E111/><V89/><F89/><W67/><G67/><T129/><D66/><U110/><E110/><V58/><F37/><W22/><G35/><T20/><D97/><U56/><E113/><N who="2" m="43019" /><F68/><W65/><G65/><T47/><D74/><U127/><E127/><V25/><F25/><W49/><G40/><T121/><D73/><U132/><E132/><V63/><F59/><W109/><G36/><T88/><D121/><U135/><E135/><V72/><F72/><W98/><G98/><T52/><D91/><U45/><E56/><V105/><F105/><W78/><G78/><N who="2" m="29705" /><F58/><N who="3" m="33071" /><G109/><T71/><D71/><U75/><E75/><V99/><F99/><W19/><AGARI ba="0,0" hai="5,8,9,12,13,17,19,22,27,80,81" m="33071" machi="19" ten="30,1100,0" yaku="8,1" doraHai="108" who="3" fromWho="3" sc="250,-3,224,-5,276,-3,250,11" /><INIT seed="2,0,0,4,4,62" ten="247,219,273,261" oya="2" hai0="103,90,2,82,91,118,112,18,130,7,52,81,121" hai1="22,40,50,67,100,45,65,83,16,61,93,25,127" hai2="122,133,17,104,44,6,128,23,42,129,13,89,30" hai3="85,36,120,132,55,32,71,102,131,115,41,98,116"/><V75/><F104/><W34/><G55/><T19/><D112/><U113/><E113/><V11/><F75/><W10/><G85/><T59/><D118/><U119/><E119/><V70/><F70/><W114/><G116/><T60/><D121/><U3/><E3/><V8/><F89/><N who="0" m="33802" /><D2/><U38/><E127/><V126/><F122/><W105/><G120/><T4/><D103/><U117/><E117/><V74/><F74/><W95/><G95/><T26/><D130/><N who="2" m="50282" /><F126/><W48/><G131/><T79/><D79/><U135/><E135/><V56/><F56/><W31/><G132/><T77/><D77/><U101/><E38/><N who="2" m="21591" /><F133/><W46/><G71/><T49/><D7/><U39/><E39/><V124/><F124/><W47/><G114/><T57/><D4/><U88/><E83/><N who="0" m="31753" /><D26/><U96/><E67/><AGARI ba="0,0" hai="18,19,49,52,57,59,60,67" m="31753,33802" machi="67" ten="30,3900,0" yaku="8,1,52,1,54,1" doraHai="62" who="0" fromWho="1" sc="247,39,219,-39,273,0,261,0" /><INIT seed="3,0,0,5,3,55" ten="286,180,273,261" oya="3" hai0="117,68,97,40,99,74,17,35,65,63,120,19,93" hai1="81,13,22,2,5,1,24,0,98,27,106,75,69" hai2="18,113,72,9,79,58,39,61,95,123,84,126,28" hai3="41,53,127,42,116,129,135,51,6,125,43,34,108"/><W112/><G34/><T32/><D74/><U16/><E69/><V94/><F39/><W110/><G6/><T130/><D117/><U73/><E81/><N who="2" m="47167" /><F72/><W122/><G116/><T70/><D40/><U103/><REACH who="1" step="1"/><E27/><REACH who="1" ten="286,170,273,261" step="2"/><V109/><F113/><W131/><G112/><T104/><D120/><U29/><E29/><V3/><F28/><W105/><G122/><T66/><D130/><N who="3" m="49673" /><G105/><T48/><D104/><U54/><E54/><V50/><F123/><W101/><G101/><T46/><D70/><U49/><E49/><V25/><F50/><W71/><G71/><T44/><D65/><U133/><E133/><V119/><F119/><W102/><G102/><T77/><D66/><U107/><E107/><V11/><F95/><W67/><G67/><T132/><D68/><U7/><E7/><V62/><F94/><W8/><G135/><T60/><D93/><U100/><E100/><V87/><F25/><W31/><G31/><T114/><D132/><U47/><E47/><V78/><F18/><W15/><G53/><T82/><D114/><U89/><E89/><V96/><F78/><W57/><G51/><T56/><D48/><U128/><E128/><V38/><F38/><W111/><G57/><T52/><D77/><U85/><E85/><V118/><F87/><W124/><G42/><T121/><D121/><U36/><E36/><V90/><F58/><W37/><G37/><T33/><D82/><U14/><E14/><V20/><F118/><W64/><G64/><T83/><D83/><U30/><E30/><V26/><F26/><W92/><G92/><T134/><D134/><RYUUKYOKU ba="0,1" sc="286,-15,170,15,273,-15,261,15" hai1="0,1,2,5,13,16,22,24,73,75,98,103,106" hai3="8,15,41,43,108,110,111,124,125,127" /><INIT seed="3,1,1,4,0,33" ten="271,185,258,276" oya="3" hai0="101,121,91,124,48,132,103,34,14,1,117,97,8" hai1="96,109,80,60,74,116,54,72,126,82,67,21,99" hai2="92,43,114,125,13,23,46,56,12,27,2,95,51" hai3="89,47,119,130,134,75,66,44,90,24,127,26,28"/><W128/><G119/><T10/><D117/><U68/><E116/><V81/><F2/><W19/><G75/><T105/><D121/><U112/><E112/><V100/><F125/><W45/><G66/><T78/><D124/><U41/><E126/><V88/><F114/><W25/><G127/><T86/><D132/><U73/><E109/><V62/><F81/><W55/><G55/><T123/><D123/><U29/><E41/><V83/><F83/><W61/><G61/><T131/><D131/><N who="3" m="50217" /><G19/><T93/><D34/><U6/><E6/><V17/><F100/><W20/><G134/><T65/><D65/><U36/><E36/><V15/><REACH who="2" step="1"/><F88/><AGARI ba="1,1" hai="20,24,25,26,28,44,45,47,88,89,90" m="50217" machi="88" ten="30,2900,0" yaku="19,1,54,1" doraHai="33" who="3" fromWho="2" sc="271,0,185,0,258,-32,276,42" /><INIT seed="3,2,0,5,0,9" ten="271,185,226,318" oya="3" hai0="52,42,127,3,65,69,98,34,53,109,96,16,94" hai1="2,33,21,115,40,47,62,49,63,95,67,121,78" hai2="111,25,82,46,117,20,80,89,51,72,105,41,134" hai3="125,38,131,35,15,129,5,54,113,11,85,97,4"/><W84/><G38/><T90/><D3/><U24/><E121/><V68/><F117/><W19/><G113/><T75/><D75/><U123/><E123/><V99/><F111/><W44/><G35/><T124/><D34/><U14/><E2/><V61/><F134/><W32/><G32/><T74/><D74/><U86/><E33/><V88/><F72/><W81/><G97/><T8/><D42/><U22/><E115/><V31/><F105/><W48/><G85/><T102/><D109/><U92/><E78/><V83/><REACH who="2" step="1"/><F99/><REACH who="2" ten="271,185,216,318" step="2"/><W130/><REACH who="3" step="1"/><G125/><REACH who="3" ten="271,185,216,308" step="2"/><N who="0" m="48203" /><D98/><U79/><E86/><V104/><F104/><W39/><G39/><T43/><D102/><U110/><E110/><V108/><F108/><W59/><G59/><T45/><D69/><U13/><E47/><V118/><F118/><W116/><G116/><T55/><D45/><U28/><E95/><V1/><F1/><W7/><G7/><T87/><D96/><U101/><E92/><V10/><F10/><W120/><G120/><T93/><D94/><U17/><E101/><V126/><F126/><W58/><G58/><T106/><D106/><U30/><E21/><V135/><F135/><W71/><G71/><T133/><D133/><U57/><E22/><V29/><F29/><W0/><G0/><T76/><D93/><U23/><E28/><V6/><F6/><W56/><G56/><T37/><D37/><U12/><E30/><V26/><F26/><W114/><G114/><T91/><D8/><U128/><E57/><V132/><F132/><W64/><G64/><AGARI ba="2,2" hai="20,25,31,41,46,51,61,64,68,80,82,83,88,89" machi="64" ten="40,2600,0" yaku="1,1,54,1,53,0" doraHai="9" doraHaiUra="70" who="2" fromWho="3" sc="271,0,185,0,216,52,308,-32" /><INIT seed="4,0,0,5,1,93" ten="271,185,268,276" oya="0" hai0="41,63,57,11,102,51,48,110,16,25,8,58,7" hai1="33,70,84,68,98,12,40,64,87,21,31,85,52" hai2="24,54,130,106,34,121,96,23,35,134,94,91,56" hai3="88,2,129,118,17,55,22,61,36,101,1,122,75"/><T67/><D110/><U19/><E40/><V127/><F121/><W18/><G118/><T62/><D102/><U116/><E116/><V104/><F130/><W78/><G36/><T30/><D30/><U39/><E39/><V0/><F0/><W107/><G18/><T111/><D111/><U105/><E64/><V27/><F127/><W123/><G129/><T99/><D99/><U117/><E117/><V26/><F134/><W108/><G108/><T45/><D51/><U82/><E82/><V4/><F4/><W86/><G78/><T113/><D113/><U10/><E33/><V81/><F81/><W50/><G61/><T14/><D25/><U60/><E31/><V44/><F44/><W124/><G75/><T49/><D49/><U83/><E83/><V29/><F27/><W114/><G114/><T103/><D103/><U28/><E28/><V77/><F77/><W74/><G74/><T69/><REACH who="0" step="1"/><D63/><REACH who="0" ten="261,185,268,276" step="2"/><U37/><E37/><V132/><F35/><W5/><G123/><T79/><D79/><U76/><E76/><V135/><F26/><W125/><G122/><T92/><D92/><U100/><REACH who="1" step="1"/><E21/><REACH who="1" ten="261,175,268,276" step="2"/><V42/><F34/><W73/><G22/><T72/><D72/><U115/><E115/><V128/><F128/><W119/><G73/><T90/><D90/><U9/><E9/><V38/><F135/><W6/><G119/><T131/><D131/><U71/><E71/><V15/><F132/><W47/><G88/><T133/><D133/><U32/><E32/><N who="2" m="20519" /><F38/><W59/><G101/><T80/><D80/><U112/><E112/><V89/><F89/><RYUUKYOKU ba="0,2" sc="261,15,175,15,268,-15,276,-15" hai0="7,8,11,14,16,41,45,48,57,58,62,67,69" hai1="10,12,19,52,60,68,70,84,85,87,98,100,105" /><INIT seed="4,1,2,2,1,23" ten="276,190,253,261" oya="0" hai0="12,134,36,83,86,65,33,43,124,38,93,75,72" hai1="112,55,96,18,111,133,63,67,17,98,40,97,64" hai2="28,57,118,119,88,5,27,117,130,120,54,52,7" hai3="87,8,78,135,121,80,37,34,20,129,15,73,132"/><T24/><D65/><N who="1" m="25163" /><E111/><V95/><F130/><W50/><G37/><T14/><D93/><U44/><E133/><N who="3" m="51274" /><G34/><T125/><D134/><U103/><E103/><V22/><F120/><W25/><G121/><T6/><D6/><N who="2" m="2058" /><F57/><W59/><G129/><T71/><D71/><U123/><E123/><V29/><F29/><N who="3" m="17575" /><G59/><T108/><D108/><U68/><E68/><V89/><F89/><W3/><G50/><T32/><D86/><AGARI ba="1,2" hai="22,27,28,52,54,86,88,95,117,118,119" m="2058" machi="86" ten="30,7700,0" yaku="12,1,52,1,54,2" doraHai="23" who="2" fromWho="0" sc="276,-80,190,0,253,100,261,0" /><INIT seed="5,0,0,3,0,86" ten="196,190,353,261" oya="1" hai0="119,107,85,25,106,28,44,76,98,56,128,30,62" hai1="108,18,33,94,20,116,34,1,132,73,122,31,48" hai2="75,21,12,68,32,3,121,114,15,49,90,0,135" hai3="111,88,19,97,54,99,112,57,35,110,72,82,77"/><U6/><E73/><V126/><F68/><W42/><G35/><T70/><D128/><U64/><E64/><V17/><F32/><W123/><G42/><T14/><D119/><U27/><E116/><V53/><F75/><W69/><G69/><T16/><D70/><U26/><E122/><V5/><F121/><W65/><G65/><T93/><D44/><U117/><E117/><V7/><F126/><W84/><G123/><T67/><D76/><U59/><E132/><V2/><F114/><W47/><G47/><T124/><D85/><U115/><E115/><V101/><F101/><W125/><G112/><T87/><D87/><U79/><E79/><V50/><F90/><W118/><G118/><T9/><D124/><U102/><E108/><V127/><F127/><W92/><G125/><T52/><D67/><U74/><E74/><V29/><F50/><W23/><G110/><T10/><D10/><N who="1" m="2383" /><E34/><V131/><F131/><W95/><G95/><T43/><D43/><U41/><E41/><V38/><F135/><W96/><G111/><T83/><D83/><U4/><E4/><N who="2" m="1611" /><F49/><N who="3" m="30927" /><G72/><T71/><D71/><U51/><E59/><V113/><F53/><W89/><G77/><T104/><REACH who="0" step="1"/><D25/><AGARI ba="0,0" hai="19,23,25,82,84,88,89,92,96,97,99" m="30927" machi="25" ten="30,7700,0" yaku="8,1,52,2,54,1" doraHai="86" who="3" fromWho="0" sc="196,-77,190,0,353,0,261,77" /><INIT seed="6,0,0,1,2,115" ten="119,190,353,338" oya="2" hai0="1,79,76,83,45,123,113,4,118,93,38,15,119" hai1="27,121,132,69,10,25,66,34,116,50,90,33,54" hai2="24,101,82,49,112,35,62,105,2,0,108,8,92" hai3="28,131,80,103,127,59,46,96,74,64,85,40,56"/><V37/><F92/><W57/><G74/><T111/><D111/><U73/><E73/><V43/><F49/><W87/><G131/><T88/><D123/><U94/><E121/><V52/><F52/><W58/><G127/><T99/><D113/><U31/><E132/><V126/><F112/><W14/><G28/><T19/><D4/><U97/><E116/><N who="0" m="44585" /><D1/><U95/><E10/><V102/><F102/><W20/><G59/><T55/><D83/><U84/><E27/><V47/><F82/><W26/><G14/><T100/><D100/><U106/><E106/><V23/><F105/><W60/><G46/><T13/><D13/><U110/><E110/><V122/><F101/><W91/><G40/><N who="0" m="22679" /><D55/><U11/><E54/><V109/><F122/><W125/><G125/><T124/><D124/><U117/><E117/><V16/><F126/><W32/><G57/><T107/><D107/><U133/><E94/><V75/><F109/><W61/><G58/><T41/><D41/><U18/><E95/><V129/><F108/><W130/><G56/><T12/><D12/><U30/><E133/><V9/><F0/><W44/><G44/><T98/><D98/><U29/><E97/><V68/><F2/><W22/><G96/><T128/><D128/><U120/><E120/><V42/><F129/><W135/><G130/><T48/><D48/><U104/><E50/><V81/><F43/><W71/><G103/><T53/><D53/><U89/><E104/><V77/><F42/><W63/><G135/><T7/><D7/><U86/><E25/><V5/><F24/><W21/><G85/><RYUUKYOKU ba="0,0" sc="119,15,190,-15,353,-15,338,15" hai0="15,19,76,79,88,93,99" hai3="20,21,22,26,32,60,61,63,64,71,80,87,91" /><INIT seed="7,1,0,4,5,101" ten="134,175,338,353" oya="3" hai0="3,133,128,15,4,68,72,39,40,25,66,38,127" hai1="100,8,126,112,116,117,60,31,119,131,26,94,84" hai2="9,23,132,105,106,91,122,18,11,123,109,59,97" hai3="114,12,55,21,30,63,46,81,89,129,57,82,85"/><W22/><G114/><T54/><D15/><U71/><E112/><V6/><F109/><W83/><G129/><T10/><D128/><U36/><E131/><V120/><F132/><W33/><G33/><T113/><D127/><U28/><E126/><V52/><F91/><W96/><G96/><T7/><D113/><U19/><E36/><V58/><F97/><W16/><G46/><T67/><D133/><U104/><E104/><N who="2" m="40043" /><F6/><W20/><G30/><N who="1" m="11306" /><E100/><V62/><F59/><W88/><G89/><T44/><D25/><AGARI ba="1,0" hai="9,11,18,23,25,52,58,62,120,122,123" m="40043" machi="25" ten="40,8000,1" yaku="13,1,52,3,54,1" doraHai="101" who="2" fromWho="0" sc="134,-83,175,0,338,83,353,0" owari="51,-45.0,175,-22.0,421,52.0,353,15.0" /></mjloggm>