<mjloggm ver="2.3"><GO type="169" lobby="0"/><UN n0="%E3%83%88%E3%83%88%E3%83%AA%E5%85%88%E7%94%9F%31%39%E6%AD%B3" n1="%E3%81%BE%E3%82%8B%E3%81%A8%E3%83%BC" n2="%48%45%41%44" n3="%E5%A4%8F%E8%94%AD" dan="19,16,16,16" rate="2325.55,2145.86,2123.57,2065.12" sx="F,M,M,M"/><TAIKYOKU oya="0"/><INIT seed="0,0,0,5,0,33" ten="250,250,250,250" oya="0" hai0="118,131,16,103,84,40,96,134,34,65,117,54,30" hai1="116,3,48,121,26,17,55,41,123,68,5,81,49" hai2="10,25,86,42,74,120,58,125,80,97,22,122,101" hai3="32,113,35,36,94,44,20,98,114,51,59,90,50"/><T124/><D131/><U66/><E116/><V70/><F70/><W83/><G36/><T2/><D134/><U99/><E41/><V82/><F74/><W106/><G106/><T100/><D124/><U126/><E48/><V60/><F125/><W102/><G20/><T130/><D130/><U127/><E81/><V110/><F42/><W89/><G59/><T119/><D2/><U52/><E99/><V28/><F110/><W88/><G83/><T1/><D1/><U135/><E135/><V132/><F10/><W9/><G50/><T77/><D65/><U63/><E55/><V108/><F108/><W79/><G79/><T72/><D72/><U91/><E91/><V104/><F132/><W6/><G113/><T64/><D64/><U46/><E127/><V27/><F27/><W39/><G39/><T115/><D115/><U12/><E126/><V61/><F80/><W105/><G105/><T18/><D84/><U95/><E95/><V45/><F45/><W38/><G38/><T15/><D77/><U11/><E26/><V112/><F60/><W133/><G133/><T57/><D40/><U56/><E68/><V53/><REACH who="2" step="1"/><F112/><REACH who="2" ten="250,250,240,250" step="2"/><W109/><G109/><T31/><D118/><U128/><E128/><V93/><F93/><W7/><G114/><T4/><D119/><U87/><E87/><V29/><F29/><W69/><G69/><T73/><D117/><U111/><E111/><V13/><F13/><W67/><G94/><T47/><D73/><U19/><E12/><V62/><F62/><W129/><G44/><T23/><D47/><U107/><E107/><RYUUKYOKU ba="0,1" sc="250,-15,250,15,240,15,250,-15" hai1="3,5,11,17,19,46,49,52,56,63,66,121,123" hai2="22,25,28,53,58,61,82,86,97,101,104,120,122" /><INIT seed="1,1,1,3,1,55" ten="235,265,255,235" oya="1" hai0="37,116,107,62,2,96,94,47,129,56,40,114,12" hai1="3,92,35,132,23,104,42,124,71,121,24,108,51" hai2="82,130,90,84,112,131,105,79,115,98,77,14,29" hai3="95,22,73,117,78,25,68,15,34,6,126,1,46"/><U5/><E121/><V30/><F14/><W48/><G68/><T102/><D114/><N who="2" m="43562" /><F29/><W26/><G117/><T86/><D116/><U21/><E104/><V45/><F45/><W75/><G126/><T122/><D2/><U65/><E71/><V76/><F30/><W33/><G33/><T18/><D129/><N who="2" m="49162" /><F105/><W27/><G27/><T9/><D122/><U38/><E35/><V134/><F134/><W20/><G15/><T28/><D28/><U67/><E132/><V11/><F11/><W119/><G46/><T103/><D107/><U88/><E3/><V118/><F118/><W31/><G119/><T125/><D125/><U101/><E5/><V111/><F111/><W74/><G31/><T39/><D39/><U61/><E38/><V120/><F120/><W59/><G34/><T69/><D69/><U123/><E123/><V41/><F41/><W127/><G1/><T89/><REACH who="0" step="1"/><D96/><AGARI ba="1,1" hai="76,77,79,82,84,90,96,98" m="49162,43562" machi="96" ten="40,8000,1" yaku="11,1,19,1,34,2" doraHai="55" who="2" fromWho="0" sc="235,-83,265,0,255,93,235,0" /><INIT seed="2,0,0,5,2,118" ten="152,265,348,235" oya="2" hai0="27,74,30,113,135,68,106,31,52,75,55,20,43" hai1="92,64,6,66,14,130,35,34,88,59,79,47,38" hai2="72,107,56,11,45,8,50,5,73,0,120,109,36" hai3="46,122,89,124,28,101,70,65,83,25,10,61,81"/><V63/><F36/><W22/><G124/><T60/><D113/><U105/><E105/><V86/><F107/><W82/><G101/><T77/><D106/><U102/><E102/><V16/><F120/><W78/><G46/><T2/><D2/><U37/><E79/><V133/><F133/><W129/><G129/><T69/><D135/><U119/><E119/><V29/><F29/><W49/><G49/><T62/><D77/><U48/><E38/><V93/><F109/><W127/><G127/><T41/><D20/><U57/><E37/><V99/><F86/><W26/><G89/><T3/><D3/><U12/><E35/><V100/><F8/><W98/><G98/><T108/><REACH who="0" step="1"/><D27/><REACH who="0" ten="142,265,348,235" step="2"/><U9/><E34/><V18/><F72/><W128/><G78/><T44/><D44/><U42/><E130/><V134/><F73/><W94/><G128/><T117/><D117/><U97/><E14/><V80/><F134/><W111/><G25/><T32/><D32/><U123/><E123/><V15/><F0/><W19/><G122/><T58/><D58/><AGARI ba="0,1" hai="6,9,12,42,47,48,57,58,59,64,66,88,92,97" machi="58" ten="40,2600,0" yaku="8,1,54,1" doraHai="118" who="1" fromWho="0" sc="142,-26,265,36,348,0,235,0" /><INIT seed="3,0,0,0,1,110" ten="116,301,348,235" oya="3" hai0="78,51,117,96,11,75,127,61,20,103,2,42,65" hai1="85,130,77,72,36,56,107,76,102,57,73,10,8" hai2="9,88,13,60,17,47,123,25,104,93,92,98,89" hai3="86,124,108,97,105,22,112,120,71,67,91,114,121"/><W101/><G101/><T31/><D117/><U15/><E36/><V126/><F104/><W113/><G22/><T99/><D127/><U16/><E107/><V66/><F126/><W29/><G29/><T43/><D51/><U63/><E130/><V68/><F47/><W5/><G124/><T95/><D96/><U28/><E28/><V19/><F25/><W44/><G5/><T38/><D38/><U118/><E118/><V18/><F123/><W69/><G44/><T41/><D75/><U100/><E85/><AGARI ba="0,0" hai="9,13,17,18,19,60,66,68,85,88,89,92,93,98" machi="85" ten="30,2000,0" yaku="7,1,54,1" doraHai="110" who="2" fromWho="1" sc="116,0,301,-20,348,20,235,0" /><INIT seed="4,0,0,0,4,19" ten="116,281,368,235" oya="0" hai0="84,130,86,26,119,75,2,22,94,23,79,100,4" hai1="44,105,107,126,45,69,77,121,88,47,83,128,125" hai2="49,37,135,13,58,39,87,52,104,114,101,117,120" hai3="80,8,63,82,97,31,92,32,116,10,56,95,59"/><T38/><D119/><U12/><E121/><V106/><F120/><W78/><G116/><T48/><D38/><U60/><E128/><V34/><F117/><W110/><G110/><T55/><D130/><U51/><E51/><V25/><F106/><W70/><G70/><T133/><D133/><U42/><E42/><V127/><F127/><N who="1" m="48649" /><E77/><V64/><F64/><W57/><G63/><T134/><D134/><U96/><E12/><V61/><F101/><W0/><G0/><T89/><D75/><U27/><E27/><V76/><F104/><N who="1" m="40009" /><E60/><V123/><F13/><W6/><G6/><T93/><D26/><U53/><E53/><V46/><F76/><W68/><G68/><T54/><D54/><U41/><E69/><V1/><F1/><W102/><G57/><T5/><D79/><U7/><E7/><N who="0" m="2633" /><D2/><U18/><E18/><V71/><F52/><W43/><G78/><T113/><D113/><U122/><E122/><V65/><F25/><W40/><G32/><T129/><D129/><U111/><E111/><V67/><F34/><W35/><G35/><T103/><D103/><U98/><E41/><V16/><F37/><W115/><G102/><T118/><D118/><U112/><E112/><V11/><F39/><W29/><G115/><T74/><D74/><U131/><E131/><V20/><F114/><W21/><G21/><T90/><D100/><U99/><E83/><V109/><F20/><W30/><G30/><T3/><D3/><U50/><E50/><V15/><F109/><W72/><G72/><T62/><D62/><U81/><E81/><V28/><F135/><RYUUKYOKU ba="0,0" sc="116,10,281,10,368,-30,235,10" hai0="22,23,48,55,84,86,89,90,93,94" hai1="44,45,47,88,96,98,99" hai3="8,10,29,31,40,43,56,59,80,82,92,95,97" /><INIT seed="4,1,0,0,4,47" ten="126,291,338,245" oya="0" hai0="71,52,132,121,59,94,77,1,131,100,119,122,97" hai1="45,14,42,53,46,106,8,135,74,113,2,38,111" hai2="126,133,107,30,82,69,60,91,123,66,95,57,0" hai3="109,85,129,114,130,83,19,23,51,103,32,68,96"/><T67/><D119/><U108/><E106/><V99/><F107/><W63/><G32/><T78/><D1/><U34/><E34/><V12/><F123/><W88/><G114/><T117/><D117/><U62/><E74/><V80/><F0/><W61/><G109/><T16/><D131/><N who="3" m="50185" /><G68/><T87/><D132/><U128/><E2/><V65/><F30/><W55/><G23/><T39/><D39/><U17/><E128/><V84/><F126/><W28/><G28/><T90/><D67/><U93/><E135/><V116/><F116/><W31/><G31/><T22/><D71/><U101/><E113/><V49/><F133/><W105/><G19/><T7/><D7/><U134/><E134/><V50/><F82/><W92/><G105/><T29/><D29/><U64/><E101/><V75/><F75/><W4/><G4/><T115/><D115/><U79/><E93/><V76/><F69/><W58/><AGARI ba="1,0" hai="51,55,58,61,63,83,85,88,92,96,103" m="50185" machi="58" ten="30,4000,0" yaku="19,1,52,1,54,1" doraHai="47" who="3" fromWho="3" sc="126,-21,291,-11,338,-11,245,43" /><INIT seed="5,0,0,5,4,58" ten="105,280,327,288" oya="1" hai0="104,20,47,101,55,60,92,78,89,35,113,25,119" hai1="17,133,37,74,79,3,62,118,83,90,108,69,97" hai2="7,71,100,121,51,53,99,56,27,114,77,4,6" hai3="28,72,46,84,13,94,61,22,91,59,31,32,10"/><U42/><E118/><V120/><F77/><W130/><G32/><T18/><D119/><U96/><E3/><V125/><F71/><W127/><G72/><T128/><D113/><U76/><E133/><V33/><F114/><W87/><G130/><T2/><D128/><U131/><E131/><V57/><F125/><W64/><G127/><T21/><D2/><U88/><E108/><V103/><F103/><W67/><G67/><T102/><D104/><U75/><E37/><V29/><REACH who="2" step="1"/><F57/><REACH who="2" ten="105,280,317,288" step="2"/><W109/><G59/><N who="0" m="34943" /><D78/><U8/><E69/><V129/><F129/><W98/><G91/><T124/><D124/><U5/><E75/><V115/><F115/><W123/><G123/><T81/><D35/><U105/><E79/><V36/><F36/><W23/><G109/><T52/><D81/><U86/><E90/><V110/><F110/><W116/><G116/><T63/><D20/><U66/><E83/><V50/><F50/><W0/><G23/><T54/><D63/><U45/><E76/><V65/><F65/><W34/><G22/><T24/><D24/><U16/><E74/><V1/><F1/><W39/><G34/><T19/><D102/><U12/><E66/><V49/><F49/><W40/><G0/><T134/><D101/><U38/><E62/><V26/><F26/><W106/><G61/><T107/><D134/><U85/><E88/><V122/><F122/><W9/><G64/><T41/><D107/><AGARI ba="0,1" hai="4,6,7,27,29,33,51,53,56,99,100,107,120,121" machi="107" ten="40,1300,0" yaku="1,1,53,0" doraHai="58" doraHaiUra="135" who="2" fromWho="0" sc="105,-13,280,0,317,23,288,0" /><INIT seed="6,0,0,0,5,47" ten="92,280,340,288" oya="2" hai0="60,102,105,108,50,42,9,123,45,128,24,132,112" hai1="3,17,25,114,62,21,36,82,127,99,28,73,135" hai2="38,11,27,130,122,113,111,53,133,32,75,23,116" hai3="115,68,85,74,126,0,104,51,41,95,61,39,125"/><V40/><RYUUKYOKU type="yao9" ba="0,0" sc="92,0,280,0,340,0,288,0" hai2="11,23,27,32,38,40,53,75,111,113,116,122,130,133" /><INIT seed="6,1,0,0,5,135" ten="92,280,340,288" oya="2" hai0="46,48,111,44,122,35,47,120,129,0,116,70,91" hai1="60,26,64,39,56,90,80,99,84,54,105,6,43" hai2="33,31,10,113,98,106,130,58,49,104,119,78,59" hai3="52,102,123,108,87,85,18,96,94,23,114,124,95"/><V16/><F119/><W22/><G123/><T131/><D91/><U100/><E6/><V81/><F31/><W7/><G108/><T63/><D0/><U3/><E3/><V34/><F59/><W13/><G114/><T51/><D35/><U25/><E39/><V93/><F106/><W19/><G7/><T15/><D15/><U112/><E43/><V14/><F104/><W38/><G38/><T88/><D88/><U92/><E112/><V115/><F130/><N who="0" m="49674" /><D111/><U134/><E134/><V32/><F58/><W107/><G124/><T126/><D116/><U74/><E64/><V133/><F49/><N who="0" m="19018" /><D126/><U69/><E69/><V68/><F68/><W72/><G72/><T30/><D30/><U1/><E1/><V89/><REACH who="2" step="1"/><F133/><REACH who="2" ten="92,280,330,288" step="2"/><W42/><G107/><T37/><D37/><U73/><E105/><V2/><F2/><W110/><G110/><T62/><D70/><U55/><E74/><AGARI ba="1,1" hai="10,14,16,32,33,34,74,78,81,89,93,98,113,115" machi="74" ten="40,3900,0" yaku="1,1,54,1,53,0" doraHai="135" doraHaiUra="40" who="2" fromWho="1" sc="92,0,280,-42,330,52,288,0" /><INIT seed="6,2,0,4,2,26" ten="92,238,382,288" oya="2" hai0="37,103,17,98,123,124,58,41,42,50,117,38,85" hai1="84,32,129,92,55,3,76,127,71,57,48,28,72" hai2="115,67,63,134,101,65,15,23,90,66,5,105,87" hai3="52,51,108,73,46,49,116,121,130,19,135,79,11"/><V39/><F39/><W74/><G121/><T27/><D123/><U1/><E71/><V111/><F115/><W24/><G108/><T47/><D117/><U43/><E129/><V78/><F78/><W102/><G116/><T60/><D124/><U70/><E127/><V16/><F134/><W133/><G130/><T95/><D38/><U86/><E70/><V96/><F5/><W6/><G102/><T119/><D119/><U80/><E43/><V100/><F100/><W13/><G79/><T12/><D37/><U2/><E92/><V59/><F111/><W97/><G97/><T45/><D85/><U106/><E106/><V54/><F54/><W7/><G7/><T8/><D42/><U10/><E10/><V94/><AGARI ba="2,0" hai="15,16,23,59,63,65,66,67,87,90,94,96,101,105" machi="94" ten="20,3900,0" yaku="0,1,7,1,54,1" doraHai="26" who="2" fromWho="2" sc="92,-15,238,-15,382,45,288,-15" /><INIT seed="6,3,0,2,1,73" ten="77,223,427,273" oya="2" hai0="105,115,127,5,57,64,86,13,42,37,50,67,41" hai1="70,128,118,74,2,63,122,75,30,62,116,4,23" hai2="66,83,14,0,119,113,121,99,59,123,133,130,8" hai3="131,16,49,89,106,124,135,25,134,7,108,36,10"/><V34/><F83/><W104/><G36/><T55/><D105/><U65/><E62/><V31/><F99/><W111/><G49/><T69/><D115/><U3/><E23/><V56/><F59/><W39/><G39/><T100/><D100/><U60/><E63/><V103/><F56/><W120/><G89/><T48/><D127/><U46/><E30/><V35/><F103/><W92/><G92/><T44/><D5/><U84/><E84/><V125/><F66/><N who="0" m="25130" /><D13/><U77/><E46/><V112/><F14/><N who="3" m="5471" /><G124/><T52/><D86/><U96/><E96/><V109/><F8/><W33/><G106/><T101/><D101/><U24/><E24/><V126/><F31/><N who="3" m="19695" /><G104/><T93/><D93/><U32/><E32/><V129/><F0/><N who="1" m="41" /><E4/><V53/><F53/><W40/><G40/><N who="0" m="22543" /><D69/><U98/><E98/><V18/><F119/><N who="1" m="45609" /><E75/><V90/><F90/><W72/><G72/><T47/><AGARI ba="3,0" hai="41,42,47,48,50,52,55,57" m="22543,25130" machi="47" ten="30,12000,2" yaku="35,5,54,1" doraHai="73" who="0" fromWho="0" sc="77,129,223,-33,427,-63,273,-33" /><INIT seed="7,0,0,1,0,49" ten="206,190,364,240" oya="3" hai0="97,94,56,60,12,39,59,100,43,66,9,129,81" hai1="36,92,74,8,40,86,132,71,55,23,120,116,110" hai2="118,115,73,29,42,64,45,51,111,85,54,7,112" hai3="117,24,16,35,133,25,38,104,53,58,34,122,128"/><W125/><G122/><T63/><D129/><U95/><E74/><V61/><F73/><W52/><G117/><T19/><D39/><U68/><E110/><V89/><F111/><W18/><G104/><T113/><D113/><N who="2" m="43594" /><F7/><W135/><G38/><T44/><D44/><U93/><E120/><V70/><F29/><W62/><G128/><T26/><D43/><U3/><E36/><V90/><F118/><W30/><G125/><T87/><D26/><U75/><E40/><V20/><F20/><W50/><G35/><T31/><D31/><U88/><E75/><V124/><F124/><W130/><G130/><T15/><D19/><U91/><E23/><V109/><F109/><W6/><G6/><T17/><D17/><U72/><E72/><V108/><F108/><W48/><G62/><T46/><D46/><U126/><E126/><V21/><F21/><W1/><G1/><T37/><D9/><U27/><E27/><V105/><F105/><W99/><G99/><T22/><D22/><U101/><E8/><V57/><F85/><W65/><G65/><N who="0" m="39047" /><D37/><AGARI ba="0,0" hai="37,42,45,51,54,57,61,64,70,89,90" m="43594" machi="37" ten="30,3900,0" yaku="24,1,15,1,52,1" doraHai="49" who="2" fromWho="0" sc="206,-39,190,0,364,39,240,0" owari="167,-33.0,190,-21.0,403,50.0,240,4.0" /></mjloggm>