<mjloggm ver="2.3"><GO type="169" lobby="0"/><UN n0="%E4%B8%AD%E6%9D%91%E8%B1%AA%EF%BC%A0" n1="%E3%81%AA%E3%82%93%E3%81%A7%E3%82%82%E3%83%8A%E3%83%BC%E3%83%9F%E3%83%B3" n2="%E3%82%A6%E3%83%AB%E3%83%88%E3%83%A9%E7%AB%8B%E7%9B%B4" n3="%E3%81%97%E3%81%BF%73" dan="16,16,18,16" rate="2096.49,2244.78,2243.49,2125.07" sx="M,M,M,M"/><TAIKYOKU oya="0"/><INIT seed="0,0,0,1,1,58" ten="250,250,250,250" oya="0" hai0="80,100,30,41,34,20,4,13,90,74,7,126,78" hai1="54,84,49,19,44,77,38,111,87,48,24,31,85" hai2="88,2,109,57,61,51,25,105,132,46,93,89,121" hai3="8,125,135,60,14,75,5,113,59,82,10,71,83"/><T119/><D119/><U70/><E70/><V56/><F105/><W96/><G71/><T36/><D126/><U53/><E38/><V28/><F2/><W104/><G113/><T6/><D100/><U22/><E111/><V63/><F121/><W50/><G135/><T1/><D90/><U33/><E33/><V23/><F109/><W99/><G125/><T11/><D34/><U43/><E43/><N who="2" m="25055" /><F132/><W37/><G37/><T45/><D13/><U35/><E35/><V17/><F28/><W130/><G104/><T9/><REACH who="0" step="1"/><D11/><REACH who="0" ten="240,250,250,250" step="2"/><U106/><E106/><V115/><F115/><W72/><G14/><T102/><D102/><U26/><E26/><AGARI ba="0,1" hai="1,4,6,7,9,20,26,30,36,41,45,74,78,80" machi="26" ten="40,7700,0" yaku="1,1,25,2,53,0" doraHai="58" doraHaiUra="81" who="0" fromWho="1" sc="240,87,250,-77,250,0,250,0" /><INIT seed="0,1,0,1,4,62" ten="327,173,250,250" oya="0" hai0="52,34,97,113,0,78,116,94,8,67,6,117,41" hai1="133,33,42,95,63,76,51,130,48,50,93,88,9" hai2="69,47,37,123,24,54,45,135,59,55,17,30,81" hai3="108,120,11,53,20,122,96,19,73,71,112,2,115"/><T31/><D113/><N who="3" m="43593" /><G96/><T72/><D41/><U121/><E121/><N who="3" m="46698" /><G73/><T90/><D31/><U12/><E33/><V13/><F69/><W1/><G71/><T61/><D34/><U111/><E111/><V102/><F135/><W89/><G89/><T83/><REACH who="0" step="1"/><D52/><REACH who="0" ten="317,173,250,250" step="2"/><U40/><E40/><V124/><F30/><W110/><G53/><T105/><D105/><U18/><E42/><V82/><F55/><W98/><G110/><T107/><D107/><U7/><E133/><V66/><F54/><W27/><G108/><T125/><D125/><U14/><E50/><V16/><F124/><W134/><G134/><T26/><D26/><U46/><E48/><V86/><F24/><W79/><G27/><T5/><D5/><U29/><E7/><V23/><F123/><W32/><G32/><T38/><D38/><U65/><E29/><V57/><F37/><W21/><G19/><T118/><D118/><U126/><E18/><V49/><F17/><W128/><G128/><T70/><AGARI ba="1,1" hai="0,6,8,61,67,70,72,78,83,90,94,97,116,117" machi="70" ten="20,7800,0" yaku="1,1,0,1,7,1,52,1,53,0" doraHai="62" doraHaiUra="103" who="0" fromWho="0" sc="317,91,173,-27,250,-27,250,-27" /><INIT seed="0,2,0,4,1,95" ten="408,146,223,223" oya="0" hai0="27,129,104,43,16,132,88,45,53,87,119,61,18" hai1="94,99,13,96,63,101,67,12,10,54,48,80,30" hai2="58,128,51,8,66,114,22,100,41,126,62,124,74" hai3="71,85,123,1,23,40,33,5,106,6,19,102,57"/><T36/><D119/><U111/><E111/><V77/><F74/><W50/><G71/><T112/><D112/><U34/><E34/><V42/><F77/><W73/><G73/><T97/><D132/><U110/><E110/><V134/><F8/><W21/><G33/><T122/><D129/><U37/><E37/><V32/><F32/><W38/><G38/><T52/><D122/><U108/><E108/><V107/><F22/><W76/><G1/><T82/><D27/><U120/><E30/><V105/><F105/><W68/><G68/><T86/><D86/><U47/><E120/><V135/><F100/><W109/><G21/><T70/><D70/><U28/><E28/><V75/><F107/><W90/><G76/><T59/><REACH who="0" step="1"/><D53/><REACH who="0" ten="398,146,223,223" step="2"/><U20/><E80/><V83/><F83/><W56/><G109/><T98/><D98/><U17/><E99/><V25/><F25/><W64/><G85/><T84/><D84/><U7/><E67/><V118/><F75/><W130/><G64/><T116/><D116/><U49/><E48/><V14/><F118/><W121/><G50/><T11/><D11/><U89/><REACH who="1" step="1"/><E63/><REACH who="1" ten="398,136,223,223" step="2"/><V131/><F51/><W35/><G123/><T117/><D117/><U29/><E29/><V9/><F114/><W92/><G121/><T0/><D0/><U39/><E39/><V44/><F131/><W103/><G130/><T46/><D46/><U4/><E4/><N who="2" m="3367" /><F128/><W15/><G5/><T2/><D2/><U26/><E26/><V133/><F44/><W79/><G6/><T78/><D78/><U55/><E55/><V65/><F65/><RYUUKYOKU ba="2,2" sc="398,10,136,10,223,10,223,-30" hai0="16,18,36,43,45,52,59,61,82,87,88,97,104" hai1="7,10,12,13,17,20,47,49,54,89,94,96,101" hai2="41,42,58,62,66,124,126,133,134,135" /><INIT seed="0,3,2,0,5,58" ten="408,146,233,193" oya="0" hai0="98,26,122,103,33,23,126,7,72,120,86,101,91" hai1="121,117,95,22,37,44,113,68,14,24,100,8,28" hai2="57,20,94,73,84,34,30,5,104,16,108,133,82" hai3="67,93,130,45,32,87,3,50,52,31,118,53,6"/><T54/><D72/><U107/><E117/><V35/><F104/><W63/><G118/><T62/><D33/><U83/><E121/><V80/><F73/><W13/><G3/><T61/><D7/><U129/><E107/><V85/><F5/><W106/><G106/><T70/><D126/><U18/><E68/><V92/><F30/><W47/><G130/><T21/><D70/><U127/><E129/><V25/><F108/><W4/><G32/><T74/><D74/><U115/><E127/><V65/><F133/><W19/><G31/><T55/><D98/><U116/><E116/><V88/><F35/><W1/><G1/><T29/><D122/><U0/><E83/><V112/><F34/><W40/><G93/><T77/><D77/><U99/><E0/><V15/><F25/><W134/><G87/><T79/><D79/><U51/><REACH who="1" step="1"/><E37/><REACH who="1" ten="408,136,233,193" step="2"/><V90/><F112/><W124/><G124/><T2/><D2/><U43/><AGARI ba="3,3" hai="8,14,18,22,24,28,43,44,51,95,99,100,113,115" machi="43" ten="30,4000,0" yaku="1,1,2,1,0,1,53,0" doraHai="58" doraHaiUra="132" who="1" fromWho="1" sc="408,-23,136,79,233,-13,193,-13" /><INIT seed="1,0,0,1,5,42" ten="385,215,220,180" oya="1" hai0="75,126,21,60,12,65,37,86,133,50,122,76,62" hai1="34,32,106,2,134,80,30,69,120,110,82,94,25" hai2="77,49,28,55,129,93,47,114,132,19,4,81,98" hai3="73,3,46,92,130,135,121,84,104,40,58,17,89"/><U31/><E120/><V128/><F132/><W52/><G3/><T78/><D37/><U79/><E106/><V5/><F28/><W116/><G73/><T71/><D75/><U117/><E117/><V113/><F19/><W112/><G104/><T35/><D35/><U15/><E2/><V57/><F57/><W115/><G130/><N who="2" m="50281" /><F81/><W100/><G100/><T63/><D126/><U59/><E69/><V131/><F77/><W109/><G109/><T51/><D65/><U66/><E134/><V123/><F123/><W95/><G116/><T1/><D1/><U39/><E110/><V6/><F131/><W103/><G135/><T54/><D71/><U27/><E39/><V72/><F72/><W41/><G41/><T48/><D122/><U88/><E79/><N who="0" m="30249" /><D86/><U13/><E82/><V26/><F26/><W11/><G121/><T68/><D68/><U107/><E80/><V56/><F56/><W16/><G112/><N who="2" m="43113" /><F4/><W18/><G115/><T102/><D133/><U61/><REACH who="1" step="1"/><E107/><REACH who="1" ten="385,205,220,180" step="2"/><V44/><F44/><W108/><G108/><T10/><D50/><U14/><E14/><V99/><F99/><AGARI ba="0,1" hai="13,15,25,27,30,31,32,34,59,61,66,88,94,99" machi="99" ten="30,12000,1" yaku="1,1,7,1,9,1,54,1,53,1" doraHai="42" doraHaiUra="53" who="1" fromWho="2" sc="385,0,205,130,220,-120,180,0" /><INIT seed="1,1,0,4,4,135" ten="385,335,100,180" oya="1" hai0="96,100,70,84,105,39,86,110,119,24,10,55,125" hai1="116,14,22,72,62,132,87,95,47,107,75,0,71" hai2="45,18,66,36,120,117,88,46,42,99,26,81,31" hai3="121,27,51,106,20,94,59,12,133,35,19,54,52"/><U122/><E22/><V69/><F120/><W43/><G106/><T77/><D39/><U112/><E14/><V79/><F117/><W9/><G133/><T33/><D119/><U91/><E62/><V83/><F66/><W85/><G121/><T92/><D70/><U28/><E47/><V50/><F69/><W56/><G35/><T21/><D33/><U63/><E63/><V80/><F18/><W58/><G43/><T74/><D110/><U3/><E28/><V126/><F126/><W60/><G85/><T102/><D10/><U8/><E8/><V57/><F57/><N who="3" m="32927" /><G94/><T103/><D55/><U128/><E95/><V16/><F99/><W4/><AGARI ba="1,0" hai="4,9,12,19,20,27,54,56,58,59,60" m="32927" machi="4" ten="30,2000,0" yaku="8,1,54,1" doraHai="135" who="3" fromWho="3" sc="385,-6,335,-11,100,-6,180,23" /><INIT seed="2,0,0,0,1,36" ten="379,324,94,203" oya="2" hai0="15,43,24,23,42,124,83,121,128,56,122,134,60" hai1="71,98,88,87,21,65,4,133,85,29,50,47,31" hai2="61,13,30,108,76,82,70,101,117,2,104,113,105" hai3="132,14,120,54,102,78,25,35,103,20,28,106,17"/><V45/><F117/><W97/><G120/><T26/><D128/><U125/><E133/><V57/><F113/><W115/><G132/><T46/><D124/><U22/><E125/><V118/><F2/><W126/><G115/><T66/><D134/><U99/><E4/><V3/><F118/><W44/><G126/><T119/><D119/><U58/><E71/><V94/><F3/><W52/><G78/><T67/><D67/><U6/><E6/><V0/><F70/><W37/><REACH who="3" step="1"/><G103/><REACH who="3" ten="379,324,94,193" step="2"/><T68/><D122/><U135/><E135/><V16/><F101/><W9/><G9/><T1/><D121/><U39/><E99/><V131/><F131/><W123/><G123/><T109/><D109/><U62/><E98/><V48/><F108/><W90/><G90/><T38/><D1/><U92/><E87/><V81/><F0/><W19/><G19/><T5/><D5/><U41/><E39/><V77/><F77/><W59/><G59/><T116/><D56/><U84/><E84/><V11/><F76/><W127/><G127/><T93/><D68/><U129/><E129/><V34/><F57/><W69/><G69/><T33/><D38/><U73/><E73/><V89/><F89/><W110/><G110/><T7/><D7/><U63/><E63/><V55/><F61/><W74/><G74/><T80/><D60/><U112/><E112/><V49/><F49/><W18/><G18/><T64/><D116/><U86/><E86/><V51/><F51/><W107/><G107/><N who="2" m="41033" /><F94/><W8/><G8/><T95/><D95/><U96/><E85/><V91/><F91/><RYUUKYOKU ba="0,1" sc="379,-30,324,10,94,10,193,10" hai1="21,22,29,31,41,47,50,58,62,65,88,92,96" hai2="11,13,16,30,34,45,48,55,81,82" hai3="14,17,20,25,28,35,37,44,52,54,97,102,106" /><INIT seed="2,1,1,5,0,119" ten="349,334,104,203" oya="2" hai0="67,52,28,24,69,17,83,39,9,16,124,22,61" hai1="80,108,111,33,97,99,55,27,70,31,90,89,6" hai2="91,100,34,60,40,73,109,104,93,103,35,51,130" hai3="42,59,98,88,8,101,14,65,56,79,102,49,11"/><V20/><F73/><W36/><G36/><T26/><D39/><U23/><E70/><V133/><F104/><W82/><G8/><T15/><D124/><U116/><E116/><V18/><F35/><W47/><G59/><T95/><D95/><U117/><E117/><V76/><F34/><W118/><G118/><T5/><D83/><U77/><E6/><V38/><F38/><W125/><G125/><T58/><D26/><U3/><E3/><V63/><F76/><W30/><G30/><T2/><D2/><U92/><E55/><V134/><F130/><W113/><G113/><T112/><D112/><U114/><E33/><V41/><F109/><N who="1" m="42057" /><E114/><V48/><F91/><N who="1" m="34825" /><E92/><V121/><F93/><N who="3" m="56615" /><G56/><T126/><REACH who="0" step="1"/><D126/><REACH who="0" ten="339,334,104,203" step="2"/><U66/><E66/><V45/><F103/><W72/><G65/><T81/><D81/><U85/><AGARI ba="1,2" hai="23,27,31,77,80,85,97,99" m="34825,42057" machi="85" ten="30,1100,0" yaku="14,1" doraHai="119" who="1" fromWho="1" sc="339,-4,334,34,104,-6,203,-4" /><INIT seed="3,0,0,5,2,84" ten="335,368,98,199" oya="3" hai0="67,133,66,111,4,101,71,93,123,36,106,90,118" hai1="43,52,33,134,31,99,27,47,126,22,122,127,12" hai2="120,59,18,108,55,98,30,17,124,69,48,26,28" hai3="65,25,102,103,87,113,88,45,68,3,58,79,74"/><W13/><G68/><T6/><D36/><U54/><E122/><V91/><F69/><W42/><G3/><T83/><D118/><U97/><E134/><V49/><F108/><W57/><G113/><T100/><D123/><U63/><E12/><V82/><F124/><N who="1" m="47657" /><E33/><V20/><F120/><W116/><G79/><T8/><D133/><U129/><E129/><V62/><F30/><W40/><G74/><T73/><D111/><U76/><E76/><V44/><F49/><N who="3" m="26791" /><G42/><T94/><D106/><U39/><E63/><V2/><F2/><W34/><G34/><T78/><D4/><U32/><E32/><V21/><F21/><W61/><G25/><T109/><D109/><U72/><E72/><V37/><F37/><W132/><G116/><T112/><D112/><U114/><E114/><V46/><F46/><W96/><G96/><AGARI ba="0,0" hai="22,27,31,39,43,47,52,54,96,97,99" m="47657" machi="96" ten="30,2000,0" yaku="18,1,54,1" doraHai="84" who="1" fromWho="3" sc="335,0,368,20,98,0,199,-20" /><INIT seed="4,0,0,3,1,8" ten="335,388,98,179" oya="0" hai0="81,31,91,61,54,90,98,16,64,88,51,77,40" hai1="60,83,48,89,82,76,66,32,52,79,80,112,69" hai2="129,39,37,71,133,38,22,46,96,116,107,94,123" hai3="135,27,2,95,103,7,28,25,6,11,42,126,87"/><T134/><D134/><U132/><E132/><V102/><F123/><W33/><G7/><T73/><D40/><U57/><E32/><V68/><F133/><W113/><G113/><T111/><D31/><U44/><E112/><V3/><F3/><W15/><G126/><T63/><D111/><U36/><REACH who="1" step="1"/><E89/><REACH who="1" ten="335,378,98,179" step="2"/><V59/><F116/><W50/><G135/><T20/><D98/><U92/><E92/><V109/><F94/><W19/><G103/><T14/><REACH who="0" step="1"/><D64/><REACH who="0" ten="325,378,98,179" step="2"/><U56/><E56/><AGARI ba="0,2" hai="14,16,20,51,54,56,61,63,73,77,81,88,90,91" machi="56" ten="40,18000,2" yaku="1,1,2,1,52,1,54,2,53,1" doraHai="8" doraHaiUra="10" who="0" fromWho="1" sc="325,200,378,-180,98,0,179,0" /><INIT seed="4,1,0,2,5,10" ten="525,198,98,179" oya="0" hai0="56,44,88,17,119,5,53,77,134,11,104,133,6" hai1="114,128,74,97,112,92,122,55,0,103,16,124,25" hai2="1,14,43,15,135,131,20,27,84,33,54,113,111" hai3="116,87,32,42,37,76,18,58,75,123,121,65,4"/><T80/><D104/><U50/><E122/><N who="3" m="46602" /><G32/><T90/><D44/><U70/><E0/><V7/><F33/><W79/><G75/><T24/><D119/><U73/><E70/><V91/><F111/><W69/><G69/><T8/><D24/><U57/><E128/><V12/><F131/><W118/><G4/><T100/><D100/><U86/><E124/><V67/><F113/><N who="1" m="43625" /><E86/><V130/><F130/><W13/><G42/><T3/><D17/><U52/><E55/><V115/><F115/><W28/><G28/><T102/><D102/><U46/><E57/><V64/><F135/><W109/><G37/><T132/><D56/><U2/><E2/><V26/><F43/><W72/><G72/><T110/><D53/><U89/><E89/><V31/><F54/><W62/><G109/><T59/><D59/><U78/><E78/><N who="3" m="29738" /><G87/><N who="0" m="48527" /><D110/><U82/><E82/><N who="2" m="49559" /><F1/><AGARI ba="1,0" hai="1,3,5,6,8,11,88,90,132,133,134" m="48527" machi="1" ten="30,2900,0" yaku="20,1,54,1" doraHai="10" who="0" fromWho="2" sc="525,32,198,0,98,-32,179,0" /><INIT seed="4,2,0,3,4,134" ten="557,198,66,179" oya="0" hai0="83,21,91,102,117,55,0,115,25,33,119,82,16" hai1="72,123,52,94,89,114,7,66,110,71,44,8,93" hai2="22,108,133,79,9,68,51,135,3,84,54,40,56" hai3="47,128,122,37,15,46,30,75,132,35,45,13,42"/><T59/><D0/><U34/><E110/><V32/><F32/><W76/><G128/><T12/><D102/><U116/><E123/><V24/><F108/><W50/><G132/><N who="2" m="50761" /><F68/><W60/><G46/><T98/><D115/><U113/><E34/><V53/><F40/><W124/><G60/><T1/><D1/><U64/><E72/><V38/><F38/><W104/><G104/><T73/><D33/><U18/><E116/><V125/><F54/><W65/><G65/><T120/><D12/><U106/><E71/><V77/><F84/><W96/><G96/><T67/><D67/><U28/><E52/><N who="2" m="31775" /><F9/><W36/><G36/><T80/><D73/><U101/><E44/><V81/><F53/><W100/><G47/><T63/><D120/><U29/><E8/><V97/><F97/><W4/><G37/><T5/><D5/><U14/><E64/><V92/><F92/><AGARI ba="2,0" hai="16,21,25,55,59,63,80,82,83,91,92,98,117,119" machi="92" ten="40,7700,0" yaku="25,2,54,1" doraHai="134" who="0" fromWho="2" sc="557,83,198,0,66,-83,179,0" owari="640,74.0,198,0.0,-17,-52.0,179,-22.0" /></mjloggm>