<mjloggm ver="2.3"><GO type="169" lobby="0"/><UN n0="%E9%BA%BB%E9%9B%80%E3%81%AF%E3%83%BB%E3%83%BB%E3%83%BB" n1="%E3%83%88%E3%83%88%E3%83%AA%E5%85%88%E7%94%9F%31%39%E6%AD%B3" n2="%E3%82%B3%E3%83%9E%E3%83%84%E3%83%9E%E3%83%84%E3%82%B3" n3="%E3%81%98%E3%81%87%E3%82%8B" dan="16,19,16,16" rate="2136.35,2321.67,2122.96,2203.37" sx="M,F,M,M"/><TAIKYOKU oya="0"/><INIT seed="0,0,0,1,4,13" ten="250,250,250,250" oya="0" hai0="58,61,9,45,54,90,110,24,108,95,129,16,64" hai1="1,86,84,120,29,21,106,98,135,72,109,17,122" hai2="48,117,41,89,107,15,36,30,27,124,105,42,118" hai3="12,46,34,74,63,3,56,23,79,44,103,11,121"/><T93/><D129/><U113/><E72/><V69/><F69/><W8/><G34/><T96/><D95/><U31/><E1/><V70/><F70/><W104/><G121/><T102/><D102/><U76/><E109/><N who="0" m="42089" /><D45/><U81/><E135/><V68/><F68/><W126/><G46/><T111/><D111/><U125/><E125/><V127/><F48/><W80/><G126/><N who="2" m="48169" /><F89/><W82/><G44/><T91/><D91/><U5/><E113/><V131/><F36/><W66/><G103/><T7/><D7/><U10/><E98/><V116/><F131/><W112/><G104/><N who="2" m="40009" /><F15/><W115/><G115/><T114/><D114/><U51/><E106/><V53/><F53/><W94/><G112/><T26/><D54/><U22/><E120/><V119/><N who="2" m="29696" /><DORA hai="75" /><V73/><F73/><W39/><G74/><T62/><D62/><U71/><E71/><V60/><F60/><W47/><G63/><T52/><D52/><U92/><E122/><V65/><F65/><W19/><G66/><T134/><D134/><U25/><E51/><V100/><F100/><W83/><G39/><T37/><D37/><U123/><E123/><V33/><AGARI ba="0,0" hai="27,30,33,41,42" m="29696,40009,48169" machi="33" ten="70,4700,0" yaku="18,1,12,1" doraHai="13,75" who="2" fromWho="2" sc="250,-23,250,-12,250,47,250,-12" /><INIT seed="1,0,0,4,3,94" ten="227,238,297,238" oya="1" hai0="79,102,118,123,57,119,18,67,45,100,58,3,73" hai1="39,38,129,26,80,36,56,59,81,65,66,40,13" hai2="117,95,28,122,108,1,125,16,76,8,128,104,64" hai3="30,71,42,134,131,61,99,126,29,96,77,49,82"/><U63/><E13/><V37/><F104/><W24/><G131/><T133/><D3/><U127/><E26/><V48/><F37/><N who="1" m="14441" /><E81/><V10/><F64/><N who="1" m="24681" /><E80/><V75/><F75/><W97/><G71/><T22/><D73/><U98/><E98/><N who="3" m="37994" /><G134/><T121/><D133/><U19/><E19/><V44/><F1/><W70/><G70/><T109/><D79/><U130/><E127/><V14/><F76/><W87/><G61/><T17/><D67/><N who="1" m="39399" /><E59/><V132/><F125/><W15/><N who="3" m="38002" /><W106/><DORA hai="41" /><G106/><T91/><D91/><U52/><E52/><V2/><F132/><W54/><G126/><T47/><D22/><U83/><E83/><V25/><F122/><W92/><G92/><T84/><REACH who="0" step="1"/><D84/><REACH who="0" ten="217,238,297,238" step="2"/><U21/><E21/><N who="2" m="15407" /><F2/><W12/><G87/><T135/><D135/><U27/><E27/><V101/><F128/><W0/><G24/><T90/><D90/><U31/><E31/><V51/><F10/><W11/><G30/><T62/><D62/><U111/><E111/><AGARI ba="0,1" hai="17,18,45,47,57,58,100,102,109,111,118,119,121,123" machi="111" ten="25,8000,1" yaku="1,1,22,2,52,2,53,0" doraHai="94,41" doraHaiUra="103,88" who="0" fromWho="1" sc="217,90,238,-80,297,0,238,0" /><INIT seed="2,0,0,0,5,119" ten="307,158,297,238" oya="2" hai0="81,75,50,0,103,25,23,63,122,92,17,105,126" hai1="49,53,70,26,130,99,107,45,30,24,58,31,110" hai2="116,109,48,135,115,101,65,129,78,11,51,66,36" hai3="62,1,125,73,54,131,47,60,19,74,55,5,96"/><V133/><F116/><W112/><G131/><T94/><D105/><U27/><E70/><V127/><F78/><W128/><G128/><T82/><D122/><U8/><E130/><V13/><F129/><W2/><G125/><T121/><D121/><U38/><E110/><V71/><F36/><W18/><G96/><T14/><D0/><U15/><E38/><V4/><F115/><W6/><REACH who="3" step="1"/><G47/><REACH who="3" ten="307,158,297,228" step="2"/><T21/><D126/><U83/><E107/><V59/><F127/><W111/><G111/><T124/><D124/><U16/><E99/><V7/><F109/><W80/><G80/><T90/><D82/><U3/><E3/><V89/><F135/><W61/><G61/><T32/><D81/><U97/><E97/><V79/><F133/><W28/><G28/><T72/><D63/><U88/><E58/><V41/><F59/><W22/><G22/><T86/><D32/><U64/><E64/><V132/><F132/><W42/><G42/><T29/><D103/><U40/><E40/><V68/><F101/><W84/><G84/><AGARI ba="0,1" hai="8,15,16,24,26,27,30,31,45,49,53,83,84,88" machi="84" ten="40,8000,1" yaku="25,2,8,1,54,2" doraHai="119" who="1" fromWho="3" sc="307,0,158,90,297,0,228,-80" /><INIT seed="3,0,0,5,1,43" ten="307,248,297,148" oya="3" hai0="128,12,14,118,48,57,13,87,37,26,29,35,135" hai1="127,115,72,130,28,47,88,15,71,7,61,84,68" hai2="75,109,49,116,131,106,77,126,36,17,83,34,46" hai3="54,9,11,112,59,86,124,110,91,8,97,94,51"/><W76/><G112/><T27/><D37/><U25/><E115/><V38/><F116/><W53/><G124/><T3/><D3/><U39/><E72/><V125/><F106/><W129/><G129/><T62/><D128/><U132/><E130/><V10/><F131/><W102/><G110/><T95/><D135/><U134/><E127/><N who="2" m="48651" /><F34/><W108/><G108/><T20/><D48/><U117/><E117/><V107/><F107/><W23/><G76/><T31/><D118/><U1/><E15/><N who="2" m="7415" /><F109/><W55/><REACH who="3" step="1"/><G23/><REACH who="3" ten="307,248,297,138" step="2"/><T41/><D20/><U22/><E134/><V122/><F122/><W123/><G123/><T114/><D114/><U119/><E132/><V24/><F24/><W103/><G103/><T4/><D27/><U60/><E119/><V98/><F98/><W101/><G101/><T42/><D26/><U113/><E113/><V70/><F70/><W73/><G73/><T66/><D35/><U80/><E68/><V96/><F96/><W18/><G18/><T30/><D4/><U69/><E71/><V40/><AGARI ba="0,1" hai="36,38,40,46,49,75,77,83" m="7415,48651" machi="40" ten="30,2000,0" yaku="18,1,52,1" doraHai="43" who="2" fromWho="2" sc="307,-5,248,-5,297,30,138,-10" /><INIT seed="4,0,0,2,0,95" ten="302,243,327,128" oya="0" hai0="108,43,118,46,40,127,76,104,92,17,132,27,77" hai1="47,19,126,44,45,23,109,7,90,65,75,66,120" hai2="13,81,53,129,10,64,11,54,32,123,24,87,72" hai3="91,8,67,115,135,61,38,14,111,88,103,74,34"/><T89/><D104/><U71/><E120/><V112/><F123/><W51/><G111/><T124/><D108/><U56/><E109/><V116/><F116/><W48/><G34/><T117/><D27/><U93/><E71/><V78/><F129/><W102/><G115/><T20/><D132/><U98/><E75/><V99/><F112/><W113/><G113/><T131/><D131/><U86/><E126/><N who="0" m="48169" /><D118/><U62/><E7/><V58/><F72/><W119/><G74/><T25/><D117/><U70/><E70/><V128/><F11/><W0/><G38/><N who="0" m="21783" /><D43/><U5/><E5/><V49/><F24/><W106/><G0/><T133/><D133/><U30/><E30/><V22/><F32/><W82/><G135/><T79/><D79/><U31/><E31/><V114/><F128/><W28/><G28/><T57/><D57/><U33/><E33/><V83/><F58/><N who="3" m="37303" /><G106/><T105/><D105/><U41/><E66/><V85/><F64/><W100/><G119/><T4/><D4/><U69/><E69/><V37/><F114/><W42/><G42/><T134/><D134/><U26/><REACH who="1" step="1"/><E86/><AGARI ba="0,0" hai="17,20,25,76,77,86,89,92" m="21783,48169" machi="86" ten="30,1500,0" yaku="18,1" doraHai="95" who="0" fromWho="1" sc="302,15,243,-15,327,0,128,0" /><INIT seed="4,1,0,1,2,83" ten="317,228,327,128" oya="0" hai0="85,9,28,109,131,12,54,52,58,101,134,132,42" hai1="126,66,87,60,3,65,98,116,106,76,121,127,103" hai2="51,93,7,40,111,18,62,104,108,31,17,37,36" hai3="22,92,89,80,133,44,10,0,107,38,128,67,6"/><T78/><D28/><U90/><E116/><V135/><F104/><W122/><G128/><T77/><D42/><U64/><E121/><V26/><F7/><W5/><G107/><T34/><D34/><U56/><E76/><V129/><F37/><W16/><G133/><N who="0" m="51307" /><D101/><U47/><E47/><V118/><F36/><W61/><G122/><T119/><D119/><U21/><E21/><V8/><F17/><W24/><G6/><N who="0" m="3127" /><D131/><U49/><E49/><V43/><F51/><W82/><G44/><T32/><D32/><U125/><REACH who="1" step="1"/><E3/><REACH who="1" ten="317,218,327,128" step="2"/><V23/><F118/><W105/><G38/><T30/><D78/><U19/><E19/><V81/><F135/><W123/><G123/><T94/><D30/><U75/><E75/><V114/><F31/><W102/><G105/><T13/><D77/><U97/><E97/><V45/><F129/><W71/><REACH who="3" step="1"/><G102/><REACH who="3" ten="317,218,327,118" step="2"/><T84/><D109/><U33/><E33/><V130/><F130/><W124/><G124/><T59/><D59/><U25/><E25/><V79/><F111/><W95/><G95/><AGARI ba="1,2" hai="56,60,64,65,66,87,90,95,98,103,106,125,126,127" machi="95" ten="40,5200,0" yaku="1,1,18,1,52,1,53,0" doraHai="83" doraHaiUra="112" who="1" fromWho="3" sc="317,0,218,75,327,0,118,-55" /><INIT seed="5,0,0,1,5,73" ten="317,293,327,63" oya="1" hai0="55,52,123,44,13,8,22,74,69,56,86,35,93" hai1="80,109,45,27,72,125,67,30,100,39,6,29,99" hai2="126,82,70,118,16,78,76,49,120,3,92,114,57" hai3="130,1,34,132,95,7,12,105,104,63,121,53,21"/><U131/><E131/><V134/><F118/><W36/><G36/><T124/><D35/><U42/><E125/><V119/><F120/><W71/><G121/><T79/><D74/><U20/><E109/><V133/><F70/><W64/><G130/><T96/><D69/><U85/><E72/><V37/><F37/><W61/><G132/><N who="2" m="50793" /><F3/><W47/><G34/><T59/><D124/><U83/><E67/><V15/><F126/><W106/><G1/><T10/><D22/><U62/><E62/><V98/><F82/><W24/><G95/><T128/><D128/><U14/><E30/><V46/><F57/><N who="0" m="22090" /><D123/><U18/><E6/><V90/><F114/><W66/><G12/><T23/><D23/><U84/><E83/><V91/><F91/><W88/><G7/><T28/><D28/><U48/><E39/><V112/><F112/><W97/><G63/><T2/><D2/><U32/><REACH who="1" step="1"/><E80/><REACH who="1" ten="317,283,327,63" step="2"/><V94/><F119/><W41/><G66/><T31/><D31/><U87/><E87/><V117/><F117/><W77/><G61/><T54/><D86/><U5/><E5/><V108/><F108/><W19/><G64/><T111/><D111/><U113/><E113/><V102/><F92/><AGARI ba="0,1" hai="14,18,20,27,29,32,42,45,48,84,85,92,99,100" machi="92" ten="30,5800,0" yaku="1,1,7,1,53,1" doraHai="73" doraHaiUra="89" who="1" fromWho="2" sc="317,0,283,68,327,-58,63,0" /><INIT seed="5,1,0,0,2,29" ten="317,351,269,63" oya="1" hai0="78,73,36,35,99,60,6,125,67,89,69,131,41" hai1="70,71,72,105,118,87,15,95,129,134,96,88,44" hai2="22,126,20,81,117,21,65,45,106,100,2,33,66" hai3="119,74,68,91,51,130,97,53,84,121,37,120,128"/><U115/><E118/><V110/><F117/><W127/><G37/><T28/><D89/><U104/><E72/><V4/><F110/><W46/><G119/><T116/><D116/><U112/><E129/><V40/><F126/><W5/><G68/><T86/><D86/><U52/><E134/><V8/><F81/><W114/><G74/><T135/><D135/><U23/><E71/><V124/><F124/><W55/><G127/><T94/><D94/><U17/><E70/><V0/><F0/><W47/><G114/><N who="1" m="43562" /><E96/><V42/><F100/><W77/><G5/><T34/><D99/><U11/><E11/><V102/><F102/><W122/><G77/><T93/><D125/><U85/><E85/><V10/><F106/><W13/><G13/><T80/><D131/><U83/><E83/><V108/><F108/><W59/><G97/><T27/><D93/><U38/><E38/><V132/><F8/><W9/><G9/><T82/><D82/><U43/><E43/><V75/><F75/><W109/><G109/><T26/><D6/><U58/><E44/><V3/><F3/><W113/><G46/><N who="0" m="23847" /><D27/><U62/><AGARI ba="1,0" hai="15,17,23,52,58,62,87,88,95,104,105" m="43562" machi="62" ten="30,6000,0" yaku="15,1,54,2" doraHai="29" who="1" fromWho="1" sc="317,-21,351,63,269,-21,63,-21" /><INIT seed="5,2,0,0,0,69" ten="296,414,248,42" oya="1" hai0="74,123,5,55,124,58,8,132,44,18,41,68,29" hai1="76,33,15,120,122,91,127,60,62,37,77,4,49" hai2="1,118,9,131,125,42,22,133,13,19,114,135,12" hai3="46,31,134,40,107,89,56,100,102,80,11,27,95"/><U34/><E15/><N who="2" m="5707" /><F42/><W85/><G134/><N who="2" m="51209" /><F118/><W112/><G112/><T23/><D68/><U26/><E26/><N who="2" m="14687" /><F114/><W92/><G107/><T35/><D74/><U83/><E4/><N who="2" m="1167" /><F131/><W66/><G11/><T86/><D8/><U16/><E49/><V39/><F125/><W81/><G56/><T87/><D124/><U128/><E91/><V64/><F64/><W61/><G61/><T48/><D41/><U78/><E127/><V82/><F82/><W24/><G66/><T17/><D44/><U38/><E83/><V90/><F90/><W130/><G130/><T98/><D87/><U54/><E128/><V63/><F63/><W117/><G117/><T101/><D86/><U97/><E16/><V28/><F28/><W36/><G81/><T75/><D29/><U94/><E77/><V51/><F51/><W25/><REACH who="3" step="1"/><G31/><REACH who="3" ten="296,414,248,32" step="2"/><T121/><D58/><U0/><E62/><V115/><F115/><W14/><G14/><T57/><D57/><U7/><E60/><V93/><F93/><AGARI ba="2,1" hai="24,25,27,36,40,46,80,85,89,92,93,95,100,102" machi="93" ten="40,8000,1" yaku="1,1,52,1,53,3" doraHai="69" doraHaiUra="21" who="3" fromWho="2" sc="296,0,414,0,248,-86,32,96" /><INIT seed="6,0,0,4,1,72" ten="296,414,162,128" oya="2" hai0="55,84,43,94,114,100,25,18,109,1,5,97,37" hai1="34,20,105,112,52,22,23,59,49,78,124,29,10" hai2="24,30,128,46,90,13,89,85,50,19,61,117,79" hai3="127,115,91,11,48,3,60,134,92,120,64,118,108"/><V56/><F117/><W57/><G118/><T116/><D116/><U111/><E111/><V40/><F128/><W132/><G120/><T8/><D109/><U119/><E105/><V45/><F45/><W28/><G108/><T68/><D68/><U47/><E119/><V125/><F125/><W96/><G127/><T87/><D37/><U77/><E124/><V54/><F85/><W2/><G115/><T66/><D66/><U135/><E112/><V82/><F82/><W102/><G28/><T9/><D43/><N who="1" m="24831" /><E34/><V70/><F70/><W32/><G32/><T41/><D87/><U38/><E135/><V71/><F71/><W31/><G31/><T6/><D84/><U121/><E38/><V16/><F79/><N who="1" m="30217" /><E121/><V62/><F62/><W4/><G2/><T110/><D41/><U104/><E104/><V95/><F95/><W107/><REACH who="3" step="1"/><G48/><REACH who="3" ten="296,414,162,118" step="2"/><T74/><D1/><U69/><E29/><V113/><F113/><W65/><G65/><T33/><D33/><U106/><E69/><V103/><F30/><W58/><G58/><T67/><D67/><U51/><E106/><V81/><F81/><W15/><G15/><T93/><D114/><U99/><E59/><V17/><F13/><W122/><G122/><T98/><D110/><U35/><E51/><V26/><REACH who="2" step="1"/><F103/><REACH who="2" ten="296,414,152,118" step="2"/><W7/><G7/><T131/><D100/><U36/><E35/><V88/><AGARI ba="0,2" hai="16,17,19,24,26,40,46,50,54,56,61,88,89,90" machi="88" ten="30,18000,2" yaku="1,1,2,1,0,1,8,1,54,2,53,0" doraHai="72" doraHaiUra="101" who="2" fromWho="2" sc="296,-60,414,-60,152,200,118,-60" /><INIT seed="6,1,0,1,0,50" ten="236,354,352,58" oya="2" hai0="112,104,54,135,45,119,57,89,106,47,128,31,132" hai1="25,80,12,7,66,44,0,3,86,28,51,94,100" hai2="43,133,8,91,87,105,56,129,114,19,10,117,113" hai3="38,53,73,134,109,65,48,1,11,130,116,77,127"/><V35/><F117/><W13/><G116/><T20/><D119/><U46/><E66/><V71/><F71/><W115/><G127/><T55/><D112/><N who="2" m="43114" /><F35/><W93/><G109/><T103/><D128/><U30/><E3/><V108/><F105/><W95/><G1/><T24/><D57/><U26/><E0/><V2/><F129/><W88/><G38/><T101/><D89/><U63/><E63/><V41/><F133/><W36/><G134/><T85/><D85/><U22/><E51/><V90/><F90/><W5/><G36/><T64/><D20/><N who="1" m="15399" /><E7/><N who="2" m="1143" /><F108/><W84/><G130/><T67/><REACH who="0" step="1"/><D24/><REACH who="0" ten="226,354,352,58" step="2"/><U60/><E26/><V111/><F56/><W72/><G115/><T126/><D126/><U27/><E27/><V34/><F111/><W6/><G77/><T81/><D81/><U49/><E80/><V82/><F34/><W75/><G65/><T68/><D68/><U58/><E30/><AGARI ba="1,1" hai="30,31,45,47,54,55,64,67,101,103,104,106,132,135" machi="30" ten="25,12000,2" yaku="1,1,22,2,52,2,53,2" doraHai="50" doraHaiUra="102" who="0" fromWho="1" sc="226,133,354,-123,352,0,58,0" /><INIT seed="7,0,0,2,5,126" ten="359,231,352,58" oya="3" hai0="87,58,76,66,5,69,128,14,78,132,82,92,113" hai1="109,127,29,84,108,120,25,97,64,6,51,118,26" hai2="31,59,48,46,117,7,3,56,11,50,75,36,37" hai3="129,0,107,95,49,100,55,124,122,68,70,88,106"/><W4/><G122/><T16/><D128/><U19/><E51/><V121/><F117/><W65/><G124/><T131/><D131/><U21/><E84/><V35/><F75/><W34/><G129/><T15/><D69/><U41/><E41/><V30/><F121/><W57/><G34/><T8/><D132/><U52/><E97/><V104/><F104/><W83/><G83/><T91/><D113/><U24/><E52/><V22/><F35/><W61/><G70/><T125/><D125/><U27/><E64/><V72/><F72/><W40/><G40/><T102/><D102/><U86/><E86/><V17/><F56/><W42/><G100/><T38/><D38/><U32/><E127/><V134/><F134/><W1/><G42/><T53/><D66/><U73/><E73/><V12/><F37/><W71/><G68/><T63/><D82/><U133/><E120/><V13/><F3/><W23/><G23/><AGARI ba="0,0" hai="5,8,14,15,16,23,53,58,63,76,78,87,91,92" machi="23" ten="30,3900,0" yaku="7,1,8,1,54,1" doraHai="126" who="0" fromWho="3" sc="359,39,231,0,352,0,58,-39" owari="398,50.0,231,-17.0,352,15.0,19,-48.0" /></mjloggm>