<mjloggm ver="2.3"><GO type="169" lobby="0"/><UN n0="%E3%82%A6%E3%83%AB%E3%83%88%E3%83%A9%E7%AB%8B%E7%9B%B4" n1="%E3%81%8D%E3%82%85%E3%82%8A%E3%81%8A%E3%81%99%E3%81%83%E3%81%A6%E3%81%83" n2="%E3%81%AB%E3%81%9B%E8%A5%BF%E5%9C%92%E5%AF%BA" n3="%E7%89%8C%E6%B5%81%E5%AE%9A%E7%9F%B3%E6%9C%80%E9%AB%98" dan="18,16,16,17" rate="2232.38,2089.06,2112.70,2169.50" sx="M,M,M,F"/><TAIKYOKU oya="0"/><INIT seed="0,0,0,1,3,122" ten="250,250,250,250" oya="0" hai0="34,89,27,131,17,45,41,78,124,108,25,85,8" hai1="115,76,105,7,35,84,42,112,37,104,59,1,31" hai2="6,75,100,53,74,40,0,129,18,83,65,66,95" hai3="49,33,20,117,36,29,46,55,44,64,69,121,60"/><T9/><D78/><U126/><E126/><V79/><F75/><W114/><G33/><T97/><D97/><U88/><E76/><V119/><F129/><W12/><G12/><T87/><D131/><U61/><E7/><V127/><F127/><W51/><G20/><T14/><D124/><U30/><E1/><V109/><F119/><W106/><G29/><T120/><D120/><U43/><E31/><V86/><F18/><W101/><G101/><T28/><D27/><U58/><E30/><V52/><F40/><N who="3" m="22535" /><G106/><T15/><D89/><U67/><E59/><V13/><F13/><W128/><G114/><T123/><D123/><U16/><E42/><V90/><F100/><W24/><G24/><T125/><D125/><U21/><E43/><V110/><F6/><W62/><G117/><T4/><REACH who="0" step="1"/><D108/><REACH who="0" ten="240,250,250,250" step="2"/><N who="2" m="41578" /><F0/><W10/><G121/><T77/><D77/><U11/><E115/><V96/><F74/><W93/><G128/><T80/><D80/><U38/><E112/><V50/><F53/><W72/><G72/><T56/><D56/><AGARI ba="0,1" hai="50,52,56,65,66,79,83,86,90,95,96" m="41578" machi="56" ten="30,8000,1" yaku="14,1,52,3,54,1" doraHai="122" who="2" fromWho="0" sc="240,-80,250,0,250,90,250,0" /><INIT seed="1,0,0,4,1,36" ten="160,250,340,250" oya="1" hai0="113,33,123,3,96,53,39,129,134,77,106,62,114" hai1="31,65,29,102,75,61,130,88,18,80,108,76,8" hai2="48,32,111,28,16,85,100,19,86,81,22,122,105" hai3="9,91,72,112,11,21,135,103,38,2,27,37,26"/><U90/><E130/><V54/><F122/><W109/><G72/><T107/><D62/><U40/><E102/><V125/><F111/><W87/><G103/><T41/><D53/><U14/><E108/><V49/><F125/><W117/><G112/><T25/><D96/><U104/><E104/><V17/><F32/><W42/><G38/><T15/><D15/><U45/><E29/><V97/><F54/><W79/><G79/><T101/><D101/><U68/><REACH who="1" step="1"/><E31/><REACH who="1" ten="160,240,340,250" step="2"/><V127/><F100/><W121/><G109/><T74/><D107/><U132/><E132/><V55/><F28/><W63/><G135/><T57/><D106/><U7/><E7/><V119/><F105/><W34/><G121/><T120/><D129/><U78/><E78/><V4/><F4/><W66/><G34/><T47/><D134/><U94/><E94/><V35/><F35/><W93/><G93/><T64/><D114/><U46/><E46/><V116/><F17/><W51/><G117/><T118/><D113/><U133/><E133/><V95/><F19/><W89/><G89/><T6/><D118/><U99/><E99/><V24/><F116/><W131/><G91/><T30/><D120/><U84/><E84/><V70/><F86/><W92/><G92/><T5/><D123/><U43/><E43/><V67/><F95/><W98/><G42/><T0/><D6/><U12/><E12/><V83/><F119/><W13/><G87/><T52/><D5/><U69/><E69/><V44/><F97/><W110/><G98/><T60/><D64/><U71/><E71/><V126/><F70/><RYUUKYOKU ba="0,1" sc="160,15,240,15,340,-15,250,-15" hai0="0,3,25,30,33,39,41,47,52,57,60,74,77" hai1="8,14,18,40,45,61,65,68,75,76,80,88,90" /><INIT seed="1,1,1,5,4,19" ten="175,255,325,235" oya="1" hai0="101,0,24,105,76,35,2,33,87,23,45,44,88" hai1="92,63,80,86,58,98,53,39,103,62,132,55,118" hai2="34,81,30,123,48,110,97,107,51,15,112,65,91" hai3="100,99,121,134,4,131,72,68,41,85,59,71,122"/><U46/><E118/><V60/><F123/><W113/><G113/><T6/><D76/><U36/><E132/><V120/><F120/><W8/><G134/><T27/><D105/><U38/><E46/><V3/><F3/><W79/><G72/><T14/><D101/><U56/><REACH who="1" step="1"/><E39/><REACH who="1" ten="175,245,325,235" step="2"/><V126/><F112/><W93/><G122/><T7/><D45/><U43/><E43/><V9/><F126/><W31/><G121/><T52/><D44/><U124/><E124/><V50/><F110/><W117/><G41/><T67/><D67/><U82/><E82/><V114/><F81/><W37/><G37/><T32/><D52/><U135/><E135/><V5/><F65/><W54/><G117/><T77/><D35/><U26/><E26/><V49/><F34/><W25/><G25/><T70/><D27/><U125/><E125/><V115/><F115/><W89/><G54/><T94/><D32/><U106/><E106/><V12/><F107/><W29/><G93/><T111/><D33/><U11/><E11/><V109/><F109/><W104/><G8/><T74/><D111/><U47/><E47/><V22/><F9/><W73/><G104/><T90/><D24/><U28/><E28/><V21/><F30/><W64/><G31/><T66/><D94/><U130/><E130/><V16/><F114/><W129/><G29/><T18/><D6/><U20/><E20/><V69/><F22/><W116/><G4/><T128/><D7/><U127/><E127/><V119/><F21/><W96/><G116/><T17/><D23/><U13/><E13/><V102/><F15/><RYUUKYOKU ba="1,2" sc="175,-10,245,30,325,-10,235,-10" hai1="36,38,53,55,56,58,62,63,80,86,92,98,103" /><INIT seed="1,2,2,2,5,51" ten="165,275,315,225" oya="1" hai0="129,37,122,10,126,7,34,17,28,72,108,134,24" hai1="44,117,14,78,103,57,83,79,82,102,55,41,31" hai2="21,13,18,11,29,15,113,74,33,52,48,16,87" hai3="81,106,19,107,115,39,93,88,104,65,91,128,45"/><U135/><E117/><V2/><F74/><W53/><G115/><T97/><D37/><U25/><E14/><V40/><F113/><W92/><G65/><T43/><D72/><U73/><E135/><V67/><F2/><W63/><G128/><T101/><D43/><U47/><E102/><V125/><F125/><W1/><G1/><T111/><D126/><U59/><E103/><V54/><F67/><W131/><G131/><T86/><D129/><U3/><E3/><V6/><F33/><W71/><G71/><T9/><D134/><U64/><E41/><V99/><F99/><W123/><G81/><T127/><D127/><U27/><E59/><V32/><F32/><W77/><G77/><T50/><D86/><U95/><E95/><V118/><F118/><W62/><G39/><T112/><D112/><U38/><E38/><V4/><F87/><W121/><G19/><T116/><D116/><U8/><E8/><V23/><F40/><W36/><G36/><T105/><D122/><U133/><E64/><V100/><F100/><W98/><G123/><T58/><D17/><U46/><E31/><V30/><F48/><N who="3" m="28815" /><G121/><T120/><D120/><U96/><E96/><V20/><F20/><W69/><G69/><T130/><D130/><U132/><E132/><V56/><F56/><W60/><G107/><T89/><D89/><U119/><E133/><V5/><F5/><W94/><G98/><T110/><REACH who="0" step="1"/><D7/><REACH who="0" ten="155,275,315,225" step="2"/><U61/><E119/><V75/><F75/><AGARI ba="2,3" hai="25,27,44,46,47,55,57,61,73,75,78,79,82,83" machi="75" ten="40,3900,0" yaku="9,1,52,1" doraHai="51" who="1" fromWho="2" sc="155,0,275,75,315,-45,225,0" /><INIT seed="1,3,0,0,0,78" ten="155,350,270,225" oya="1" hai0="4,70,21,86,12,38,1,92,17,84,37,58,129" hai1="30,130,105,33,6,47,90,69,73,16,116,56,123" hai2="2,48,125,27,117,108,34,0,24,133,64,61,35" hai3="22,114,102,121,39,135,57,55,115,100,101,91,63"/><U132/><E116/><V85/><F117/><W128/><G121/><T112/><D70/><U18/><E69/><V94/><F108/><W71/><G135/><T20/><D112/><U80/><E123/><V46/><F133/><W124/><G128/><T23/><D129/><U13/><E105/><V88/><F125/><W81/><G39/><T41/><D1/><U68/><E68/><V126/><F126/><W99/><G124/><T19/><D4/><U54/><E47/><V122/><F122/><W53/><G71/><T36/><D41/><U131/><E6/><V77/><F77/><W50/><G22/><T10/><D19/><N who="1" m="7211" /><E13/><V72/><F72/><W28/><G28/><T111/><D111/><U107/><E107/><V103/><F35/><W14/><G14/><T134/><D134/><U83/><E30/><V62/><F34/><W98/><G115/><T118/><D118/><U67/><E67/><V119/><F119/><W42/><G42/><T127/><D127/><U60/><E33/><V3/><F103/><W32/><G32/><T15/><D15/><U113/><E113/><V76/><F64/><W43/><G43/><T44/><D44/><U59/><E132/><V29/><F29/><W79/><G91/><T89/><REACH who="0" step="1"/><D58/><REACH who="0" ten="145,350,270,225" step="2"/><N who="1" m="34903" /><E130/><V106/><F3/><W5/><G5/><T104/><D104/><U26/><E131/><V66/><F2/><W8/><G114/><T97/><AGARI ba="3,1" hai="10,12,17,20,21,23,36,37,38,84,86,89,92,97" machi="97" ten="40,2700,0" yaku="1,1,0,1,53,0" doraHai="78" doraHaiUra="49" who="0" fromWho="0" sc="145,46,350,-16,270,-10,225,-10" /><INIT seed="2,0,0,4,0,117" ten="191,334,260,215" oya="2" hai0="30,135,96,54,20,46,69,40,107,73,55,82,124" hai1="8,15,60,18,68,67,19,44,38,83,29,63,64" hai2="1,85,87,48,126,130,98,134,129,74,79,105,90" hai3="22,108,112,23,120,109,65,115,47,104,35,0,75"/><V101/><F1/><W88/><G104/><T99/><D69/><U86/><E29/><V89/><F48/><W26/><G75/><T25/><D124/><U10/><E38/><V122/><F126/><W27/><G65/><T93/><D135/><U50/><E86/><N who="2" m="32779" /><F134/><W76/><G76/><T102/><D82/><U9/><E83/><N who="2" m="45559" /><F122/><W123/><G88/><AGARI ba="0,0" hai="88,89,90,98,101,105,129,130" m="45559,32779" machi="88" ten="30,5800,0" yaku="34,2,54,1" doraHai="117" who="2" fromWho="3" sc="191,0,334,0,260,58,215,-58" /><INIT seed="2,1,0,5,3,118" ten="191,334,318,157" oya="2" hai0="82,41,34,111,129,45,30,81,91,132,109,28,117" hai1="128,86,6,100,10,96,42,0,95,77,61,66,110" hai2="116,53,44,49,19,93,126,38,24,31,97,8,114" hai3="60,15,59,101,124,94,55,80,17,39,134,74,69"/><V35/><F116/><W37/><G124/><T130/><D117/><U76/><E110/><N who="0" m="41993" /><D91/><U2/><E128/><N who="0" m="49257" /><D34/><U106/><E42/><V73/><F73/><W25/><G134/><T64/><D64/><U85/><E0/><V18/><F114/><W43/><G69/><T98/><D98/><U122/><E122/><V108/><F108/><W102/><G25/><T112/><D112/><U72/><E72/><V75/><F75/><W92/><G43/><T78/><D78/><U57/><E86/><V54/><F126/><W88/><G80/><N who="0" m="30827" /><D132/><U48/><E106/><V27/><F35/><W84/><G74/><T13/><D13/><U120/><E77/><V5/><F97/><W125/><G125/><T40/><D40/><U65/><E76/><V131/><F131/><W46/><G46/><T119/><D119/><U52/><E96/><V22/><F44/><W123/><G123/><T23/><D23/><U33/><E120/><V83/><F83/><W121/><G121/><T3/><D3/><U63/><E66/><V47/><F47/><W90/><G102/><T71/><D71/><U67/><E100/><V70/><F70/><W79/><G101/><T68/><D68/><U1/><E33/><V36/><F36/><AGARI ba="1,0" hai="28,30,36,41,45" m="30827,49257,41993" machi="36" ten="30,2000,0" yaku="14,1,19,1" doraHai="118" who="0" fromWho="2" sc="191,23,334,0,318,-23,157,0" /><INIT seed="3,0,0,1,3,3" ten="214,334,295,157" oya="3" hai0="21,102,47,76,79,94,40,63,88,10,59,90,116" hai1="77,49,132,29,60,51,84,58,12,20,78,48,39" hai2="64,18,98,25,122,113,38,104,45,36,95,123,114" hai3="126,120,81,108,69,121,22,135,73,15,86,89,42"/><W111/><G69/><T100/><D116/><U70/><E39/><V128/><F104/><W107/><G42/><T131/><D131/><U30/><E70/><V67/><F25/><W52/><G107/><T13/><D21/><U4/><E132/><V44/><F18/><N who="3" m="10591" /><G73/><T82/><D82/><N who="1" m="47183" /><E78/><N who="0" m="29737" /><D47/><N who="2" m="17994" /><F95/><W74/><G74/><T28/><D28/><U110/><E110/><N who="3" m="42026" /><G135/><T43/><D43/><U9/><E20/><V50/><F50/><W125/><G52/><AGARI ba="0,0" hai="4,9,12,29,30,48,49,51,52,58,60" m="47183" machi="52" ten="30,3900,0" yaku="8,1,52,1,54,1" doraHai="3" who="1" fromWho="3" sc="214,0,334,39,295,0,157,-39" /><INIT seed="4,0,0,4,4,107" ten="214,373,295,118" oya="0" hai0="10,111,129,42,67,41,49,1,96,100,124,8,90" hai1="121,99,82,46,38,105,81,116,23,117,51,11,63" hai2="118,0,94,88,131,61,16,87,6,89,3,27,110" hai3="25,47,55,75,60,102,128,127,2,56,14,80,58"/><T101/><D67/><U40/><E121/><V64/><F110/><W21/><G2/><T123/><D123/><U59/><E81/><V92/><F131/><W109/><G109/><T57/><D111/><U7/><E23/><V68/><F118/><W32/><G128/><T97/><D1/><U91/><E51/><V130/><F130/><W53/><G102/><T31/><D31/><U34/><E34/><V26/><F6/><W69/><G69/><T86/><D129/><U98/><E98/><N who="0" m="37993" /><D124/><U52/><E82/><V44/><F44/><W104/><G104/><T39/><D39/><U65/><E65/><V114/><F114/><W33/><G47/><N who="0" m="25839" /><D57/><U4/><E4/><V54/><F54/><W9/><G127/><T132/><D132/><U5/><E5/><V24/><REACH who="2" step="1"/><F16/><REACH who="2" ten="214,373,285,118" step="2"/><W12/><G55/><T77/><D42/><U134/><E40/><V115/><F115/><W70/><G53/><T112/><D112/><U48/><E52/><V45/><F45/><W66/><G9/><T108/><D108/><U71/><E11/><V113/><F113/><W50/><G33/><T76/><D10/><U19/><E7/><V13/><F13/><W22/><G32/><T93/><D8/><U18/><E18/><V85/><AGARI ba="0,1" hai="0,3,24,26,27,61,64,68,85,87,88,89,92,94" machi="85" ten="30,7900,0" yaku="1,1,0,1,9,1,54,1,53,0" doraHai="107" doraHaiUra="73" who="2" fromWho="2" sc="214,-39,373,-20,285,89,118,-20" /><INIT seed="5,0,0,0,5,42" ten="175,353,374,98" oya="1" hai0="38,107,102,97,11,7,78,100,133,70,10,130,16" hai1="9,103,43,92,85,21,39,60,72,2,94,32,35" hai2="54,55,111,20,71,91,110,127,129,86,53,52,14" hai3="125,23,77,44,67,79,75,106,116,96,51,27,131"/><U29/><E72/><V25/><F71/><W18/><G125/><T93/><D70/><U105/><E60/><V95/><F127/><W47/><G131/><T19/><D133/><U89/><E105/><V34/><F129/><W83/><G116/><T46/><D130/><U63/><E63/><V68/><F68/><W98/><G67/><T36/><D78/><U0/><E21/><V59/><F14/><W80/><G106/><T112/><D112/><U134/><E134/><V22/><F34/><W5/><G5/><T6/><D107/><U87/><E103/><V56/><F22/><W66/><G66/><T124/><D124/><U28/><E43/><V4/><F4/><W99/><REACH who="3" step="1"/><G51/><REACH who="3" ten="175,353,374,88" step="2"/><T101/><D7/><U24/><E39/><V132/><F132/><W57/><G57/><T90/><D36/><U121/><E121/><V135/><F135/><W115/><G115/><T104/><D104/><U128/><E128/><V126/><F126/><W117/><G117/><T73/><D38/><U118/><E118/><V64/><F64/><W88/><G88/><T74/><D6/><U30/><E89/><V37/><F37/><W84/><AGARI ba="0,1" hai="18,23,27,44,47,75,77,79,80,83,84,96,98,99" machi="84" ten="30,7900,0" yaku="1,1,0,1,52,2,53,0" doraHai="42" doraHaiUra="62" who="3" fromWho="3" sc="175,-20,353,-39,374,-20,88,89" /><INIT seed="6,0,0,0,4,24" ten="155,314,354,177" oya="2" hai0="37,78,53,62,54,55,89,31,19,52,72,103,1" hai1="124,134,65,41,86,91,75,108,16,121,44,11,38" hai2="110,81,45,9,17,49,98,94,127,48,60,7,97" hai3="76,61,10,109,117,32,18,73,12,135,8,46,85"/><V40/><F127/><W23/><G117/><T29/><D1/><U79/><E108/><V47/><F110/><W104/><G73/><T28/><D37/><U14/><E124/><V84/><F17/><W129/><G109/><T119/><D119/><U39/><E134/><V6/><F60/><W92/><G32/><T63/><D103/><U133/><E133/><V106/><F106/><W131/><G104/><T42/><D42/><U102/><E102/><V112/><F112/><W83/><G46/><T59/><D72/><U58/><E79/><V130/><F130/><N who="3" m="49675" /><G135/><T3/><D3/><U70/><E70/><V68/><F68/><W105/><G105/><T43/><D43/><U67/><E75/><V57/><F57/><W122/><G122/><T4/><D78/><U95/><E121/><V132/><F94/><W87/><G61/><N who="0" m="36071" /><D4/><U36/><E36/><V66/><F66/><W34/><G34/><T107/><D107/><U33/><E39/><V101/><F101/><W22/><G22/><T96/><D19/><U25/><REACH who="1" step="1"/><E58/><REACH who="1" ten="155,304,354,177" step="2"/><V82/><F132/><W128/><G128/><T118/><D118/><U125/><E125/><V56/><F56/><W115/><G115/><T69/><D69/><U15/><E15/><V27/><F27/><W74/><G74/><T123/><D123/><U114/><E114/><V5/><F40/><W21/><G8/><T51/><D51/><U77/><E77/><V20/><F49/><W90/><AGARI ba="0,1" hai="10,12,18,21,23,76,83,85,87,90,92" m="49675" machi="90" ten="30,1100,0" yaku="19,1" doraHai="24" who="3" fromWho="3" sc="155,-3,304,-3,354,-5,177,21" /><INIT seed="7,0,0,4,3,92" ten="152,301,349,198" oya="3" hai0="6,115,113,39,20,34,26,95,13,118,135,31,23" hai1="45,103,85,102,69,66,131,57,119,68,67,44,64" hai2="94,107,47,50,21,15,17,105,108,114,14,91,110" hai3="124,24,30,12,104,70,38,62,28,10,76,97,90"/><W25/><G38/><T89/><D39/><U106/><E57/><V96/><F114/><N who="0" m="43530" /><D89/><U82/><E131/><V32/><F32/><W53/><G76/><T93/><D95/><U72/><E72/><V61/><F61/><W77/><G77/><T63/><D63/><U0/><E0/><V87/><F107/><W22/><G104/><T78/><D78/><U43/><E119/><V3/><F3/><W74/><G74/><T121/><D93/><U5/><E5/><V88/><F15/><W83/><G83/><T60/><D60/><U65/><N who="1" m="16896" /><DORA hai="40" /><U16/><E16/><V86/><F86/><W51/><G70/><N who="1" m="27242" /><E43/><V18/><F18/><W100/><G62/><T9/><D118/><U33/><E33/><V127/><F105/><W19/><G90/><T2/><D121/><U8/><E8/><V11/><F11/><W99/><G100/><N who="1" m="38442" /><E106/><V125/><F17/><W35/><G124/><T1/><D135/><U81/><E85/><V46/><F87/><W130/><G130/><T59/><D59/><AGARI ba="0,0" hai="10,12,19,22,24,25,28,30,35,51,53,59,97,99" machi="59" ten="30,5800,0" yaku="7,1,52,2" doraHai="92,40" who="3" fromWho="0" sc="152,-58,301,0,349,0,198,58" /><INIT seed="7,1,0,0,4,106" ten="94,301,349,256" oya="3" hai0="61,126,96,1,128,59,114,53,56,29,66,88,99" hai1="107,64,48,26,125,44,133,123,23,45,130,84,54" hai2="132,134,55,28,7,68,46,122,115,100,94,4,33" hai3="116,3,119,57,38,27,97,87,24,69,110,121,10"/><W2/><G69/><T36/><D128/><U85/><E123/><V62/><F115/><W32/><G121/><T37/><D126/><U86/><E125/><V42/><F122/><W117/><G38/><T51/><D114/><U70/><E107/><V79/><F79/><W108/><G97/><T50/><D1/><N who="3" m="9" /><G87/><T16/><D29/><U21/><E130/><V90/><F100/><W9/><G57/><T65/><D16/><U58/><E133/><N who="2" m="51307" /><F28/><N who="3" m="19463" /><G27/><T78/><D78/><U105/><E105/><V0/><F33/><W112/><G112/><T19/><D19/><U47/><E70/><V101/><F101/><W111/><AGARI ba="1,0" hai="9,10,108,110,111,116,117,119" m="19463,9" machi="111" ten="50,9600,0" yaku="10,1,34,2" doraHai="106" who="3" fromWho="3" sc="94,-33,301,-33,349,-33,256,99" owari="61,-44.0,268,-13.0,316,12.0,355,45.0" /></mjloggm>