<mjloggm ver="2.3"><GO type="169" lobby="0"/><UN n0="%E3%81%8B%E3%81%B4%E3%81%B1%E3%82%89" n1="%E3%81%9F%E3%82%93%E3%82%86%E3%81%86" n2="%E5%8F%B8%E7%8B%BC" n3="%E3%83%88%E3%83%88%E3%83%AA%E5%85%88%E7%94%9F%31%39%E6%AD%B3" dan="16,17,16,19" rate="2105.82,2143.90,2082.73,2271.15" sx="F,F,F,F"/><TAIKYOKU oya="0"/><INIT seed="0,0,0,1,3,74" ten="250,250,250,250" oya="0" hai0="42,60,6,94,130,91,104,103,9,41,58,131,61" hai1="37,95,7,79,67,39,40,21,1,23,72,75,13" hai2="119,93,80,73,125,77,18,30,101,19,43,99,129" hai3="78,2,27,52,16,10,4,123,25,47,5,98,57"/><T51/><D103/><U127/><E67/><V86/><F30/><W83/><G123/><T109/><D104/><U132/><E95/><V97/><F43/><W15/><G98/><T87/><D109/><U11/><E72/><V108/><F108/><W71/><G71/><T89/><D89/><U20/><E39/><V14/><F18/><W128/><G47/><T54/><D42/><U8/><E132/><V107/><F19/><W55/><G128/><N who="0" m="49195" /><D41/><U133/><E133/><V63/><F14/><AGARI ba="0,0" hai="6,9,14,51,54,58,60,61,87,91,94" m="49195" machi="14" ten="30,1500,0" yaku="19,1" doraHai="74" who="0" fromWho="2" sc="250,15,250,0,250,-15,250,0" /><INIT seed="0,1,0,3,5,82" ten="265,250,235,250" oya="0" hai0="93,68,109,124,12,45,7,30,119,17,66,123,88" hai1="129,27,38,33,120,103,18,98,64,117,73,72,111" hai2="32,31,46,95,65,57,125,115,110,50,39,101,135" hai3="61,122,37,76,43,132,2,79,60,6,58,9,92"/><T41/><D119/><U22/><E117/><V87/><F32/><W29/><G132/><T99/><D123/><U86/><E120/><V19/><F31/><W20/><G122/><T102/><D124/><U63/><E38/><V28/><F28/><W96/><G61/><T53/><D53/><U35/><E129/><V97/><F115/><W59/><G59/><T84/><D30/><U36/><E36/><V71/><F125/><W74/><G74/><T126/><D126/><U0/><E0/><V24/><F135/><W56/><G56/><T83/><D7/><U80/><E73/><V128/><F128/><W77/><G43/><T47/><D109/><U3/><E72/><V44/><F110/><W75/><G37/><T10/><REACH who="0" step="1"/><D41/><REACH who="0" ten="255,250,235,250" step="2"/><U121/><E121/><V8/><F39/><W127/><G127/><T34/><D34/><U69/><E111/><V52/><F71/><W14/><G29/><T55/><D55/><U112/><E112/><V13/><F65/><W90/><G75/><T131/><D131/><U104/><REACH who="1" step="1"/><E3/><REACH who="1" ten="255,240,235,250" step="2"/><V91/><REACH who="2" step="1"/><F24/><REACH who="2" ten="255,240,225,250" step="2"/><W100/><G2/><T48/><D48/><U133/><E133/><V105/><AGARI ba="1,3" hai="8,13,19,44,46,50,52,57,87,91,95,97,101,105" machi="105" ten="20,12000,2" yaku="1,1,2,1,0,1,7,1,52,1,54,1,53,1" doraHai="82" doraHaiUra="49" who="2" fromWho="2" sc="255,-61,240,-31,225,153,250,-31" /><INIT seed="1,0,0,0,1,82" ten="194,209,378,219" oya="1" hai0="52,94,107,119,49,33,116,31,127,128,51,125,75" hai1="69,63,70,81,78,92,44,123,27,13,99,93,65" hai2="60,132,59,35,41,86,5,80,48,134,101,30,133" hai3="32,42,118,108,22,15,121,89,120,58,25,12,10"/><U103/><E123/><V46/><F101/><W100/><G32/><T19/><D107/><U64/><E13/><V110/><F110/><W50/><G108/><T73/><D128/><U29/><E44/><V98/><F98/><W26/><G118/><T4/><D4/><U112/><E112/><V131/><F131/><W84/><G100/><T39/><D39/><U111/><E111/><V135/><F5/><W117/><G117/><T21/><D31/><U114/><E114/><V83/><F135/><W8/><G26/><T126/><D33/><U57/><E93/><V1/><F1/><W11/><G120/><T62/><D62/><U67/><E70/><V55/><F86/><W54/><G42/><T130/><D130/><U18/><E18/><V104/><F104/><W71/><G71/><T106/><D106/><U9/><E9/><V95/><F95/><N who="3" m="54695" /><G121/><T6/><D6/><U28/><E69/><V113/><F113/><W17/><AGARI ba="0,0" hai="8,10,11,12,15,17,22,25,50,54,58" m="54695" machi="17" ten="30,2000,0" yaku="8,1,52,1" doraHai="82" who="3" fromWho="3" sc="194,-5,209,-10,378,-5,219,20" /><INIT seed="2,0,0,5,1,1" ten="189,199,373,239" oya="2" hai0="87,111,113,80,95,78,74,128,70,60,42,75,18" hai1="126,44,59,39,7,28,30,52,14,86,37,84,53" hai2="125,109,73,76,105,131,133,25,46,5,6,66,20" hai3="8,90,119,33,63,23,93,106,81,82,51,96,67"/><V69/><F105/><W17/><G119/><T54/><D113/><U16/><E126/><V71/><F125/><W115/><G115/><T94/><D42/><U11/><E39/><V127/><F127/><W98/><G33/><T88/><D111/><U41/><E53/><V114/><F114/><W89/><G51/><T116/><D116/><U107/><E107/><V49/><F109/><W97/><G8/><T34/><D34/><U10/><E30/><V40/><F133/><W92/><G98/><T47/><D128/><U26/><E28/><V124/><F124/><W48/><G48/><T83/><D47/><U57/><E57/><V117/><F117/><W110/><G106/><T72/><D18/><U61/><E26/><V85/><F73/><N who="0" m="28266" /><D54/><U121/><E121/><V2/><F131/><W104/><G104/><T21/><D21/><U36/><E37/><V22/><F2/><AGARI ba="0,0" hai="2,7,10,11,14,16,36,41,44,52,59,61,84,86" machi="2" ten="30,7700,0" yaku="7,1,52,1,54,2" doraHai="1" who="1" fromWho="2" sc="189,0,199,77,373,-77,239,0" /><INIT seed="3,0,0,1,4,3" ten="189,276,296,239" oya="3" hai0="127,132,69,130,36,19,123,100,13,112,73,7,8" hai1="82,114,96,55,115,107,74,113,63,57,20,43,61" hai2="26,119,14,77,109,97,99,68,88,98,34,12,5" hai3="116,0,11,42,95,23,81,101,4,25,84,92,21"/><W111/><G116/><T120/><D100/><U79/><E43/><V126/><F119/><W122/><G122/><T51/><D36/><U91/><E61/><V104/><F68/><W80/><G111/><T9/><D73/><U38/><E38/><V110/><F126/><W24/><G42/><T75/><D75/><U30/><E30/><N who="2" m="19799" /><F77/><W2/><G101/><T35/><D51/><U48/><E107/><V93/><F104/><W72/><G72/><T125/><D69/><U40/><E20/><V6/><F14/><W133/><G133/><T58/><D58/><U33/><E33/><V66/><F66/><W17/><G2/><N who="0" m="119" /><D35/><U89/><E96/><N who="2" m="57383" /><F12/><W31/><REACH who="3" step="1"/><G81/><REACH who="3" ten="189,276,296,229" step="2"/><T47/><D132/><U65/><E40/><V78/><F78/><AGARI ba="0,1" hai="0,4,11,17,21,23,24,25,31,78,80,84,92,95" machi="78" ten="30,12000,1" yaku="1,1,2,1,7,1,52,1,53,1" doraHai="3" doraHaiUra="76" who="3" fromWho="2" sc="189,0,276,0,296,-120,229,130" /><INIT seed="3,1,0,1,0,5" ten="189,276,176,359" oya="3" hai0="108,14,68,47,2,53,96,124,129,32,76,97,35" hai1="112,131,70,69,7,81,17,10,52,116,126,105,89" hai2="12,63,82,34,37,27,95,84,87,1,20,115,80" hai3="48,125,57,4,107,74,132,127,85,3,54,56,8"/><W86/><G107/><T64/><D2/><U65/><E112/><V119/><F119/><W113/><G113/><T46/><D108/><U19/><E105/><V28/><F115/><W31/><G74/><T9/><D124/><N who="3" m="47689" /><G132/><T75/><D129/><U123/><E126/><V72/><F37/><W99/><G99/><T13/><D75/><U77/><E116/><V39/><F39/><W33/><G57/><T49/><D76/><U6/><E131/><V45/><F1/><W128/><G128/><T114/><D114/><U21/><E89/><V120/><F120/><W101/><G101/><T24/><D47/><U25/><E123/><V104/><F104/><W62/><G62/><T135/><D135/><U38/><E38/><V36/><F63/><W22/><G33/><T100/><D64/><U133/><E65/><V60/><F60/><W15/><G31/><T66/><D66/><U109/><E109/><V118/><F118/><W50/><G48/><T130/><D68/><U61/><E70/><V71/><F71/><W29/><G29/><T11/><D130/><U121/><E69/><V73/><F45/><W44/><G44/><T110/><D110/><U16/><E133/><V134/><F36/><W83/><G83/><T59/><D46/><U111/><E121/><V103/><F134/><W41/><G41/><T26/><D35/><U78/><E111/><V79/><F73/><W90/><G90/><T106/><D97/><U93/><E81/><V40/><F40/><W18/><AGARI ba="1,0" hai="3,4,8,15,18,22,50,54,56,85,86" m="47689" machi="18" ten="30,3000,0" yaku="18,1,52,1" doraHai="5" who="3" fromWho="3" sc="189,-11,276,-11,176,-11,359,33" /><INIT seed="3,2,0,5,3,45" ten="178,265,165,392" oya="3" hai0="4,87,10,25,0,37,76,1,125,32,3,8,66" hai1="85,18,21,14,7,127,109,113,62,110,91,81,27" hai2="35,132,83,54,116,86,64,88,41,69,56,122,102" hai3="93,20,12,130,80,107,77,22,60,108,128,15,65"/><W123/><G123/><T73/><D73/><U58/><E113/><V24/><F116/><W9/><G107/><T96/><D37/><U101/><E127/><V133/><F122/><W126/><G126/><T115/><D125/><U63/><E101/><V46/><F102/><W16/><G93/><T40/><D40/><U68/><E68/><V82/><F82/><W117/><G117/><T13/><D96/><U100/><E100/><V79/><F79/><W36/><G36/><T92/><D66/><U30/><E7/><V29/><F69/><W106/><G106/><T48/><D48/><U74/><E74/><V23/><F64/><W75/><G108/><N who="1" m="41578" /><E58/><V71/><F71/><W120/><G120/><T72/><D72/><U28/><E28/><V19/><F35/><AGARI ba="2,0" hai="14,18,21,27,30,35,62,63,81,85,91" m="41578" machi="35" ten="30,1000,0" yaku="14,1" doraHai="45" who="1" fromWho="2" sc="178,0,265,16,165,-16,392,0" /><INIT seed="4,0,0,4,5,93" ten="178,281,149,392" oya="0" hai0="96,106,110,97,24,47,90,87,16,91,132,57,6" hai1="60,26,88,122,50,85,49,18,21,71,52,114,66" hai2="78,41,98,5,42,86,25,94,130,27,102,56,104" hai3="4,116,68,9,121,65,32,23,76,40,8,14,64"/><T29/><D132/><U34/><E122/><V3/><F130/><W2/><G116/><T58/><D110/><U107/><E107/><V15/><F3/><W44/><G32/><T81/><D6/><U128/><E128/><V89/><F56/><N who="0" m="21610" /><D106/><U33/><E114/><V127/><F127/><W73/><G121/><T59/><D29/><U135/><E50/><V45/><F41/><W36/><G23/><N who="0" m="13415" /><D47/><U103/><E103/><V61/><F61/><W117/><G68/><T92/><N who="0" m="21618" /><T131/><DORA hai="100" /><D131/><U67/><E66/><V30/><F30/><W48/><G117/><T134/><D134/><U10/><E135/><V43/><F43/><W105/><G105/><T112/><D112/><U46/><REACH who="1" step="1"/><E10/><REACH who="1" ten="178,271,149,392" step="2"/><V12/><F78/><W69/><G48/><T19/><D19/><U118/><E118/><V109/><F109/><W113/><G113/><T84/><AGARI ba="0,1" hai="81,84,87,90,91,92,96,97" m="13415,21618" machi="84" ten="40,12000,1" yaku="8,1,52,2,54,1" doraHai="93,100" who="0" fromWho="0" sc="178,130,271,-40,149,-40,392,-40" /><INIT seed="4,1,0,2,0,62" ten="308,231,109,352" oya="0" hai0="38,5,26,23,22,35,29,122,87,108,40,100,80" hai1="117,119,37,134,114,49,48,116,91,46,76,8,135" hai2="41,63,104,109,12,106,7,132,103,75,110,32,126" hai3="72,79,94,101,18,127,44,102,24,43,70,73,57"/><T36/><D122/><U74/><E8/><V83/><F12/><W124/><G70/><T59/><D5/><U130/><E91/><V31/><F7/><W98/><G101/><T133/><D133/><N who="1" m="50699" /><E76/><V58/><F132/><W9/><G57/><T45/><D100/><U61/><E74/><V39/><F58/><W88/><G102/><T105/><D105/><U77/><E77/><V0/><F0/><W10/><G24/><T64/><D38/><U86/><E86/><V85/><F85/><W96/><G96/><T25/><D108/><U19/><E19/><V6/><F6/><W93/><G93/><T71/><D71/><U81/><E81/><V16/><F63/><W33/><G33/><T14/><D14/><U121/><E121/><V107/><F103/><W111/><G111/><T53/><D26/><U123/><E123/><V89/><F89/><W52/><G52/><T42/><D42/><N who="1" m="22863" /><E130/><V90/><F90/><W99/><G99/><T82/><D82/><U60/><E114/><V113/><F16/><W129/><G129/><T128/><D128/><U125/><E125/><N who="3" m="48202" /><G18/><T51/><D35/><U3/><E3/><V118/><F126/><W13/><G79/><T27/><D27/><U84/><E84/><V67/><F113/><W65/><G72/><T50/><D87/><U20/><E20/><V112/><F112/><W66/><G73/><T15/><D80/><U120/><E120/><V11/><F75/><W1/><G1/><T28/><D28/><U30/><E30/><V56/><F83/><W21/><G13/><T69/><D15/><U68/><E68/><RYUUKYOKU ba="1,0" sc="308,-10,231,30,109,-10,352,-10" hai1="48,49,60,61,116,117,119" /><INIT seed="5,2,0,1,2,104" ten="298,261,99,342" oya="1" hai0="97,55,21,30,87,0,74,135,100,54,99,113,27" hai1="127,39,134,101,133,57,72,63,78,29,44,28,84" hai2="118,56,112,124,120,95,43,88,85,47,132,130,131" hai3="82,128,93,123,111,24,114,91,48,129,23,119,14"/><U36/><E101/><V61/><F118/><W126/><G111/><T45/><D0/><U105/><E105/><V103/><F120/><W51/><G123/><T8/><D113/><U26/><E84/><V98/><F124/><W3/><G3/><T41/><D74/><U46/><E127/><V86/><F132/><N who="1" m="50793" /><E44/><V108/><F108/><W125/><G114/><T9/><D135/><U66/><E46/><V53/><F112/><W80/><G14/><T68/><D68/><U19/><E19/><V110/><F110/><W31/><G119/><T7/><D87/><U89/><E89/><V4/><F4/><W106/><G106/><T81/><D81/><N who="3" m="31337" /><G125/><T12/><D9/><U69/><E29/><V102/><F86/><N who="3" m="52471" /><G126/><T76/><D76/><U49/><E72/><V20/><F131/><AGARI ba="2,0" hai="23,24,31,48,51,128,129,131" m="52471,31337" machi="131" ten="30,1000,0" yaku="19,1" doraHai="104" who="3" fromWho="2" sc="298,0,261,0,99,-16,342,16" /><INIT seed="6,0,0,5,4,38" ten="298,261,83,358" oya="2" hai0="132,66,116,102,74,106,64,119,79,111,17,90,13" hai1="31,109,82,97,93,25,51,125,135,56,3,126,8" hai2="32,59,113,19,63,33,110,57,10,61,22,115,6" hai3="1,87,30,108,4,94,58,123,120,86,24,85,35"/><V72/><F72/><W27/><G108/><T134/><D111/><U43/><E109/><V12/><F110/><W20/><G1/><T34/><D34/><U99/><E135/><N who="0" m="51753" /><D90/><U89/><E82/><V49/><F49/><W78/><G4/><T96/><D79/><U92/><E8/><V105/><F105/><W14/><G14/><T98/><D98/><U81/><E81/><V54/><F115/><W2/><G2/><T122/><D122/><U29/><E3/><V67/><REACH who="2" step="1"/><F113/><REACH who="2" ten="298,261,73,358" step="2"/><W48/><G123/><T83/><D74/><U117/><E117/><V77/><F77/><W23/><G78/><T28/><D119/><U39/><E39/><V37/><F37/><W114/><G120/><T133/><D116/><U44/><E126/><V70/><F70/><W95/><G114/><T112/><D112/><U36/><E125/><V107/><F107/><W121/><G121/><T42/><D106/><U9/><E36/><V100/><F100/><W18/><G35/><T101/><D101/><U50/><E51/><V91/><F91/><W73/><G73/><T130/><D102/><U124/><E124/><V69/><F69/><W41/><G58/><T45/><D133/><U127/><E56/><V118/><F118/><W76/><G76/><T0/><D130/><U16/><E127/><V129/><F129/><W84/><N who="3" m="21504" /><DORA hai="68" /><W131/><G131/><T47/><D83/><U46/><E89/><V75/><F75/><W5/><G48/><T104/><D104/><U62/><E50/><V103/><F103/><W15/><G41/><T88/><D42/><U52/><E43/><RYUUKYOKU ba="0,1" sc="298,-15,261,-15,73,15,358,15" hai2="6,10,12,19,22,32,33,54,57,59,61,63,67" hai3="5,15,18,20,23,24,27,30,94,95" /><INIT seed="6,1,1,4,4,133" ten="283,246,88,373" oya="2" hai0="63,117,132,81,114,39,106,99,101,13,22,52,12" hai1="98,47,72,23,80,66,56,105,126,123,111,108,131" hai2="65,116,25,134,91,88,87,15,27,77,109,10,127" hai3="115,120,21,24,50,93,102,18,19,60,79,26,62"/><V48/><F116/><W119/><G119/><T54/><D132/><U46/><E123/><V11/><F134/><W30/><G120/><T100/><D117/><U32/><E32/><V95/><F109/><W3/><G3/><T58/><D39/><U1/><E1/><V28/><F77/><W7/><G7/><T92/><D114/><U40/><E47/><V14/><F65/><W104/><G104/><T73/><D101/><U31/><E105/><V8/><F127/><W94/><G115/><T34/><D34/><U118/><E98/><V61/><F61/><N who="3" m="23659" /><G79/><T122/><D122/><U86/><E72/><V20/><F48/><W82/><G82/><T128/><D128/><U112/><E131/><V78/><F78/><W74/><G24/><T71/><D81/><U33/><E33/><V41/><F41/><W96/><G74/><T4/><D73/><U124/><E56/><V9/><N who="2" m="2048" /><DORA hai="107" /><V55/><F55/><W83/><G83/><T68/><D54/><U29/><E66/><V85/><REACH who="2" step="1"/><F27/><REACH who="2" ten="283,246,78,373" step="2"/><W35/><G50/><T38/><D52/><U16/><E118/><V45/><F45/><W5/><G5/><T37/><D4/><U135/><E135/><V49/><F49/><W64/><G64/><T113/><D63/><U43/><E112/><V53/><F53/><W6/><G6/><T17/><D113/><U129/><E129/><V97/><F97/><W44/><G44/><T69/><D99/><U110/><E46/><V121/><F121/><W103/><G96/><T57/><D38/><U76/><E108/><V2/><F2/><W70/><G103/><RYUUKYOKU ba="1,2" sc="283,-10,246,-10,78,30,373,-10" hai2="14,15,20,25,28,85,87,88,91,95" /><INIT seed="6,2,2,3,1,78" ten="273,236,108,363" oya="2" hai0="60,120,8,106,39,5,65,57,34,28,26,1,84" hai1="133,132,93,24,0,100,63,16,67,47,134,66,81" hai2="14,12,76,35,117,101,110,126,7,11,112,29,88" hai3="72,82,17,116,79,40,56,48,55,15,85,74,124"/><V22/><F117/><W49/><G116/><T113/><D39/><U108/><E0/><V68/><F68/><W44/><G124/><T91/><D106/><U42/><E108/><V121/><F121/><W125/><G125/><T41/><D41/><U114/><E114/><V104/><F126/><W130/><G130/><T131/><D113/><U33/><E33/><V92/><F112/><W53/><G40/><T102/><D102/><U31/><E31/><V18/><F110/><W20/><AGARI ba="2,2" hai="15,17,20,44,48,49,53,55,56,72,74,79,82,85" machi="20" ten="20,2700,0" yaku="0,1,7,1,52,1" doraHai="78" who="3" fromWho="3" sc="273,-9,236,-9,108,-15,363,53" /><INIT seed="7,0,0,3,4,78" ten="264,227,93,416" oya="3" hai0="116,47,117,8,38,35,77,4,121,122,84,62,125" hai1="128,18,64,28,54,16,56,13,119,127,90,66,33" hai2="41,102,107,96,1,91,130,85,89,52,109,37,55" hai3="12,53,20,51,115,68,30,3,75,108,24,32,14"/><W59/><G75/><T39/><D84/><U71/><E128/><V86/><F1/><W27/><G3/><N who="0" m="31" /><D77/><U19/><E127/><V60/><F109/><W26/><G115/><T132/><D125/><U118/><E13/><V49/><F130/><W2/><G68/><T101/><D101/><U57/><E71/><V43/><F37/><N who="0" m="13834" /><D47/><U42/><E42/><V100/><F60/><W0/><G27/><T129/><D62/><U5/><E5/><V93/><F100/><W79/><G79/><T11/><D11/><U83/><E28/><V80/><REACH who="2" step="1"/><F55/><REACH who="2" ten="264,227,83,416" step="2"/><W82/><G108/><T111/><D129/><U40/><E54/><V23/><F23/><W120/><G20/><T25/><D111/><U133/><E33/><V114/><F114/><W22/><G32/><T69/><D35/><U31/><E118/><V131/><F131/><W113/><G113/><T99/><D117/><U58/><E119/><V44/><AGARI ba="0,1" hai="41,43,44,49,52,80,85,86,89,91,93,96,102,107" machi="44" ten="20,8000,1" yaku="1,1,0,1,7,1,52,1,54,1,53,0" doraHai="78" doraHaiUra="29" who="2" fromWho="2" sc="264,-20,227,-20,83,90,416,-40" owari="244,4.0,207,-19.0,173,-33.0,376,48.0" /></mjloggm>