<mjloggm ver="2.3"><GO type="169" lobby="0"/><UN n0="%E3%83%88%E3%83%88%E3%83%AA%E5%85%88%E7%94%9F%31%39%E6%AD%B3" n1="%E7%B7%8B%E7%82%89%E3%82%BF%E3%83%AD%E3%82%A6" n2="%E2%98%85%E9%A2%A8%E3%81%AE%E8%B0%B7%E2%98%85" n3="%E6%B9%98%E5%8C%97%E2%91%AD%E4%B8%89%E4%BA%95%E5%AF%BF" dan="19,16,18,17" rate="2276.55,2087.61,2175.03,2205.07" sx="F,M,F,M"/><TAIKYOKU oya="0"/><INIT seed="0,0,0,2,0,5" ten="250,250,250,250" oya="0" hai0="54,84,101,89,46,61,18,8,100,108,17,122,43" hai1="105,58,9,19,110,21,29,129,11,69,14,67,0" hai2="92,134,127,70,59,79,85,49,76,113,7,86,96" hai3="1,102,116,24,120,112,103,130,31,26,91,109,95"/><T71/><D122/><U128/><E69/><V133/><F70/><W38/><G38/><T51/><D108/><U50/><E105/><V35/><F113/><W115/><G1/><T2/><D18/><U41/><E41/><V28/><F127/><W22/><G109/><T77/><D77/><N who="2" m="29770" /><F35/><W121/><G116/><T73/><D73/><U6/><E50/><V48/><F28/><W3/><G3/><T20/><D2/><U30/><E58/><V97/><F7/><W107/><G107/><T87/><D87/><N who="2" m="33290" /><F59/><W81/><G81/><T37/><D37/><U132/><E67/><V15/><F15/><W47/><G47/><T25/><D43/><U99/><E99/><N who="2" m="37963" /><F92/><W124/><G95/><T72/><D72/><U75/><E75/><V104/><F104/><W83/><G31/><N who="1" m="11786" /><E110/><V27/><F27/><W118/><G26/><T74/><D74/><U39/><E39/><V42/><F42/><W114/><G24/><T131/><D71/><U117/><E117/><V94/><F94/><W63/><G118/><T34/><D34/><U119/><E119/><V65/><F65/><W23/><G115/><T40/><D40/><U123/><E21/><V126/><F126/><W45/><G124/><T78/><D46/><U53/><E53/><V68/><F68/><W62/><G45/><T64/><D54/><U12/><E0/><V98/><N who="2" m="37971" /><V16/><DORA hai="36" /><F16/><W33/><G33/><T82/><D64/><U111/><E111/><V60/><F60/><W44/><G44/><T13/><D61/><U90/><E6/><V106/><F106/><W66/><G66/><RYUUKYOKU ba="0,0" sc="250,-10,250,-10,250,30,250,-10" hai2="48,49,133,134" /><INIT seed="1,1,0,0,1,20" ten="240,240,280,240" oya="1" hai0="113,42,80,15,4,85,6,39,33,115,71,48,103" hai1="91,28,18,70,44,120,40,26,127,95,32,135,34" hai2="129,90,116,27,49,97,93,81,109,134,38,79,98" hai3="84,58,13,75,7,37,9,51,122,22,56,132,76"/><U124/><E135/><V24/><F38/><W17/><G37/><T57/><D71/><U16/><E120/><V64/><F116/><W21/><G75/><T89/><D39/><N who="1" m="21535" /><E34/><V59/><F134/><W30/><G132/><T12/><D33/><U99/><E70/><V1/><F1/><W68/><G68/><T55/><D42/><U14/><E14/><V125/><F125/><AGARI ba="1,0" hai="16,18,26,28,32,91,95,99,124,125,127" m="21535" machi="125" ten="30,5800,0" yaku="18,1,52,1,54,1" doraHai="20" who="1" fromWho="2" sc="240,0,240,61,280,-61,240,0" /><INIT seed="1,2,0,4,1,83" ten="240,301,219,240" oya="1" hai0="91,47,109,57,117,98,78,15,60,13,99,66,104" hai1="58,88,34,32,7,8,122,74,129,49,52,113,44" hai2="124,18,95,126,45,110,79,62,56,63,135,131,73" hai3="2,28,1,86,71,3,41,87,75,116,12,33,130"/><U85/><E129/><V26/><F110/><W90/><G75/><T53/><D117/><U106/><E74/><V29/><F131/><W39/><G71/><T112/><D112/><U94/><E113/><V72/><F135/><W120/><G130/><T114/><D114/><U19/><E106/><V65/><F18/><W16/><G120/><T132/><D132/><U48/><E19/><V81/><F45/><W103/><G103/><T0/><D0/><U31/><E31/><V10/><F10/><W24/><G116/><T108/><D78/><U127/><E127/><V43/><F43/><W61/><G61/><T46/><D104/><U121/><E122/><V36/><F36/><W70/><G70/><T69/><D47/><U64/><E121/><V68/><F73/><W80/><G41/><T35/><D46/><U17/><E17/><V77/><F77/><W67/><G67/><T5/><D35/><U54/><E64/><V40/><F40/><W9/><REACH who="3" step="1"/><G87/><REACH who="3" ten="240,301,219,230" step="2"/><T123/><D123/><U37/><E37/><AGARI ba="2,1" hai="1,2,3,9,12,16,24,28,33,37,39,80,86,90" machi="37" ten="40,8000,1" yaku="1,1,2,1,52,1,54,1,53,1" doraHai="83" doraHaiUra="6" who="3" fromWho="1" sc="240,0,301,-86,219,0,230,96" /><INIT seed="2,0,0,3,4,43" ten="240,215,219,326" oya="2" hai0="105,62,114,125,36,91,0,100,93,108,26,59,111" hai1="67,70,45,69,44,3,132,92,98,89,109,24,76" hai2="10,116,135,106,84,20,101,124,35,14,79,52,23" hai3="65,25,31,127,112,82,5,47,34,16,41,50,87"/><V131/><F35/><W83/><G127/><T27/><D114/><U37/><E3/><V68/><F116/><W11/><G112/><T120/><D120/><U39/><E76/><V61/><F124/><W53/><G65/><T119/><D125/><U123/><E37/><V122/><F122/><W33/><G33/><T55/><D0/><U78/><E39/><V99/><F135/><W49/><G87/><N who="0" m="52479" /><D36/><U1/><E123/><V22/><F131/><W110/><G110/><N who="0" m="42027" /><D119/><U7/><E109/><V102/><F102/><W86/><G86/><T42/><D42/><U94/><E78/><V74/><F74/><W126/><G126/><T130/><D130/><U134/><E24/><V129/><F129/><W19/><G83/><T121/><D121/><U17/><E17/><V60/><F68/><N who="1" m="26217" /><E67/><V13/><F13/><W88/><G82/><T8/><D8/><N who="1" m="2159" /><E92/><V96/><F96/><AGARI ba="0,0" hai="26,27,55,59,62,96,100,105" m="42027,52479" machi="96" ten="30,1000,0" yaku="14,1" doraHai="43" who="0" fromWho="2" sc="240,10,215,0,219,-10,326,0" /><INIT seed="3,0,0,1,5,127" ten="250,215,209,326" oya="3" hai0="6,89,31,37,128,78,80,90,121,64,5,20,60" hai1="3,81,110,98,45,69,114,59,79,72,54,67,83" hai2="103,58,21,52,13,51,30,57,95,73,62,2,17" hai3="47,34,55,53,68,115,126,33,104,84,10,94,39"/><W15/><G68/><T46/><D121/><U106/><E110/><V88/><F73/><W23/><G104/><T100/><D100/><U111/><E111/><V12/><F2/><W99/><G126/><T102/><D102/><U14/><E3/><V44/><F103/><W85/><G115/><T116/><D116/><U18/><E106/><V87/><F30/><W117/><G117/><T19/><D31/><U97/><E114/><V125/><F125/><W36/><G23/><T71/><D37/><U26/><E26/><V107/><F107/><W124/><G124/><T133/><D46/><U74/><E45/><V91/><F91/><W41/><G39/><T65/><D65/><U101/><E67/><V40/><F58/><W9/><G9/><T122/><D133/><U75/><E69/><V109/><F109/><W4/><G85/><T28/><D28/><U0/><E0/><V56/><F57/><W129/><G84/><N who="0" m="48151" /><D122/><U119/><E119/><V120/><F120/><W29/><G29/><T24/><D90/><U92/><E98/><V8/><F8/><W123/><G123/><T16/><D89/><U25/><E25/><AGARI ba="0,0" hai="12,13,17,21,25,40,44,51,52,56,62,87,88,95" machi="25" ten="30,7700,0" yaku="7,1,8,1,54,2" doraHai="127" who="2" fromWho="1" sc="250,0,215,-77,209,77,326,0" /><INIT seed="4,0,0,3,3,54" ten="250,138,286,326" oya="0" hai0="37,2,62,106,73,41,36,70,71,52,11,84,34" hai1="122,108,50,8,4,64,23,96,32,89,82,57,91" hai2="128,124,25,130,68,66,117,29,119,101,102,93,46" hai3="63,121,18,55,31,10,125,0,45,78,111,90,123"/><T44/><D34/><U43/><E108/><V60/><F124/><W81/><G31/><T59/><D106/><U85/><E122/><N who="3" m="46602" /><G90/><T28/><D28/><U35/><E23/><N who="2" m="15551" /><F46/><W38/><G111/><T92/><D84/><U120/><E120/><V105/><F105/><W69/><G18/><T114/><D92/><U58/><E32/><V40/><F40/><N who="3" m="22679" /><G69/><N who="0" m="26123" /><D2/><U103/><E35/><V75/><F75/><W6/><G125/><T27/><D73/><U67/><E50/><V98/><F102/><W133/><G133/><T16/><D16/><U42/><E89/><V19/><F19/><W20/><G20/><T22/><D11/><U30/><E30/><V21/><F21/><W77/><G81/><T39/><D22/><U83/><E83/><V80/><F80/><W47/><G78/><T112/><D27/><U115/><E115/><AGARI ba="0,0" hai="36,37,39,41,44,52,59,62,112,114,115" m="26123" machi="115" ten="30,12000,1" yaku="15,1,34,2,52,1,54,1" doraHai="54" who="0" fromWho="1" sc="250,120,138,-120,286,0,326,0" /><INIT seed="4,1,0,3,3,130" ten="370,18,286,326" oya="0" hai0="2,52,127,45,122,113,1,37,88,32,4,82,83" hai1="46,91,74,90,63,112,11,114,50,59,53,126,5" hai2="34,23,133,30,99,28,119,31,95,13,135,61,62" hai3="78,14,21,51,10,87,47,104,66,26,40,125,22"/><T118/><D118/><U60/><E126/><V73/><F73/><W77/><G104/><T67/><D122/><U39/><E39/><V55/><F34/><W25/><G125/><T54/><D32/><U43/><E74/><V76/><F76/><W24/><G66/><T131/><D127/><U75/><E75/><V97/><F119/><W49/><G49/><N who="0" m="28719" /><D37/><U70/><E63/><N who="2" m="24075" /><F55/><W48/><G48/><T0/><D4/><U132/><E70/><V96/><F13/><W109/><G109/><T84/><D67/><U117/><E117/><V111/><F23/><N who="3" m="8715" /><G87/><T9/><D9/><U42/><E42/><V7/><F7/><AGARI ba="1,0" hai="7,10,14,24,25,26,40,47,51,77,78" m="8715" machi="7" ten="30,1000,0" yaku="8,1" doraHai="130" who="3" fromWho="2" sc="370,0,18,0,286,-13,326,13" /><INIT seed="5,0,0,3,5,68" ten="370,18,273,339" oya="1" hai0="130,29,30,2,89,109,64,83,71,133,6,13,56" hai1="44,9,61,80,116,7,45,34,105,41,24,10,70" hai2="126,25,67,97,79,95,121,20,102,125,55,92,84" hai3="36,38,26,106,88,120,63,123,103,91,40,118,53"/><U35/><E116/><V112/><F121/><W28/><G118/><T127/><D109/><U81/><E70/><V98/><F112/><W21/><G103/><T76/><D2/><U60/><E24/><V115/><F115/><W113/><G106/><T65/><D71/><U46/><E41/><V124/><F67/><W0/><G0/><T129/><D133/><U100/><E100/><V3/><F3/><W134/><G113/><T47/><D127/><U86/><E86/><V58/><F79/><W14/><G134/><T37/><D89/><U16/><E105/><V69/><F69/><W57/><G14/><T131/><D6/><U50/><E50/><N who="2" m="31095" /><F84/><W74/><G74/><N who="0" m="43415" /><D13/><U51/><E51/><V32/><F32/><N who="1" m="12329" /><E16/><N who="2" m="12423" /><F98/><W52/><G53/><T94/><D94/><AGARI ba="0,0" hai="92,94,95,97,102,124,125,126" m="12423,31095" machi="94" ten="30,2000,0" yaku="18,1,54,1" doraHai="68" who="2" fromWho="0" sc="370,-20,18,0,273,20,339,0" /><INIT seed="6,0,0,4,3,5" ten="350,18,293,339" oya="2" hai0="124,38,39,103,78,129,125,123,25,94,64,59,74" hai1="99,55,36,31,53,26,63,62,70,82,2,128,22" hai2="89,1,133,29,96,130,66,50,84,44,91,19,4" hai3="18,52,119,114,15,10,33,100,20,121,48,47,7"/><V122/><F122/><W105/><G121/><T77/><D123/><U58/><E128/><V30/><F130/><W111/><G119/><T98/><D129/><U23/><E70/><V17/><F133/><W87/><G111/><T83/><D77/><U51/><E2/><V12/><F66/><W81/><G33/><T110/><D110/><U92/><E36/><V104/><F1/><W93/><G105/><T16/><D64/><U102/><E82/><V3/><F3/><W95/><G100/><T40/><D59/><U46/><E23/><V28/><F104/><W14/><G114/><T118/><D118/><U75/><E75/><V42/><F96/><W43/><G43/><T97/><D97/><U67/><REACH who="1" step="1"/><E62/><REACH who="1" ten="350,8,293,339" step="2"/><V107/><F107/><W11/><G20/><T106/><D38/><U32/><E32/><V127/><F127/><W79/><AGARI ba="0,1" hai="7,10,11,14,15,18,47,48,52,79,81,87,93,95" machi="79" ten="20,12000,2" yaku="0,1,7,1,8,1,52,2,54,1" doraHai="5" who="3" fromWho="3" sc="350,-30,8,-30,293,-60,339,130" owari="320,12.0,-22,-52.0,233,-17.0,469,57.0" /></mjloggm>