<mjloggm ver="2.3"><GO type="169" lobby="0"/><UN n0="%E3%83%88%E3%82%B7%E3%83%95%E3%83%BC%E3%83%8B" n1="%69%6E%61%62%61%54" n2="%E3%83%88%E3%83%88%E3%83%AA%E5%85%88%E7%94%9F%31%39%E6%AD%B3" n3="%E3%81%9B%E3%81%95%E3%81%BF%E3%82%93%E2%99%AA" dan="16,16,19,18" rate="2125.66,2082.00,2265.39,2192.43" sx="M,M,F,F"/><TAIKYOKU oya="0"/><INIT seed="0,0,0,5,3,49" ten="250,250,250,250" oya="0" hai0="100,80,40,71,108,4,98,118,27,119,6,113,46" hai1="56,21,11,19,99,111,114,45,97,92,26,55,37" hai2="38,57,25,2,58,94,3,9,54,33,89,31,66" hai3="103,123,1,91,7,51,53,48,104,42,14,126,29"/><T75/><D113/><U18/><E114/><V77/><F38/><W52/><G126/><T128/><D71/><U86/><E111/><V106/><F106/><W10/><G123/><T30/><D108/><U96/><E37/><V132/><F132/><W112/><G112/><T90/><D128/><U84/><E45/><V17/><F77/><W32/><G1/><T22/><D119/><U129/><E129/><V79/><F79/><W105/><G32/><T43/><D118/><U41/><E41/><V107/><F107/><W78/><G78/><T16/><D75/><U87/><E11/><V130/><F130/><W50/><G42/><T134/><D134/><U121/><E121/><V12/><F58/><W85/><G29/><T102/><D40/><U39/><E39/><V8/><F66/><W115/><G115/><T23/><D90/><U60/><REACH who="1" step="1"/><E18/><REACH who="1" ten="250,240,250,250" step="2"/><V15/><F9/><W125/><G125/><T135/><D135/><U127/><E127/><V117/><F117/><W24/><G24/><T122/><D122/><U63/><E63/><V62/><REACH who="2" step="1"/><F15/><REACH who="2" ten="250,240,240,250" step="2"/><W81/><REACH who="3" step="1"/><G105/><REACH who="3" ten="250,240,240,240" step="2"/><N who="0" m="63639" /><D27/><U76/><E76/><V64/><F64/><W72/><G72/><T68/><D30/><U36/><E36/><V59/><F59/><W5/><G5/><T70/><D4/><U133/><E133/><V101/><F101/><AGARI ba="0,3" hai="19,21,26,55,56,60,84,86,87,92,96,97,99,101" machi="101" ten="40,12000,2" yaku="1,1,8,1,52,1,53,3" doraHai="49" doraHaiUra="83" who="1" fromWho="2" sc="250,0,240,150,240,-120,240,0" /><INIT seed="1,0,0,2,3,129" ten="250,390,120,240" oya="1" hai0="40,75,69,45,61,120,54,24,77,134,6,108,4" hai1="1,15,8,101,68,51,126,102,122,3,105,12,91" hai2="110,52,59,74,39,64,21,86,27,18,130,0,19" hai3="84,93,34,131,117,128,53,100,85,22,118,82,29"/><U99/><E122/><V63/><F74/><W123/><G34/><T38/><D120/><U66/><E126/><V83/><F39/><W76/><G29/><T115/><D115/><U11/><E101/><V36/><F36/><W44/><G44/><T7/><D108/><U81/><E51/><V67/><F110/><W25/><G53/><T20/><D75/><U80/><E66/><V31/><F0/><W79/><G22/><T50/><D77/><U33/><E68/><V37/><F37/><W65/><G25/><T121/><D121/><U107/><E102/><V112/><F130/><N who="3" m="49707" /><G65/><T94/><D94/><U41/><E91/><V88/><F112/><W127/><G123/><T30/><D61/><U104/><E104/><V111/><F111/><W2/><G2/><T132/><REACH who="0" step="1"/><D69/><REACH who="0" ten="240,390,120,240" step="2"/><U97/><REACH who="1" step="1"/><E33/><REACH who="1" ten="240,380,120,240" step="2"/><V26/><REACH who="2" step="1"/><F19/><REACH who="2" ten="240,380,110,240" step="2"/><W56/><G127/><T14/><D14/><U58/><E58/><AGARI ba="0,3" hai="4,6,7,20,24,30,38,40,45,50,54,58,132,134" machi="58" ten="40,5200,0" yaku="1,1,52,2,53,0" doraHai="129" doraHaiUra="103" who="0" fromWho="1" sc="240,82,380,-52,110,0,240,0" /><INIT seed="2,0,0,3,4,111" ten="322,328,110,240" oya="2" hai0="67,123,49,130,107,114,46,131,72,90,116,76,12" hai1="112,51,23,57,128,101,9,7,95,113,44,33,109" hai2="79,129,77,74,108,62,25,37,81,120,38,89,41" hai3="134,115,118,65,69,135,127,78,34,3,39,48,32"/><V52/><F120/><W88/><G127/><T84/><D123/><U19/><E33/><V5/><F108/><W22/><G39/><T96/><D116/><U47/><E109/><V102/><F129/><W94/><G118/><T36/><D36/><U26/><E128/><V68/><F79/><W16/><G3/><T27/><D67/><U97/><E57/><V63/><F102/><W110/><G110/><T54/><D27/><U125/><E125/><V21/><F68/><W75/><G115/><T13/><D114/><U104/><E104/><V58/><F41/><W56/><G69/><T70/><D70/><U28/><E28/><V17/><F62/><N who="3" m="38087" /><G75/><T64/><D64/><U43/><REACH who="1" step="1"/><E47/><REACH who="1" ten="322,318,110,240" step="2"/><V30/><F5/><W14/><G34/><T73/><D107/><U40/><E40/><V60/><F60/><W55/><G32/><T119/><D119/><U20/><E20/><V24/><REACH who="2" step="1"/><F89/><REACH who="2" ten="322,318,100,240" step="2"/><W98/><G135/><T83/><D131/><U117/><E117/><V133/><F133/><W82/><G134/><T66/><D130/><U59/><E59/><V29/><F29/><W61/><G78/><T11/><D76/><U105/><E105/><V86/><F86/><N who="3" m="50263" /><G61/><T35/><D73/><U124/><E124/><V80/><F80/><W87/><G87/><T10/><D72/><U92/><E92/><V6/><F6/><W31/><G94/><T1/><D84/><U45/><E45/><V2/><F2/><AGARI ba="0,2" hai="2,7,9,19,23,26,43,44,51,95,97,101,112,113" machi="2" ten="30,8000,1" yaku="1,1,7,1,52,2,53,1" doraHai="111" doraHaiUra="4" who="1" fromWho="2" sc="322,0,318,100,100,-80,240,0" /><INIT seed="3,0,0,1,1,33" ten="322,418,20,240" oya="3" hai0="2,50,45,53,30,117,49,21,76,132,134,99,83" hai1="38,80,128,110,46,93,10,120,89,113,59,118,105" hai2="14,15,84,127,101,27,43,19,61,75,104,3,106" hai3="88,34,68,121,125,82,57,24,123,112,11,124,111"/><W67/><G68/><T25/><D117/><U18/><E120/><V29/><F75/><W41/><G112/><T58/><D99/><U122/><E122/><V55/><F127/><N who="3" m="48715" /><G41/><T66/><D2/><U109/><E105/><V69/><F43/><W135/><G135/><N who="0" m="51755" /><D66/><U107/><E107/><V1/><F15/><W56/><G56/><T78/><D83/><U8/><E113/><V119/><F119/><W92/><G82/><T130/><D130/><U20/><E118/><V44/><F84/><W126/><N who="3" m="48723" /><W97/><DORA hai="47" /><G111/><N who="1" m="42506" /><E80/><V74/><F74/><W90/><G90/><T65/><D65/><U37/><E59/><V0/><F101/><W85/><G85/><T73/><D73/><U17/><E46/><V62/><F62/><N who="3" m="38351" /><G11/><T116/><D116/><U4/><E10/><V102/><F102/><W52/><G52/><AGARI ba="0,0" hai="21,25,30,45,49,50,52,53,58,76,78" m="51755" machi="52" ten="30,7700,0" yaku="20,1,52,2,54,1" doraHai="33,47" who="0" fromWho="3" sc="322,77,418,0,20,0,240,-77" /><INIT seed="4,0,0,2,1,27" ten="399,418,20,163" oya="0" hai0="93,31,14,86,12,64,130,65,35,80,95,6,49" hai1="121,67,83,119,71,58,99,47,101,72,82,2,13" hai2="102,39,24,54,23,98,91,87,123,33,85,5,10" hai3="1,43,44,20,69,88,109,116,42,41,106,19,60"/><T51/><D130/><U29/><E2/><V133/><F123/><W126/><G116/><T9/><D35/><U131/><E121/><V135/><F39/><W105/><G109/><T38/><D38/><U56/><E119/><V73/><F73/><W4/><G126/><T57/><D31/><U63/><E131/><V117/><F33/><W59/><G69/><T17/><D93/><N who="1" m="58607" /><E72/><V110/><F110/><W118/><G88/><N who="0" m="53655" /><D80/><N who="1" m="30763" /><E71/><V111/><F111/><W90/><G60/><N who="0" m="37903" /><D65/><U3/><E3/><V37/><F37/><W122/><G1/><T92/><D92/><U124/><E124/><V96/><F117/><W8/><G105/><T107/><D107/><U0/><E0/><V100/><F100/><W16/><G106/><T127/><D127/><U78/><E78/><V32/><F32/><W81/><G81/><T108/><D108/><U34/><E34/><V55/><F102/><W115/><G118/><T18/><D6/><U68/><E68/><V25/><F5/><W48/><G4/><T40/><D40/><U79/><E79/><V53/><F91/><W97/><G41/><T120/><D120/><U114/><E114/><V62/><F62/><W66/><G42/><T103/><D103/><U112/><E112/><V74/><F74/><W132/><G115/><T21/><AGARI ba="0,0" hai="9,12,14,17,18,21,49,51" m="37903,53655" machi="21" ten="30,3000,0" yaku="8,1,54,1" doraHai="27" who="0" fromWho="0" sc="399,30,418,-10,20,-10,163,-10" /><INIT seed="4,1,0,2,4,14" ten="429,408,10,153" oya="0" hai0="85,104,44,27,92,71,33,2,135,41,46,101,52" hai1="53,69,128,12,119,89,106,43,75,8,6,45,88" hai2="13,37,47,125,124,105,129,110,126,51,34,81,93" hai3="95,77,103,31,57,48,120,113,59,36,40,24,94"/><T117/><D2/><U90/><E119/><V87/><F110/><W15/><G120/><T7/><D71/><U107/><E128/><V9/><F105/><W115/><G77/><T78/><D7/><U4/><E75/><V86/><F34/><W76/><G76/><T22/><D33/><U83/><E69/><V61/><F37/><W133/><G133/><T64/><D64/><U72/><E53/><V50/><F129/><W73/><G73/><T32/><D32/><U62/><E62/><V1/><F1/><W60/><G36/><T132/><D117/><U74/><E4/><V68/><F93/><W65/><G15/><T127/><D127/><U26/><E26/><V80/><F61/><W54/><G40/><T108/><D108/><U131/><E131/><V109/><F68/><W16/><G16/><N who="0" m="12743" /><D104/><U23/><E23/><V28/><F28/><W91/><G31/><T39/><D78/><U82/><E74/><V20/><F20/><W134/><G134/><N who="0" m="51243" /><D85/><N who="2" m="32266" /><F109/><W100/><G24/><T58/><D41/><U63/><E72/><V99/><F99/><W67/><G67/><T122/><D39/><N who="1" m="21759" /><E107/><V38/><F38/><W29/><G29/><T18/><D122/><U42/><E42/><N who="2" m="24951" /><F51/><W70/><G48/><N who="0" m="30983" /><D18/><AGARI ba="1,0" hai="9,13,18,80,81,124,125,126" m="24951,32266" machi="18" ten="30,2000,0" yaku="18,1,52,1" doraHai="14" who="2" fromWho="0" sc="429,-23,408,0,10,23,153,0" /><INIT seed="5,0,0,2,3,114" ten="406,408,33,153" oya="1" hai0="24,7,113,91,123,46,35,54,55,67,16,118,107" hai1="129,75,94,25,89,52,23,10,117,57,37,68,97" hai2="38,90,20,58,61,70,71,56,2,26,126,124,36" hai3="116,50,41,108,74,66,125,121,12,48,19,5,47"/><U44/><E68/><V110/><F2/><W29/><G121/><T13/><D107/><U85/><E75/><V32/><F32/><W122/><G122/><T28/><D118/><U42/><E129/><V84/><F110/><W51/><G108/><T111/><D111/><U82/><E10/><V127/><F70/><W77/><G29/><T11/><D123/><U30/><E117/><V31/><F71/><W86/><G116/><T98/><D113/><U34/><E34/><V81/><REACH who="2" step="1"/><F58/><REACH who="2" ten="406,408,23,153" step="2"/><W134/><G134/><T92/><D46/><U22/><E22/><V14/><F14/><W62/><G125/><T4/><D67/><AGARI ba="0,1" hai="20,26,31,36,38,56,61,67,81,84,90,124,126,127" machi="67" ten="40,8000,1" yaku="1,1,18,1,53,3" doraHai="114" doraHaiUra="135" who="2" fromWho="0" sc="406,-80,408,0,23,90,153,0" /><INIT seed="6,0,0,2,3,127" ten="326,408,113,153" oya="2" hai0="98,123,120,41,107,56,45,92,40,16,10,84,87" hai1="70,32,124,93,17,36,102,113,86,119,112,67,81" hai2="122,0,105,73,18,109,116,3,100,134,58,133,38" hai3="77,29,47,68,23,6,69,44,104,118,115,90,83"/><V51/><F116/><W53/><G118/><T43/><D107/><U117/><E36/><V65/><F122/><W27/><G104/><T89/><D123/><U19/><E32/><V66/><F38/><W97/><G115/><N who="1" m="44106" /><E124/><V22/><F73/><W13/><G69/><T26/><D120/><U1/><E1/><N who="2" m="587" /><F51/><N who="3" m="28903" /><G68/><T79/><D45/><U46/><E46/><V128/><F109/><W76/><G47/><T121/><D121/><U135/><E135/><N who="2" m="51723" /><F58/><W61/><G61/><T131/><D56/><U2/><E2/><V110/><F110/><W21/><G21/><T130/><D79/><N who="3" m="30281" /><G97/><T82/><D82/><U28/><E70/><V99/><F128/><N who="0" m="49194" /><D26/><AGARI ba="0,0" hai="18,22,26,65,66,99,100,105" m="51723,587" machi="26" ten="30,1500,0" yaku="20,1" doraHai="127" who="2" fromWho="0" sc="326,-15,408,0,113,15,153,0" /><INIT seed="6,1,0,2,5,68" ten="311,408,128,153" oya="2" hai0="122,75,47,4,63,121,49,129,70,107,132,96,65" hai1="23,83,35,128,6,1,57,84,54,117,55,87,82" hai2="58,38,44,73,106,77,118,24,95,86,81,13,105" hai3="89,27,127,10,42,71,78,80,16,11,76,72,61"/><V43/><F118/><W26/><G127/><T51/><D75/><U9/><E35/><V45/><F58/><W85/><G42/><T21/><D132/><U30/><E117/><V14/><F45/><W131/><G131/><T116/><D116/><U62/><E128/><V93/><F24/><W130/><G130/><T135/><D135/><U48/><E23/><V112/><F112/><W22/><G27/><T53/><D129/><U94/><E30/><V28/><F28/><W59/><G71/><T119/><D119/><U113/><E113/><V18/><F14/><W88/><G89/><T102/><D4/><U101/><E84/><V31/><F31/><W36/><G36/><T91/><D21/><U37/><E37/><V79/><F79/><N who="3" m="30251" /><G72/><T69/><D69/><U125/><E125/><V99/><F73/><W41/><G41/><T98/><D51/><U97/><E87/><V74/><F74/><W25/><G25/><T104/><D91/><U5/><E5/><V33/><F33/><W15/><G26/><T64/><D64/><AGARI ba="1,0" hai="10,11,15,16,22,59,61,64,80,85,88" m="30251" machi="64" ten="30,3900,0" yaku="8,1,54,2" doraHai="68" who="3" fromWho="0" sc="311,-42,408,0,128,0,153,42" /><INIT seed="7,0,0,4,0,42" ten="269,408,128,195" oya="3" hai0="31,29,61,134,6,113,18,90,51,46,36,43,26" hai1="27,74,8,39,128,38,122,56,71,66,40,107,24" hai2="114,15,91,5,96,60,78,62,22,54,81,116,67" hai3="88,123,75,105,0,115,106,17,16,4,11,101,14"/><W35/><G123/><T45/><D134/><U131/><E122/><V65/><F116/><W108/><G115/><T86/><D113/><U79/><E107/><V129/><F114/><W68/><G75/><T121/><D6/><U30/><E71/><V25/><F129/><W28/><G68/><T100/><D100/><U117/><E117/><V63/><F78/><W32/><G108/><T126/><D121/><U110/><E8/><V12/><F5/><W50/><G101/><T21/><D61/><U53/><E66/><V102/><F102/><W23/><G17/><T133/><D126/><U130/><E110/><V93/><F81/><W57/><G32/><T33/><D133/><U119/><E119/><V82/><F82/><W47/><G57/><T59/><D59/><U34/><E24/><V64/><REACH who="2" step="1"/><F54/><REACH who="2" ten="269,408,118,195" step="2"/><N who="3" m="30047" /><G88/><T125/><D90/><U73/><E79/><V72/><F72/><N who="1" m="27753" /><E40/><V92/><F92/><W80/><G80/><T69/><D43/><U76/><E76/><V127/><F127/><W94/><G94/><T135/><D125/><U103/><E103/><V49/><F49/><AGARI ba="0,1" hai="27,30,34,38,39,49,53,56,128,130,131" m="27753" machi="49" ten="40,1300,0" yaku="19,1" doraHai="42" who="1" fromWho="2" sc="269,0,408,23,118,-13,195,0" owari="269,7.0,431,52.0,105,-39.0,195,-20.0" /></mjloggm>