<mjloggm ver="2.3"><GO type="169" lobby="0"/><UN n0="%E3%81%97%E3%82%89%E3%82%86%E3%81%8D%E2%99%AA" n1="%33%31%6A%69%6E" n2="%E3%82%A6%E3%83%AB%E3%83%88%E3%83%A9%E7%AB%8B%E7%9B%B4" n3="%E9%BB%84%E9%BE%8D%E5%85%84%E8%B2%B4" dan="16,19,18,16" rate="2006.95,2286.54,2253.21,2153.77" sx="M,F,M,M"/><TAIKYOKU oya="0"/><INIT seed="0,0,0,0,1,50" ten="250,250,250,250" oya="0" hai0="134,78,114,125,113,4,94,0,118,93,45,95,121" hai1="131,62,16,63,115,120,72,99,35,5,47,66,33" hai2="6,57,18,34,48,133,44,60,24,75,122,13,109" hai3="107,21,73,101,126,79,108,80,29,32,74,89,22"/><T97/><D118/><U77/><E120/><V91/><F122/><W17/><G74/><T68/><D68/><U81/><E115/><V49/><F75/><W104/><G32/><T12/><D0/><U11/><E131/><V58/><F6/><W128/><G29/><T55/><D121/><U14/><E99/><V83/><F109/><W71/><G71/><T76/><D134/><U92/><E92/><N who="0" m="35433" /><D114/><U19/><E47/><V9/><F133/><W88/><G108/><T64/><D64/><U87/><E72/><V117/><F117/><W1/><G1/><T42/><D42/><U36/><E36/><V111/><F111/><W2/><G2/><T116/><D116/><U31/><E62/><V41/><F34/><W7/><G104/><T27/><D27/><U51/><E51/><V119/><F24/><W38/><G38/><T37/><D37/><U54/><E54/><N who="2" m="31951" /><F119/><W3/><G107/><T112/><D112/><U102/><E102/><V53/><F83/><W8/><G101/><T135/><D125/><U15/><E31/><V96/><F96/><W69/><G126/><T40/><D40/><U61/><E5/><V98/><F98/><W10/><G128/><T30/><D30/><U23/><REACH who="1" step="1"/><E63/><REACH who="1" ten="250,240,250,250" step="2"/><V25/><F60/><W46/><G73/><T132/><D113/><U105/><E105/><V127/><F41/><W26/><G7/><T100/><D132/><U39/><E39/><V129/><F129/><W20/><G3/><T103/><D103/><U70/><AGARI ba="0,1" hai="11,14,15,16,19,23,33,35,61,66,70,77,81,87" machi="70" ten="20,8000,1" yaku="1,1,0,1,7,1,54,1,53,1" doraHai="50" doraHaiUra="67" who="1" fromWho="1" sc="250,-40,240,90,250,-20,250,-20" /><INIT seed="1,0,0,0,1,109" ten="210,330,230,230" oya="1" hai0="88,43,9,102,1,24,58,22,95,100,54,92,66" hai1="121,4,39,47,70,99,41,119,16,98,67,40,6" hai2="35,42,132,62,108,112,51,91,32,110,23,0,18" hai3="44,125,68,5,50,94,127,55,17,20,116,38,78"/><U11/><E119/><V81/><F62/><W134/><G5/><T19/><D43/><U97/><E121/><V128/><F0/><W13/><G116/><T124/><D66/><U2/><E40/><V105/><F105/><W14/><G78/><T101/><D124/><U79/><E6/><V113/><F128/><W129/><G38/><T84/><D1/><U65/><E70/><V74/><F132/><W118/><G118/><T76/><D76/><U82/><REACH who="1" step="1"/><E16/><REACH who="1" ten="210,320,230,230" step="2"/><V27/><F110/><W3/><G68/><T56/><D9/><U61/><E61/><V130/><F108/><W117/><G117/><T28/><D19/><U45/><E45/><V72/><F130/><W83/><G44/><T93/><D58/><U126/><E126/><V123/><F123/><W77/><G129/><T75/><D75/><AGARI ba="0,1" hai="2,4,11,39,41,47,65,67,75,79,82,97,98,99" machi="75" ten="40,7700,0" yaku="1,1,25,2,53,0" doraHai="109" doraHaiUra="103" who="1" fromWho="0" sc="210,-77,320,87,230,0,230,0" /><INIT seed="1,1,0,5,5,123" ten="133,407,230,230" oya="1" hai0="117,67,11,37,133,121,47,31,41,14,33,34,125" hai1="88,104,4,106,128,119,99,105,90,68,89,97,15" hai2="87,50,132,127,95,83,92,91,22,1,20,70,98" hai3="30,6,71,55,49,0,130,7,102,118,8,65,63"/><U108/><E68/><V28/><F1/><W124/><G30/><T5/><D117/><U79/><E119/><V54/><F70/><W25/><G25/><T86/><D133/><U78/><E128/><V40/><F40/><W134/><G7/><T114/><D114/><U48/><E48/><V129/><F127/><W29/><G29/><T51/><D125/><U116/><E116/><V66/><F66/><W120/><G118/><T2/><D121/><U96/><E108/><V10/><F28/><W77/><G77/><T12/><D67/><U60/><E60/><V126/><F132/><W26/><G134/><T36/><D86/><U72/><E72/><V35/><F35/><W85/><G85/><T75/><D75/><U18/><REACH who="1" step="1"/><E4/><REACH who="1" ten="133,397,230,230" step="2"/><V93/><F129/><W39/><G130/><T58/><D51/><U111/><E111/><V44/><F126/><W94/><G49/><T73/><D73/><U122/><E122/><V59/><F59/><W103/><G63/><T135/><D58/><U56/><E56/><V23/><REACH who="2" step="1"/><F10/><AGARI ba="1,1" hai="10,15,18,78,79,88,89,90,96,97,99,104,105,106" machi="10" ten="50,12000,1" yaku="1,1,29,2,54,1,53,1" doraHai="123" doraHaiUra="9" who="1" fromWho="2" sc="133,0,397,133,230,-123,230,0" /><INIT seed="1,2,0,3,3,48" ten="133,530,107,230" oya="1" hai0="126,53,101,69,2,134,67,105,97,133,130,93,29" hai1="28,100,0,6,54,34,16,1,108,27,96,25,110" hai2="26,125,11,88,116,123,39,106,19,79,61,20,51" hai3="121,80,113,118,23,10,21,30,109,82,65,89,13"/><U71/><E71/><V77/><F39/><W98/><G65/><T36/><D2/><U85/><E85/><V43/><F106/><W129/><G80/><T114/><D36/><U56/><E6/><V33/><F33/><W84/><G30/><T32/><D114/><U86/><E86/><V46/><F116/><W119/><G113/><T37/><D37/><U15/><E27/><V95/><F123/><W72/><G72/><T117/><D117/><U41/><E41/><V107/><F107/><W38/><G38/><T5/><D5/><U68/><E68/><V128/><F125/><W44/><G121/><T55/><D126/><U18/><E96/><N who="2" m="57447" /><F128/><W58/><G129/><T127/><D93/><U87/><E87/><V75/><F75/><W49/><G98/><T92/><D92/><U70/><E100/><V9/><F61/><W124/><G124/><T99/><D99/><U112/><E70/><V102/><F102/><W115/><G115/><T14/><D127/><U66/><E18/><V57/><F57/><W3/><G58/><T45/><D45/><U35/><E35/><V122/><F122/><W76/><G89/><T131/><D131/><U63/><E66/><V7/><F7/><W111/><G118/><T132/><D130/><U104/><E104/><V59/><F59/><W74/><G74/><T103/><D103/><U40/><E112/><V8/><AGARI ba="2,0" hai="8,9,11,19,20,26,43,46,51,77,79" m="57447" machi="8" ten="30,2000,0" yaku="8,1,54,1" doraHai="48" who="2" fromWho="2" sc="133,-7,530,-12,107,26,230,-7" /><INIT seed="2,0,0,3,1,110" ten="126,518,133,223" oya="2" hai0="88,51,15,0,30,106,116,73,14,16,101,124,125" hai1="135,100,89,55,26,99,77,113,54,112,95,109,68" hai2="60,24,11,114,91,120,117,85,62,76,131,20,31" hai3="129,50,5,10,17,74,29,59,111,8,19,72,46"/><V103/><F117/><W9/><G5/><T107/><D73/><U64/><E77/><V63/><F120/><W49/><G29/><T33/><D0/><U115/><E109/><V105/><F131/><W78/><G111/><T70/><D70/><U128/><E128/><V25/><F76/><W93/><G129/><T98/><D106/><U1/><E1/><V121/><F121/><W108/><G108/><T6/><D116/><U44/><E135/><V18/><F105/><W90/><G74/><T13/><D6/><U36/><E26/><V4/><F103/><W84/><G78/><T56/><D33/><U52/><E100/><V39/><F39/><W66/><G72/><T132/><D30/><U42/><E64/><V127/><F127/><N who="0" m="48714" /><D132/><U67/><E67/><V92/><F114/><W34/><G34/><T119/><D119/><U81/><E81/><V134/><F134/><W57/><G66/><T80/><D51/><U48/><REACH who="1" step="1"/><E68/><REACH who="1" ten="126,508,133,223" step="2"/><V3/><F25/><W27/><G27/><T126/><D126/><U94/><E94/><V47/><F31/><W61/><G93/><T43/><D80/><U83/><E83/><V7/><F3/><W97/><G90/><T45/><D88/><U41/><E41/><V79/><F79/><W32/><G32/><T71/><D71/><U38/><AGARI ba="0,1" hai="36,38,42,44,48,52,54,55,89,95,99,112,113,115" machi="38" ten="40,12000,2" yaku="1,1,0,1,52,3,54,1,53,0" doraHai="110" doraHaiUra="35" who="1" fromWho="1" sc="126,-30,508,130,133,-60,223,-30" /><INIT seed="3,0,0,5,4,93" ten="96,638,73,193" oya="3" hai0="88,29,132,40,90,79,78,67,77,72,2,39,20" hai1="126,6,35,31,23,32,7,63,51,26,54,5,38" hai2="87,58,16,70,91,9,0,24,43,57,84,127,1" hai3="66,98,55,61,64,81,15,8,96,45,122,30,128"/><W97/><G122/><T75/><D2/><U125/><E38/><V102/><F70/><W112/><G112/><T101/><D67/><U71/><E71/><V129/><F43/><W13/><G30/><T69/><D69/><U34/><REACH who="1" step="1"/><E63/><REACH who="1" ten="96,628,73,193" step="2"/><V111/><F129/><W106/><G128/><T131/><D39/><U73/><E73/><V130/><F130/><W10/><G106/><T109/><D72/><U48/><E48/><V50/><F50/><N who="3" m="29135" /><G61/><T116/><D75/><U62/><E62/><V52/><F127/><W22/><G22/><T124/><D20/><U56/><AGARI ba="0,1" hai="5,6,7,23,26,31,32,34,35,51,54,56,125,126" machi="56" ten="40,2700,0" yaku="1,1,0,1,53,0" doraHai="93" doraHaiUra="95" who="1" fromWho="1" sc="96,-7,628,37,73,-7,193,-13" /><INIT seed="4,0,0,2,1,56" ten="89,665,66,180" oya="0" hai0="81,120,118,79,74,87,104,91,94,51,23,57,1" hai1="84,26,45,43,20,112,12,105,88,33,106,101,133" hai2="119,129,102,46,71,60,132,18,114,11,135,52,63" hai3="126,5,31,48,49,2,4,107,93,9,41,100,72"/><T108/><D1/><U130/><E33/><V37/><F129/><W25/><G107/><T59/><D118/><U124/><E130/><V47/><F102/><W53/><G72/><T68/><D68/><U58/><E124/><V29/><F29/><W32/><G5/><T99/><D120/><U134/><E12/><N who="2" m="7455" /><F119/><W35/><G35/><T117/><D117/><U15/><E58/><N who="2" m="34887" /><F37/><W14/><G126/><T42/><D108/><U55/><E55/><V16/><F16/><W90/><G100/><N who="0" m="62495" /><D23/><U39/><E15/><V8/><F8/><W122/><G122/><T113/><D113/><U6/><E112/><V36/><F36/><W127/><G127/><T28/><D28/><U61/><E105/><V44/><F114/><W103/><G103/><T75/><D75/><U38/><E101/><V115/><F115/><W21/><G53/><T73/><D73/><U40/><E106/><V30/><F30/><W27/><G27/><T109/><D109/><U121/><E20/><V50/><F50/><W24/><G24/><T76/><D76/><U83/><E26/><V125/><F125/><W70/><G70/><T128/><D128/><U22/><E22/><V110/><F110/><W3/><G3/><T19/><D19/><U98/><E121/><V0/><F0/><W34/><G34/><T65/><D65/><U86/><E6/><V131/><F131/><W123/><G123/><T67/><D67/><U7/><E7/><V80/><F80/><W85/><G32/><T66/><D66/><U92/><E83/><V97/><F97/><W111/><G111/><T54/><D54/><RYUUKYOKU ba="0,0" sc="89,15,665,-15,66,15,180,-15" hai0="42,51,57,59,74,79,81,87,91,94" hai2="44,46,47,63,71,132,135" /><INIT seed="4,1,0,1,3,117" ten="104,650,81,165" oya="0" hai0="58,129,50,106,44,46,4,39,68,126,92,6,42" hai1="110,111,96,100,135,7,123,79,80,91,54,83,2" hai2="66,51,26,31,45,69,125,34,30,104,103,113,127" hai3="105,71,65,89,49,23,70,9,120,14,38,101,133"/><T67/><D106/><U98/><E7/><V37/><F31/><W40/><G38/><T10/><D129/><U47/><E2/><V109/><F113/><W1/><G1/><T130/><D130/><U114/><E123/><V3/><F3/><W32/><G32/><T8/><D126/><U27/><E27/><V131/><F109/><W116/><G23/><T93/><D68/><U28/><E28/><V88/><F88/><W78/><G78/><T108/><D108/><U84/><E114/><V119/><F119/><W63/><G71/><T18/><D18/><U52/><E135/><V29/><F29/><W86/><G101/><T25/><D25/><U53/><E47/><V99/><F131/><W16/><G116/><T11/><D67/><U62/><E96/><V115/><F51/><W95/><G105/><T35/><D58/><U94/><REACH who="1" step="1"/><E62/><REACH who="1" ten="104,640,81,165" step="2"/><N who="2" m="40151" /><F115/><W13/><G13/><T55/><D4/><U82/><E82/><V0/><F0/><W124/><G133/><T64/><D6/><U85/><AGARI ba="1,1" hai="52,53,54,79,80,83,84,85,91,94,98,100,110,111" machi="85" ten="30,4000,0" yaku="1,1,0,1,54,1,53,0" doraHai="117" doraHaiUra="17" who="1" fromWho="1" sc="104,-21,640,53,81,-11,165,-11" /><INIT seed="5,0,0,0,0,22" ten="83,693,70,154" oya="1" hai0="121,105,107,113,35,75,91,28,40,71,21,74,128" hai1="9,10,135,58,118,77,0,80,101,43,68,72,127" hai2="6,82,76,116,41,70,30,126,36,88,110,29,122" hai3="48,56,117,26,20,111,24,16,15,3,42,47,25"/><U100/><E118/><V109/><F70/><W39/><G3/><T33/><D40/><U103/><E135/><V65/><F65/><W133/><G133/><T81/><D71/><U66/><E127/><V131/><F29/><W69/><G117/><T44/><D44/><U78/><E68/><V89/><F6/><W45/><G69/><T13/><D91/><U52/><E66/><V86/><F30/><W108/><REACH who="3" step="1"/><G56/><REACH who="3" ten="83,693,70,144" step="2"/><T95/><D121/><U94/><E0/><V62/><F116/><W34/><G34/><T123/><D33/><U112/><E112/><V87/><F122/><W120/><G120/><T63/><D35/><U54/><E43/><AGARI ba="0,1" hai="15,16,20,24,25,26,39,42,43,45,47,48,108,111" machi="43" ten="40,8000,1" yaku="1,1,52,3,54,1,53,0" doraHai="22" doraHaiUra="7" who="3" fromWho="1" sc="83,0,693,-80,70,0,144,90" /><INIT seed="6,0,0,3,3,101" ten="83,613,70,234" oya="2" hai0="118,108,109,66,7,96,107,15,65,51,43,30,27" hai1="93,123,26,79,83,52,62,68,12,36,59,6,32" hai2="24,34,64,114,115,113,19,23,80,88,60,127,130" hai3="55,94,45,38,40,5,85,106,70,4,119,84,102"/><V17/><F34/><W76/><G70/><T20/><D118/><U29/><E36/><V82/><F130/><W44/><G76/><T111/><D43/><U11/><E123/><V99/><F127/><W97/><G84/><T56/><D51/><U135/><E135/><V90/><F19/><W75/><G75/><T49/><D49/><U54/><E93/><N who="2" m="56743" /><F90/><W13/><G45/><T105/><D96/><U33/><E68/><AGARI ba="0,0" hai="17,23,24,60,64,68,80,82,113,114,115" m="56743" machi="68" ten="30,2900,0" yaku="15,1,54,1" doraHai="101" who="2" fromWho="1" sc="83,0,613,-29,70,29,234,0" /><INIT seed="6,1,0,0,1,9" ten="83,584,99,234" oya="2" hai0="29,105,39,134,65,57,74,119,82,112,62,123,103" hai1="18,17,92,72,10,25,107,110,16,132,113,8,127" hai2="53,64,56,78,88,86,84,108,83,0,41,99,45" hai3="89,40,22,131,116,79,124,91,14,5,50,69,27"/><V30/><F0/><W130/><G69/><T77/><D39/><U68/><E107/><V23/><F64/><W106/><G106/><T34/><D123/><U4/><E72/><V120/><F99/><W1/><G1/><T111/><D111/><U11/><E68/><V59/><F120/><W94/><G79/><T46/><D134/><U15/><E110/><V55/><F108/><W67/><G67/><T24/><D119/><U12/><E127/><V2/><F2/><W19/><G116/><T33/><D46/><U71/><E71/><V26/><F59/><W51/><G89/><T85/><D112/><U36/><E36/><V76/><F56/><W133/><G133/><T114/><D114/><U32/><E92/><V118/><F118/><W47/><G51/><T97/><REACH who="0" step="1"/><D74/><REACH who="0" ten="73,584,99,234" step="2"/><U104/><E113/><V38/><REACH who="2" step="1"/><F78/><REACH who="2" ten="73,584,89,234" step="2"/><W87/><G124/><T101/><D101/><U135/><E132/><V98/><F98/><W93/><G130/><T96/><D96/><U28/><E135/><V20/><F20/><AGARI ba="1,2" hai="20,24,29,33,34,57,62,65,77,82,85,97,103,105" machi="20" ten="30,3900,0" yaku="1,1,7,1,53,1" doraHai="9" doraHaiUra="58" who="0" fromWho="2" sc="73,62,584,0,89,-42,234,0" /><INIT seed="7,0,0,0,5,112" ten="135,584,47,234" oya="3" hai0="106,20,16,19,55,80,116,133,96,127,73,49,82" hai1="98,36,62,130,50,84,125,46,131,97,33,104,126" hai2="92,118,100,91,99,12,88,90,119,5,107,105,87" hai3="3,69,52,120,30,2,57,109,78,35,114,58,14"/><W21/><G69/><T1/><D1/><U18/><E33/><V65/><F12/><W37/><G37/><T132/><D116/><N who="2" m="44586" /><F5/><W63/><G35/><T66/><D66/><U38/><E62/><V110/><F65/><W48/><G14/><T51/><D73/><U85/><E18/><V83/><F110/><W6/><G6/><T47/><D127/><N who="1" m="48651" /><E85/><V31/><F31/><W61/><G30/><T54/><D96/><N who="1" m="36971" /><E84/><V64/><F64/><W115/><G109/><T25/><D19/><U128/><E104/><AGARI ba="0,0" hai="83,87,88,90,91,92,99,100,104,105,107" m="44586" machi="104" ten="30,12000,2" yaku="34,2,52,3,54,1" doraHai="112" who="2" fromWho="1" sc="135,0,584,-120,47,120,234,0" owari="135,-36.0,464,56.0,167,-23.0,234,3.0" /></mjloggm>