<mjloggm ver="2.3"><GO type="169" lobby="0"/><UN n0="%72%75%6E%61%73%6E%6F%77" n1="%E3%82%A6%E3%83%AB%E3%83%88%E3%83%A9%E7%AB%8B%E7%9B%B4" n2="%68%61%72%64%64%61%79%73" n3="%E3%82%B8%E3%83%A3%E3%83%83%E3%82%AB%EF%BD%9E%E3%83%AB" dan="16,18,16,16" rate="2044.58,2231.00,2064.22,2136.98" sx="M,M,M,F"/><TAIKYOKU oya="0"/><INIT seed="0,0,0,0,0,92" ten="250,250,250,250" oya="0" hai0="79,22,129,96,38,121,75,123,113,134,40,128,53" hai1="59,69,86,34,49,31,104,13,19,101,124,73,47" hai2="76,54,85,117,10,27,64,106,16,115,28,60,89" hai3="37,68,6,4,107,41,74,109,30,120,0,7,51"/><T97/><D113/><U62/><E73/><V116/><F115/><W71/><G74/><T95/><D134/><U122/><E122/><V2/><F76/><W46/><G120/><T21/><D53/><U112/><E69/><V36/><F106/><W12/><G0/><T72/><D40/><U66/><E124/><V52/><F36/><W98/><G30/><T77/><REACH who="0" step="1"/><D95/><REACH who="0" ten="240,250,250,250" step="2"/><U130/><E112/><V25/><F52/><W61/><G41/><T33/><D33/><U56/><E34/><V110/><F54/><W43/><G43/><T42/><D42/><U108/><E104/><V94/><F117/><W35/><G35/><T99/><D99/><U67/><E67/><V44/><F116/><W125/><G37/><AGARI ba="0,1" hai="21,22,37,38,72,75,77,79,96,97,121,123,128,129" machi="37" ten="25,12000,1" yaku="1,1,22,2,52,2,53,0" doraHai="92" doraHaiUra="90" who="0" fromWho="3" sc="240,130,250,0,250,0,250,-120" /><INIT seed="0,1,0,2,3,17" ten="370,250,250,130" oya="0" hai0="0,123,18,63,11,110,51,125,6,67,133,3,2" hai1="29,76,128,54,16,119,22,131,12,55,112,15,32" hai2="59,75,46,86,105,4,71,132,8,80,84,99,7" hai3="38,81,134,41,111,94,27,130,34,124,52,44,56"/><T43/><D123/><U68/><E68/><V98/><F71/><W89/><G111/><T58/><D125/><U39/><E39/><V107/><F59/><W115/><G124/><T65/><D133/><U100/><E100/><V83/><F46/><W117/><G134/><T33/><D110/><U31/><E76/><N who="2" m="44063" /><F8/><W49/><G130/><N who="1" m="49706" /><E119/><V96/><F7/><W90/><G117/><T61/><D33/><U102/><E102/><V10/><F10/><W78/><G115/><T121/><D121/><U135/><E135/><V74/><F4/><W47/><G94/><T104/><D104/><N who="2" m="40010" /><F132/><W88/><G47/><T126/><D126/><U26/><E112/><V66/><F66/><W103/><G103/><T20/><D51/><U93/><E31/><V40/><F40/><W9/><G9/><T118/><D118/><U116/><E116/><V24/><F24/><W127/><G127/><T79/><D79/><AGARI ba="1,0" hai="74,79,83,84,86,96,98,99" m="40010,44063" machi="79" ten="30,8000,1" yaku="35,5" doraHai="17" who="2" fromWho="0" sc="370,-83,250,0,250,83,130,0" /><INIT seed="1,0,0,1,1,53" ten="287,250,333,130" oya="1" hai0="112,73,7,78,50,3,125,74,1,120,35,8,90" hai1="41,126,26,133,111,23,11,88,44,123,114,108,29" hai2="85,107,38,0,95,25,5,12,71,81,46,86,129" hai3="36,80,63,83,93,102,100,52,134,9,87,57,51"/><U59/><E114/><V24/><F71/><W77/><G36/><T33/><D112/><U72/><E72/><V109/><F107/><W39/><G39/><T27/><D3/><U2/><E123/><V14/><F129/><W92/><G134/><T99/><D78/><U15/><E2/><V47/><F109/><N who="1" m="42057" /><E133/><V115/><F115/><W56/><G9/><T82/><D120/><U66/><E126/><V118/><F0/><W37/><G37/><T128/><D125/><U62/><E88/><N who="2" m="53655" /><F38/><W32/><G32/><T42/><D35/><U10/><E15/><N who="2" m="5675" /><F5/><W65/><G80/><T103/><D128/><U19/><E19/><V96/><F96/><W119/><G119/><T45/><D82/><U54/><E41/><V13/><N who="2" m="5683" /><V61/><DORA hai="49" /><F61/><W34/><G34/><T117/><D117/><U105/><E105/><V106/><F106/><W130/><G130/><T91/><D73/><U48/><AGARI ba="0,0" hai="10,11,23,26,29,44,48,54,59,62,66" m="42057" machi="48" ten="30,11700,0" yaku="14,1,10,1,52,2" doraHai="53,49" who="1" fromWho="1" sc="287,-39,250,117,333,-39,130,-39" /><INIT seed="1,1,0,0,4,94" ten="248,367,294,91" oya="1" hai0="124,52,65,102,91,19,16,130,96,20,84,90,32" hai1="117,75,53,5,28,3,104,73,125,56,131,36,74" hai2="34,122,72,116,85,109,48,37,106,64,121,39,107" hai3="47,113,42,87,112,55,111,82,66,70,118,103,134"/><U24/><E117/><V108/><F72/><W2/><G2/><T120/><D32/><U135/><E36/><V76/><F48/><W23/><G118/><T95/><D124/><U89/><E131/><V12/><F64/><W22/><G111/><N who="2" m="42569" /><F12/><W30/><G134/><T7/><D130/><U31/><E135/><V57/><F57/><W71/><G55/><T78/><D120/><N who="2" m="46186" /><F116/><W68/><G66/><T69/><D7/><U35/><E5/><V6/><F6/><W81/><G30/><T92/><D78/><U58/><E28/><V25/><F85/><W62/><G62/><T80/><D52/><U44/><E3/><V8/><F8/><W128/><G128/><T100/><D20/><U11/><E11/><V49/><F49/><W21/><G87/><N who="0" m="50535" /><D65/><U40/><E53/><V127/><F76/><W83/><REACH who="3" step="1"/><G103/><REACH who="3" ten="248,367,294,81" step="2"/><N who="0" m="39467" /><D69/><U15/><E74/><V97/><F127/><W14/><G14/><T61/><D61/><U101/><E15/><V77/><F77/><W54/><G54/><T126/><D126/><U98/><E125/><V132/><F132/><W41/><G41/><T105/><D105/><U129/><E129/><V9/><F107/><W51/><AGARI ba="1,1" hai="21,22,23,42,47,51,68,70,71,81,82,83,112,113" machi="51" ten="40,12000,2" yaku="1,1,0,1,29,2,53,3" doraHai="94" doraHaiUra="67" who="3" fromWho="3" sc="248,-31,367,-61,294,-31,81,133" /><INIT seed="2,0,0,2,3,56" ten="217,306,263,214" oya="2" hai0="30,13,5,94,3,60,1,34,0,105,68,108,69" hai1="133,47,92,110,7,25,81,77,55,44,27,135,33" hai2="130,87,123,38,21,29,134,46,20,31,79,10,84" hai3="99,114,12,95,26,88,90,104,101,127,122,49,42"/><V65/><F123/><W74/><G122/><T17/><D105/><U117/><E117/><V39/><F10/><W113/><G74/><T58/><D108/><U63/><E7/><V82/><F82/><W18/><BYE who="2" /><G26/><T54/><D5/><U8/><E110/><V35/><F35/><W48/><G127/><T89/><D30/><U109/><E8/><V106/><F106/><W80/><G80/><T131/><D34/><U57/><E92/><V126/><F126/><W112/><G42/><UN n2="%68%61%72%64%64%61%79%73" /><T102/><D102/><U23/><E33/><V15/><F65/><W71/><G71/><T37/><D37/><U107/><E27/><V83/><F46/><W111/><G111/><T66/><D131/><U75/><E107/><V22/><F130/><W118/><G118/><T9/><REACH who="0" step="1"/><D66/><REACH who="0" ten="207,306,263,214" step="2"/><U91/><E109/><V70/><F39/><W97/><REACH who="3" step="1"/><G90/><REACH who="3" ten="207,306,263,204" step="2"/><T16/><D16/><N who="1" m="12519" /><E91/><V67/><F38/><W36/><G36/><T96/><AGARI ba="0,2" hai="0,1,3,9,13,17,54,58,60,68,69,89,94,96" machi="96" ten="30,7900,0" yaku="1,1,0,1,52,1,53,1" doraHai="56" doraHaiUra="53" who="0" fromWho="0" sc="207,99,306,-20,263,-39,204,-20" /><INIT seed="3,0,0,1,5,76" ten="306,286,224,184" oya="3" hai0="117,45,49,67,38,62,129,34,82,106,114,50,130" hai1="135,33,72,115,74,111,64,101,32,68,30,0,99" hai2="22,118,59,85,31,47,41,91,42,37,92,78,44" hai3="27,94,55,100,5,48,58,43,87,107,26,39,13"/><W70/><G107/><T56/><D34/><U127/><E32/><V57/><F118/><W3/><G3/><T98/><D106/><U71/><E71/><V86/><F31/><W17/><G5/><T90/><D98/><U109/><E30/><V102/><F102/><W6/><G6/><T28/><D28/><U16/><E16/><V88/><F78/><W52/><G70/><T121/><D90/><U84/><E84/><V104/><F104/><W110/><G110/><T12/><D12/><U54/><E54/><V128/><F22/><N who="3" m="11567" /><G43/><N who="0" m="22775" /><D82/><U66/><E0/><V75/><F75/><W11/><G11/><T35/><D35/><U2/><E33/><V120/><F120/><W83/><G39/><T80/><D80/><U108/><E2/><V69/><F69/><W93/><G55/><N who="0" m="31855" /><D121/><U116/><E111/><V24/><F24/><N who="3" m="9259" /><G100/><T4/><D4/><U65/><E101/><V89/><F128/><N who="0" m="49258" /><D117/><U95/><E116/><V126/><F91/><AGARI ba="0,0" hai="48,52,58,83,87,91,93,94" m="9259,11567" machi="91" ten="30,5800,0" yaku="8,1,52,1,54,1" doraHai="76" who="3" fromWho="2" sc="306,0,286,0,224,-58,184,58" /><INIT seed="3,1,0,4,5,106" ten="306,286,166,242" oya="3" hai0="49,77,78,68,130,73,79,25,124,93,3,15,71" hai1="102,97,21,119,26,59,122,1,61,69,105,56,17" hai2="13,94,85,80,0,99,133,134,28,43,86,91,4" hai3="11,51,46,27,32,111,30,40,5,64,54,70,125"/><W90/><G125/><T87/><D3/><U60/><E122/><V31/><F0/><W126/><G126/><T95/><D124/><U65/><E1/><V53/><F43/><W55/><G111/><T9/><D130/><U121/><E121/><V12/><F53/><W29/><G29/><N who="2" m="11337" /><F4/><W127/><G127/><T2/><D2/><U81/><E119/><V110/><F110/><W23/><G32/><T48/><D25/><U7/><E7/><V6/><F6/><W18/><G30/><T35/><D35/><U96/><E96/><V108/><F108/><W82/><G64/><T63/><D71/><U42/><E42/><V44/><F44/><W33/><G33/><T39/><D39/><U10/><E10/><V47/><F47/><W57/><G70/><T38/><D38/><U89/><E61/><V16/><F13/><N who="3" m="5359" /><G57/><T20/><D20/><U58/><E69/><V92/><F134/><W117/><G117/><T131/><D68/><U115/><E115/><V19/><F133/><W103/><G103/><T113/><D113/><U128/><E128/><V45/><F45/><W135/><G135/><T114/><D114/><U52/><E65/><V74/><F74/><W34/><G34/><T76/><D73/><U104/><E104/><V84/><F12/><W120/><G120/><T109/><D109/><U83/><E59/><V98/><F80/><N who="1" m="30793" /><E58/><V50/><F50/><N who="0" m="19562" /><D131/><U116/><E116/><V14/><F14/><W67/><G67/><T129/><D129/><U75/><E75/><V62/><F62/><W37/><G37/><T8/><N who="0" m="19456" /><DORA hai="100" /><T101/><D15/><RYUUKYOKU ba="1,0" sc="306,-30,286,10,166,10,242,10" hai1="17,21,26,52,56,60,89,97,102,105" hai2="16,19,84,85,86,91,92,94,98,99" hai3="18,23,27,40,46,51,54,55,82,90" /><INIT seed="3,2,0,5,1,36" ten="276,296,176,252" oya="3" hai0="122,88,44,75,112,46,45,118,34,1,22,80,3" hai1="97,72,109,56,26,120,129,63,54,67,126,86,65" hai2="89,70,107,82,131,101,39,78,12,5,41,33,111" hai3="79,66,8,40,135,59,55,32,7,94,61,28,24"/><W16/><G135/><T121/><D34/><U132/><E72/><V10/><F111/><W25/><G79/><T47/><D118/><U62/><E120/><V27/><F131/><W83/><G83/><T68/><D68/><U77/><E129/><V85/><F70/><W92/><G66/><T91/><D112/><U52/><E109/><V87/><F33/><W76/><G76/><T104/><D104/><U73/><E73/><V90/><F27/><W95/><G25/><T0/><D75/><U37/><E37/><V51/><F39/><W38/><G16/><T105/><D105/><U53/><E132/><V124/><F124/><W42/><REACH who="3" step="1"/><G38/><REACH who="3" ten="276,296,176,242" step="2"/><T106/><D121/><U93/><E26/><V100/><F107/><W23/><G23/><T117/><D106/><U114/><E67/><V96/><F78/><W43/><G43/><T18/><D122/><U58/><E114/><V60/><F41/><W113/><G113/><T81/><D117/><U20/><E20/><V115/><F115/><W11/><G11/><T64/><D64/><U127/><E65/><V102/><F60/><W19/><G19/><T74/><D74/><U21/><E21/><V9/><F9/><W6/><G6/><T103/><D80/><N who="1" m="47375" /><E54/><V134/><F134/><W116/><G116/><T30/><D81/><U49/><E63/><V14/><F82/><W50/><G50/><T130/><D130/><U35/><E35/><V133/><F51/><W2/><AGARI ba="2,1" hai="2,7,8,24,28,32,40,42,55,59,61,92,94,95" machi="2" ten="30,12000,1" yaku="1,1,0,1,52,2,53,1" doraHai="36" doraHaiUra="57" who="3" fromWho="3" sc="276,-42,296,-42,176,-42,242,136" /><INIT seed="3,3,0,0,3,96" ten="234,254,134,378" oya="3" hai0="71,122,41,89,111,77,35,126,55,4,130,76,112" hai1="13,74,58,134,29,50,18,27,3,33,80,6,21" hai2="105,132,90,114,95,54,36,79,110,10,98,66,51" hai3="104,116,49,72,30,28,113,97,65,121,108,87,123"/><W101/><G72/><T1/><D35/><U37/><E37/><V115/><F36/><W12/><G116/><T102/><D71/><U2/><E74/><V59/><F110/><W129/><G113/><T44/><D55/><U56/><E80/><V128/><F132/><W118/><G118/><T22/><D122/><U53/><E134/><V119/><F119/><W127/><G65/><T45/><D45/><U84/><E84/><V62/><F128/><W9/><G129/><T68/><D68/><U15/><E56/><V38/><F38/><W31/><G127/><T86/><D111/><U16/><REACH who="1" step="1"/><E6/><REACH who="1" ten="234,244,134,378" step="2"/><V88/><F115/><W78/><G108/><T124/><D4/><U5/><E5/><V117/><F114/><W7/><G121/><T81/><D112/><U93/><E93/><V100/><F117/><W135/><G123/><T60/><D81/><U64/><E64/><V125/><F125/><W99/><G135/><T43/><D124/><U103/><E103/><V82/><F105/><W73/><G73/><T20/><D102/><U39/><E39/><V32/><F32/><W70/><G101/><T25/><D126/><U69/><E69/><V14/><F82/><N who="3" m="47575" /><G70/><T109/><D109/><U85/><E85/><V120/><F120/><W24/><G104/><T40/><D86/><U91/><E91/><V17/><F79/><W23/><G7/><T61/><D77/><U0/><E0/><V26/><F26/><W11/><G24/><T131/><D25/><U8/><AGARI ba="3,1" hai="2,3,8,13,15,16,18,21,27,29,33,50,53,58" machi="8" ten="20,8000,1" yaku="1,1,0,1,7,1,54,1,53,1" doraHai="96" doraHaiUra="46" who="1" fromWho="1" sc="234,-23,244,99,134,-23,378,-43" /><INIT seed="4,0,0,2,2,83" ten="211,343,111,335" oya="0" hai0="25,29,110,8,103,49,45,40,63,86,99,92,130" hai1="89,17,91,75,77,69,5,104,42,118,78,90,87" hai2="57,38,31,68,52,116,3,35,93,71,64,70,106" hai3="23,79,127,4,81,56,66,10,133,2,53,30,54"/><T108/><D130/><U85/><E69/><V41/><F3/><W115/><G115/><T76/><D8/><U58/><E5/><V97/><F116/><W101/><G127/><T129/><D129/><U102/><E42/><V125/><F125/><W44/><G133/><T100/><D100/><U67/><E67/><V26/><F93/><W50/><G101/><T21/><REACH who="0" step="1"/><D63/><REACH who="0" ten="201,343,111,335" step="2"/><U61/><E61/><V11/><F11/><W65/><G10/><T39/><D39/><U128/><E102/><N who="2" m="62799" /><F38/><W111/><G2/><T88/><D88/><U13/><E91/><V55/><F41/><W119/><G119/><T80/><AGARI ba="0,1" hai="21,25,29,40,45,49,76,80,86,92,99,103,108,110" machi="80" ten="30,6000,0" yaku="1,1,0,1,52,1,53,0" doraHai="83" doraHaiUra="124" who="0" fromWho="0" sc="201,70,343,-20,111,-20,335,-20" /><INIT seed="4,1,0,2,5,102" ten="271,323,91,315" oya="0" hai0="73,134,29,69,47,78,1,80,120,42,70,111,123" hai1="50,19,101,33,84,105,109,34,45,95,114,16,119" hai2="36,115,129,61,10,27,135,31,131,54,12,52,92" hai3="49,41,82,91,71,65,124,97,103,85,57,62,8"/><T64/><D1/><U40/><E109/><V14/><F115/><W48/><G124/><T3/><D111/><U56/><E119/><V117/><F36/><W4/><G71/><T132/><D3/><U37/><E114/><V26/><F135/><N who="0" m="51754" /><D29/><U5/><E5/><V86/><F117/><W18/><G41/><T72/><D72/><U68/><E68/><N who="0" m="26217" /><D64/><U32/><E32/><V94/><F86/><W89/><G91/><T113/><D113/><U116/><E34/><V53/><F61/><W59/><G59/><T7/><D7/><U130/><E33/><V88/><F88/><W24/><G24/><N who="2" m="9257" /><F31/><W110/><G18/><T100/><D100/><U106/><E56/><V93/><F10/><W13/><REACH who="3" step="1"/><G110/><REACH who="3" ten="271,323,91,305" step="2"/><T25/><D25/><U76/><E116/><V60/><F60/><W75/><G75/><T35/><D35/><U118/><E118/><V99/><F99/><W6/><G6/><T67/><D67/><U44/><E19/><V87/><F87/><W128/><G128/><AGARI ba="1,1" hai="12,14,52,53,54,92,93,94,128,129,131" m="9257" machi="128" ten="40,8000,1" yaku="28,2,19,1,54,1" doraHai="102" who="2" fromWho="3" sc="271,0,323,0,91,93,305,-83" /><INIT seed="5,0,0,1,4,101" ten="271,323,184,222" oya="1" hai0="24,81,75,120,46,52,109,67,3,84,33,111,98" hai1="4,1,60,112,116,19,88,5,34,50,69,47,43" hai2="37,28,94,10,129,97,105,131,23,44,119,55,51" hai3="13,134,106,25,70,7,48,26,20,49,31,95,115"/><U77/><E116/><V57/><F119/><W118/><G118/><T12/><D3/><U121/><E121/><V123/><F123/><W65/><G115/><T117/><D117/><U85/><E34/><V107/><F10/><W32/><G134/><T102/><D120/><U16/><E77/><V86/><F86/><W96/><G13/><T30/><D75/><U76/><E76/><V108/><F108/><W122/><G7/><N who="1" m="2634" /><E69/><V40/><F28/><W89/><G106/><T63/><D12/><U56/><E1/><V22/><F22/><W71/><G122/><T114/><D114/><U93/><E112/><V130/><F23/><W21/><G32/><T36/><D36/><U35/><E35/><V27/><F27/><W41/><G65/><AGARI ba="0,0" hai="16,19,43,47,50,56,60,65,85,88,93" m="2634" machi="65" ten="30,5800,0" yaku="8,1,54,2" doraHai="101" who="1" fromWho="3" sc="271,0,323,58,184,0,222,-58" /><INIT seed="5,1,0,2,3,100" ten="271,381,184,164" oya="1" hai0="54,128,130,104,97,19,109,114,112,36,132,121,49" hai1="133,123,80,129,110,29,34,79,69,92,12,56,6" hai2="96,40,111,94,30,89,99,82,33,102,62,83,10" hai3="75,7,118,98,45,25,60,37,72,116,122,5,93"/><U124/><E69/><V134/><F111/><W11/><G122/><T86/><D36/><U64/><E123/><V28/><F134/><W57/><G25/><T47/><D121/><U135/><E110/><V81/><F40/><W31/><G31/><T71/><D109/><U50/><E34/><V127/><F127/><W131/><G131/><N who="0" m="50219" /><D71/><U16/><E29/><V4/><F62/><W115/><G115/><N who="0" m="44075" /><D86/><U119/><E129/><V13/><REACH who="2" step="1"/><F33/><REACH who="2" ten="271,381,174,164" step="2"/><W24/><G37/><T22/><D132/><U66/><E133/><V63/><F63/><W85/><G116/><T105/><D97/><U74/><E135/><V78/><F78/><W27/><G98/><T21/><D21/><U17/><E79/><V26/><F26/><AGARI ba="1,1" hai="19,22,26,47,49,54,104,105" m="44075,50219" machi="26" ten="30,7700,0" yaku="19,1,15,1,52,2" doraHai="100" who="0" fromWho="2" sc="271,90,381,0,174,-80,164,0" /><INIT seed="6,0,0,5,4,5" ten="361,381,94,164" oya="2" hai0="65,60,58,83,120,119,34,131,80,3,81,1,21" hai1="59,0,76,97,128,64,98,62,101,121,30,70,93" hai2="100,73,33,85,92,107,134,133,94,53,130,48,109" hai3="61,104,22,112,54,10,67,26,27,45,17,124,32"/><V79/><F33/><W43/><G104/><T31/><D120/><U29/><E0/><V72/><F53/><W39/><G124/><T90/><D34/><U110/><E110/><V9/><F109/><W13/><G112/><T117/><D131/><U91/><E128/><V89/><F9/><W44/><G32/><T118/><D90/><U63/><E76/><V19/><F19/><W41/><G54/><T35/><D35/><U25/><E25/><AGARI ba="0,0" hai="1,3,21,25,31,58,60,65,80,81,83,117,118,119" machi="25" ten="50,1600,0" yaku="12,1" doraHai="5" who="0" fromWho="1" sc="361,16,381,-16,94,0,164,0" /><INIT seed="7,0,0,0,4,97" ten="377,365,94,164" oya="3" hai0="70,121,44,19,63,20,26,45,13,122,87,132,104" hai1="65,46,57,75,96,115,82,40,9,133,102,48,78" hai2="56,103,100,79,69,116,101,3,106,52,105,8,7" hai3="99,91,25,95,35,50,33,41,126,53,135,134,131"/><W61/><G126/><T34/><D104/><U17/><E115/><V4/><F69/><W129/><G41/><T124/><D124/><U98/><E133/><N who="3" m="50698" /><G61/><T108/><D108/><U81/><E81/><V6/><F116/><W18/><G18/><T73/><D73/><U12/><E102/><V37/><F37/><W15/><G15/><T2/><D2/><U85/><E75/><V120/><F120/><W14/><G14/><T5/><D132/><U39/><E39/><V84/><F106/><W117/><G117/><T10/><D87/><U77/><E77/><V92/><F105/><W72/><G72/><T64/><REACH who="0" step="1"/><D34/><REACH who="0" ten="367,365,94,164" step="2"/><U110/><E110/><V58/><F3/><W128/><G35/><T89/><D89/><U80/><E80/><N who="2" m="47135" /><F8/><W1/><G1/><T23/><D23/><U32/><E32/><V109/><F109/><W88/><G91/><T31/><D31/><U93/><E93/><V67/><F92/><W29/><G129/><T125/><D125/><U43/><E43/><V130/><F130/><W114/><G114/><T49/><D49/><U36/><E36/><V123/><F123/><AGARI ba="0,1" hai="5,10,13,19,20,26,44,45,63,64,70,121,122,123" machi="123" ten="40,1300,0" yaku="1,1,53,0" doraHai="97" doraHaiUra="90" who="0" fromWho="2" sc="367,23,365,0,94,-13,164,0" owari="390,49.0,365,17.0,81,-42.0,164,-24.0" /></mjloggm>