<mjloggm ver="2.3"><GO type="169" lobby="0"/><UN n0="%E9%81%8A%E8%B5%B0" n1="%E3%83%88%E3%83%88%E3%83%AA%E5%85%88%E7%94%9F%31%39%E6%AD%B3" n2="%45%6E%64%54%47%65%6E%65" n3="%65%69%6B%31" dan="17,19,16,17" rate="2124.24,2293.12,2078.20,2144.03" sx="F,F,M,M"/><TAIKYOKU oya="0"/><INIT seed="0,0,0,3,2,59" ten="250,250,250,250" oya="0" hai0="20,43,12,86,93,67,7,98,31,53,4,107,45" hai1="124,120,85,29,113,127,75,65,105,84,90,104,68" hai2="91,110,16,115,100,32,6,60,76,116,38,49,27" hai3="36,88,134,102,73,62,114,13,37,89,97,131,78"/><T30/><D107/><U47/><E120/><V117/><F110/><W106/><G114/><T83/><D67/><U57/><E68/><V8/><F38/><W10/><G131/><T63/><D43/><U54/><E75/><V0/><F76/><W46/><G134/><T130/><D130/><U119/><E119/><V95/><F100/><W26/><G78/><N who="0" m="46455" /><D12/><U92/><E113/><V39/><F39/><W56/><G73/><T25/><D31/><U101/><E65/><V33/><F49/><W126/><G126/><N who="1" m="48170" /><E47/><V96/><F115/><W128/><G26/><T94/><D94/><N who="1" m="54599" /><E29/><V19/><F32/><W51/><G128/><T108/><D108/><U82/><E92/><V15/><F15/><W66/><G37/><T129/><D129/><U24/><E101/><V132/><F132/><W118/><G118/><T34/><D34/><U79/><E24/><V69/><F116/><W80/><G36/><T58/><D45/><U9/><E9/><V41/><F41/><W17/><REACH who="3" step="1"/><G80/><REACH who="3" ten="250,250,250,240" step="2"/><T11/><D11/><U77/><E79/><V52/><F117/><W81/><G81/><T71/><D71/><U122/><E122/><V61/><F27/><W48/><G48/><AGARI ba="0,1" hai="48,54,57,77,82,85,104,105" m="54599,48170" machi="48" ten="30,1000,0" yaku="18,1" doraHai="59" who="1" fromWho="3" sc="250,0,250,20,250,0,240,-10" /><INIT seed="1,0,0,3,4,11" ten="250,270,250,230" oya="1" hai0="133,78,81,96,110,124,54,122,104,58,49,88,20" hai1="89,56,52,36,44,99,128,80,117,91,106,84,6" hai2="121,79,69,3,82,39,85,127,134,107,41,76,50" hai3="105,83,86,63,57,35,0,115,116,48,59,30,46"/><U129/><E117/><V18/><F127/><W27/><G115/><T1/><D122/><U4/><E36/><V45/><F134/><W28/><G105/><T21/><D124/><U26/><E44/><V24/><F3/><W53/><G116/><T68/><D1/><U64/><E64/><V51/><F107/><W12/><G0/><T125/><D125/><U22/><E128/><V65/><F76/><W108/><G108/><T7/><D133/><U29/><E129/><V34/><F121/><W43/><G30/><T74/><D110/><U94/><REACH who="1" step="1"/><E106/><REACH who="1" ten="250,260,250,230" step="2"/><V32/><F65/><W17/><G59/><T33/><D68/><U130/><E130/><V101/><F69/><W25/><G46/><T67/><D67/><U118/><E118/><V123/><F39/><W38/><G38/><T92/><D33/><U100/><E100/><V95/><F34/><W97/><G57/><T10/><REACH who="0" step="1"/><D104/><REACH who="0" ten="240,260,250,230" step="2"/><U15/><E15/><V40/><F32/><W132/><G12/><T23/><D23/><U37/><E37/><V16/><F123/><W111/><G111/><T19/><D19/><U14/><E14/><V114/><F18/><W75/><G17/><T47/><D47/><U112/><E112/><V98/><F114/><W77/><G35/><T31/><D31/><U113/><E113/><V9/><F45/><W87/><G28/><T93/><D93/><U120/><E120/><V71/><F71/><W8/><G132/><T5/><D5/><U2/><E2/><V119/><F119/><W109/><G109/><T62/><D62/><AGARI ba="0,2" hai="4,6,22,26,29,52,56,62,80,84,89,91,94,99" machi="62" ten="30,11600,0" yaku="1,1,7,1,8,1,54,1,53,0" doraHai="11" doraHaiUra="70" who="1" fromWho="0" sc="240,-116,260,136,250,0,230,0" /><INIT seed="1,1,0,3,0,107" ten="124,396,250,230" oya="1" hai0="31,104,108,56,45,103,28,131,130,16,75,70,10" hai1="11,46,67,55,62,2,51,54,133,33,83,92,38" hai2="50,7,111,88,112,82,20,13,121,129,24,80,120" hai3="124,40,68,37,95,81,128,58,113,79,64,87,73"/><U126/><E33/><V8/><F111/><W22/><G113/><T42/><D70/><U63/><E133/><V100/><F100/><W19/><G128/><T78/><D108/><U17/><E126/><V29/><F129/><N who="0" m="49162" /><D56/><U134/><E134/><V115/><F50/><W101/><G124/><T30/><D104/><U127/><E127/><V71/><F71/><W60/><G37/><N who="0" m="21711" /><D103/><U123/><E123/><V25/><F25/><W57/><G40/><T48/><D48/><U52/><E38/><V14/><F14/><W34/><G34/><T5/><D5/><U98/><E67/><V15/><F15/><W116/><G116/><T117/><D117/><U66/><E66/><V4/><F4/><W23/><G101/><T85/><D85/><U99/><E99/><V96/><F120/><W27/><REACH who="3" step="1"/><G23/><REACH who="3" ten="124,396,250,220" step="2"/><T6/><D6/><U35/><E35/><V106/><F121/><W97/><G97/><T26/><D26/><U65/><E98/><V3/><F112/><W89/><AGARI ba="1,1" hai="19,22,27,57,58,60,64,68,73,79,81,87,89,95" machi="89" ten="30,4000,0" yaku="1,1,0,1,52,1,53,0" doraHai="107" doraHaiUra="132" who="3" fromWho="3" sc="124,-11,396,-21,250,-11,220,53" /><INIT seed="2,0,0,2,4,83" ten="113,375,239,273" oya="2" hai0="128,91,71,89,124,22,38,70,19,20,62,67,102" hai1="10,118,127,3,34,109,36,27,31,15,61,64,131" hai2="18,6,52,42,81,114,101,90,14,46,123,41,96" hai3="57,54,113,111,125,130,35,133,95,4,32,9,77"/><V68/><F114/><W58/><G113/><T122/><D122/><U76/><E118/><V93/><F123/><W112/><G112/><T103/><D38/><U66/><E36/><V48/><F68/><W87/><G111/><T16/><D128/><U74/><E109/><V25/><F25/><W110/><G110/><T51/><D51/><U23/><E131/><V100/><F6/><W5/><G130/><T55/><D55/><U43/><E43/><V40/><REACH who="2" step="1"/><F81/><REACH who="2" ten="113,375,229,273" step="2"/><W45/><G4/><T79/><D79/><U0/><E27/><V78/><F78/><W50/><G77/><T21/><D124/><U44/><E127/><V56/><F56/><W82/><G82/><T84/><D71/><U59/><E76/><V98/><F98/><W72/><G58/><T117/><D117/><U75/><E59/><V86/><F86/><W63/><G125/><T1/><D1/><U115/><E0/><V106/><F106/><W120/><G120/><T60/><D60/><U80/><E61/><V97/><F97/><W28/><G57/><T11/><D19/><U99/><E3/><V105/><F105/><W2/><G63/><T85/><D16/><U132/><E115/><V53/><F53/><W17/><G17/><T129/><D129/><U88/><E66/><V69/><F69/><W73/><G2/><T29/><D29/><U49/><E64/><V30/><F30/><W65/><G28/><T92/><REACH who="0" step="1"/><D11/><AGARI ba="0,1" hai="11,14,18,40,41,42,46,48,52,90,93,96,100,101" machi="11" ten="40,12000,1" yaku="1,1,8,1,54,1,53,1" doraHai="83" doraHaiUra="94" who="2" fromWho="0" sc="113,-120,375,0,229,130,273,0" owari="-7,-51.0,375,48.0,359,16.0,273,-13.0" /></mjloggm>