<mjloggm ver="2.3"><GO type="169" lobby="0"/><UN n0="%E3%83%88%E3%83%88%E3%83%AA%E5%85%88%E7%94%9F%31%39%E6%AD%B3" n1="%61%6D%61%73%69%6D%61%6B" n2="%E3%83%AD%E3%83%90%E3%83%BC%E3%83%88%E3%83%BB%E3%83%AD%E3%83%BC%E3%82%BA" n3="%E3%83%AA%E3%82%B5%E3%81%95%E3%81%BE" dan="19,16,16,17" rate="2282.37,2127.84,2075.46,2193.27" sx="F,M,M,F"/><TAIKYOKU oya="0"/><INIT seed="0,0,0,2,2,0" ten="250,250,250,250" oya="0" hai0="113,103,121,52,94,134,124,49,1,127,115,56,47" hai1="110,19,98,28,33,72,21,15,30,6,128,118,129" hai2="26,4,3,2,126,78,73,16,96,32,133,90,77" hai3="107,71,125,135,109,31,40,69,24,122,14,130,120"/><T84/><D121/><N who="3" m="46697" /><G109/><T44/><D1/><U83/><E118/><V51/><F2/><W41/><G107/><T55/><D84/><U112/><E110/><V82/><F78/><W99/><G99/><T66/><D94/><U106/><E112/><V39/><F126/><N who="0" m="48170" /><D103/><U37/><E37/><V108/><F108/><W58/><G125/><T93/><D93/><U34/><E98/><V36/><F133/><W101/><G101/><T43/><D66/><U116/><E106/><V100/><F51/><W102/><G102/><T119/><D119/><U17/><E83/><V85/><F4/><W68/><G130/><N who="1" m="50282" /><E72/><V75/><F3/><W12/><G58/><T76/><D76/><U42/><E42/><N who="3" m="16490" /><G135/><T63/><D134/><U48/><E48/><AGARI ba="0,0" hai="43,44,47,48,49,52,55,56,63,113,115" m="48170" machi="48" ten="30,11600,0" yaku="18,1,34,2,54,1" doraHai="0" who="0" fromWho="1" sc="250,116,250,-116,250,0,250,0" /><INIT seed="0,1,0,0,2,131" ten="366,134,250,250" oya="0" hai0="20,86,120,66,38,39,1,113,128,119,95,126,4" hai1="121,32,49,122,93,102,99,13,90,34,41,35,64" hai2="72,67,85,46,125,74,75,111,19,97,62,108,28" hai3="78,132,26,43,52,48,31,118,81,37,110,50,54"/><T36/><D113/><U129/><E129/><V2/><F2/><W55/><G118/><T103/><D128/><U124/><E124/><V11/><F28/><W51/><G110/><N who="2" m="42025" /><F125/><W83/><G132/><T115/><D126/><U0/><E0/><V80/><F97/><W63/><G37/><T61/><D115/><U9/><E64/><V42/><F11/><W8/><G8/><T57/><D119/><U134/><E134/><V100/><F19/><W116/><G116/><T133/><D120/><U24/><E24/><V15/><F15/><W92/><G92/><T16/><D133/><U127/><E127/><V45/><F100/><W18/><G18/><T53/><D1/><U82/><E102/><V96/><F96/><W6/><G6/><T71/><D4/><U73/><E73/><V88/><F42/><W14/><G14/><T30/><D30/><U123/><E82/><V135/><F135/><W112/><G112/><T84/><D95/><U105/><E105/><V101/><F101/><W70/><G43/><T107/><D103/><U22/><E22/><V98/><F98/><W109/><G109/><T40/><D40/><U68/><E68/><AGARI ba="1,0" hai="45,46,62,67,68,72,74,75,80,85,88" m="42025" machi="68" ten="40,2600,0" yaku="14,1,54,1" doraHai="131" who="2" fromWho="1" sc="366,0,134,-29,250,29,250,0" /><INIT seed="1,0,0,3,2,106" ten="366,105,279,250" oya="1" hai0="67,134,2,131,40,26,71,13,17,85,1,83,41" hai1="110,32,53,27,130,16,64,10,89,50,9,97,47" hai2="33,118,31,119,109,56,88,87,8,23,29,22,113" hai3="25,42,124,94,100,0,77,81,128,44,96,37,28"/><U120/><E120/><V4/><F109/><W114/><G114/><T78/><D131/><U49/><E110/><V127/><F113/><W74/><G128/><T51/><D134/><U7/><E130/><V5/><F127/><W6/><G124/><T11/><D71/><U126/><E126/><V112/><F112/><W123/><G123/><T90/><D67/><U101/><E64/><V102/><F33/><W86/><G6/><N who="2" m="2665" /><F102/><W12/><G12/><T129/><D129/><U125/><E125/><V34/><F34/><W116/><G116/><T14/><D14/><N who="1" m="5439" /><E32/><V76/><F76/><W58/><G0/><T43/><D26/><U65/><E65/><V55/><F8/><W52/><G25/><T21/><D21/><N who="2" m="7690" /><F118/><W62/><REACH who="3" step="1"/><G28/><REACH who="3" ten="366,105,279,240" step="2"/><T108/><D108/><U54/><E27/><V18/><F119/><W135/><G135/><T103/><D2/><U70/><E70/><V95/><F18/><W115/><G115/><T98/><D1/><U111/><E111/><V30/><F30/><W63/><G63/><AGARI ba="0,1" hai="29,31,55,56,63,87,88,95" m="7690,2665" machi="63" ten="30,2000,0" yaku="8,1,54,1" doraHai="106" who="2" fromWho="3" sc="366,0,105,0,279,30,240,-20" /><INIT seed="2,0,0,3,5,117" ten="366,105,309,220" oya="2" hai0="61,51,37,26,76,77,87,116,129,1,14,36,11" hai1="82,41,5,56,53,85,75,13,52,132,93,70,84" hai2="100,62,113,119,126,15,64,104,8,114,12,91,54" hai3="81,71,6,45,57,73,4,7,122,125,108,101,17"/><V35/><F126/><W29/><G71/><T98/><D1/><U39/><E70/><V23/><F54/><W83/><G125/><T58/><D129/><U63/><E132/><V18/><F119/><W67/><G108/><T109/><D109/><U120/><E120/><V88/><F35/><W50/><G29/><T74/><D116/><U43/><E39/><V24/><F15/><W111/><G111/><T66/><D74/><U40/><E75/><V112/><F100/><W28/><G28/><T30/><D37/><U127/><E127/><V46/><F46/><W0/><G0/><T80/><D36/><U59/><E93/><V49/><F49/><W135/><G135/><T25/><D76/><U107/><E107/><V65/><F104/><W20/><G122/><T19/><D30/><U124/><E124/><V89/><REACH who="2" step="1"/><F62/><REACH who="2" ten="366,105,299,220" step="2"/><N who="3" m="38351" /><G101/><T90/><D51/><U121/><E121/><V110/><F110/><W105/><G105/><T130/><D130/><U55/><E55/><V68/><F68/><W106/><G106/><T97/><D25/><U9/><REACH who="1" step="1"/><E82/><REACH who="1" ten="366,95,299,220" step="2"/><V123/><F123/><W134/><G134/><T86/><D26/><U44/><E44/><V99/><F99/><W131/><G131/><T47/><D47/><U128/><E128/><V60/><F60/><AGARI ba="0,2" hai="5,9,13,40,41,43,52,53,56,59,60,63,84,85" machi="60" ten="40,8000,1" yaku="1,1,9,1,8,1,54,1,53,0" doraHai="117" doraHaiUra="92" who="1" fromWho="2" sc="366,0,95,100,299,-80,220,0" /><INIT seed="3,0,0,0,5,2" ten="366,195,219,220" oya="3" hai0="0,29,66,77,130,24,69,68,56,23,133,12,45" hai1="72,115,62,132,39,34,17,35,117,15,81,60,55" hai2="120,82,110,13,97,114,28,1,106,105,32,75,70" hai3="84,7,73,99,30,9,107,123,48,26,102,53,135"/><W59/><G135/><T51/><D0/><U46/><E115/><V44/><F114/><W58/><G123/><T41/><D133/><U92/><E132/><V25/><F110/><W80/><G73/><T126/><D130/><U87/><E117/><V111/><F111/><W119/><G119/><T101/><D126/><U86/><E72/><V20/><F120/><W37/><G37/><T131/><D131/><U54/><E35/><V10/><F70/><W113/><G113/><T50/><D77/><U78/><E34/><V8/><F97/><W93/><G107/><T124/><D124/><U108/><E39/><V21/><F44/><W95/><G93/><T65/><D68/><U118/><E118/><V104/><F1/><W49/><G26/><T88/><D101/><U134/><E108/><V16/><REACH who="2" step="1"/><F32/><REACH who="2" ten="366,195,209,220" step="2"/><W18/><G58/><T122/><D69/><U14/><E134/><V121/><F121/><W129/><G129/><T64/><D122/><U38/><E46/><V52/><F52/><W91/><G30/><T79/><D56/><U57/><E57/><V94/><F94/><W47/><G47/><T125/><D125/><U83/><E92/><V42/><F42/><W43/><G43/><T98/><D45/><U5/><E55/><V100/><F100/><W71/><G71/><T19/><D41/><U11/><E54/><V33/><F33/><W31/><G31/><T67/><D67/><U109/><E109/><V6/><F6/><W116/><G116/><T36/><D36/><U103/><E103/><V90/><F90/><W74/><G53/><T3/><D66/><RYUUKYOKU ba="0,1" sc="366,-10,195,-10,209,30,220,-10" hai2="8,10,13,16,20,21,25,28,75,82,104,105,106" /><INIT seed="4,1,1,4,4,1" ten="356,185,239,210" oya="0" hai0="77,60,42,66,135,45,124,92,61,53,21,48,85" hai1="17,127,98,44,56,24,6,39,96,2,38,107,27" hai2="110,37,112,5,126,91,51,120,117,41,108,40,25" hai3="49,33,113,54,22,11,81,9,106,82,20,133,75"/><T71/><D135/><U52/><E127/><V13/><F120/><W58/><G106/><T86/><D124/><U72/><E72/><V0/><F0/><W119/><G33/><T134/><D134/><U34/><E27/><V15/><F37/><W32/><G32/><T31/><D77/><U89/><E44/><V118/><F126/><W43/><G133/><T74/><D74/><U101/><E96/><V116/><F112/><W103/><G119/><T62/><D31/><U129/><E89/><V16/><F91/><W36/><G36/><N who="0" m="21703" /><D21/><N who="3" m="8297" /><G75/><T63/><D92/><U26/><E17/><V111/><F51/><N who="3" m="31071" /><G103/><T7/><D7/><U55/><E26/><V18/><F25/><W30/><G30/><T131/><D86/><U57/><E24/><V123/><F5/><W47/><G113/><T94/><D85/><U69/><E34/><V79/><F79/><W115/><G115/><T70/><D94/><U19/><E19/><N who="2" m="7211" /><F123/><W132/><G132/><T14/><D14/><AGARI ba="1,1" hai="13,14,15,40,41,108,110,111,116,117,118" m="7211" machi="14" ten="40,8000,1" yaku="28,2,12,1,54,1" doraHai="1" who="2" fromWho="0" sc="356,-83,185,0,239,93,210,0" /><INIT seed="5,0,0,5,0,68" ten="273,185,332,210" oya="1" hai0="133,114,57,43,47,32,105,89,126,94,71,70,55" hai1="15,129,58,24,0,85,95,115,14,76,73,23,74" hai2="25,93,80,100,59,99,78,66,44,128,1,26,16" hai3="131,96,29,83,84,5,50,134,34,49,18,107,98"/><U87/><E0/><V82/><F1/><W111/><G111/><T4/><D105/><U21/><E115/><V130/><F44/><W75/><G75/><T62/><D32/><U48/><E129/><N who="2" m="49771" /><F82/><W135/><G5/><T30/><D30/><U120/><E120/><V132/><F132/><N who="3" m="50731" /><G131/><T42/><D126/><U46/><E74/><N who="2" m="43095" /><F16/><W127/><G127/><T91/><D114/><U79/><E73/><V28/><F28/><W9/><G18/><T11/><D42/><N who="1" m="24663" /><E58/><V119/><F119/><W8/><G8/><T88/><D133/><U54/><E54/><V122/><F122/><W2/><G9/><T53/><D53/><U40/><E40/><V10/><F10/><W33/><G29/><T31/><D31/><N who="1" m="17807" /><E23/><V113/><F113/><W22/><G22/><T17/><D17/><U64/><E64/><V52/><F66/><W106/><G2/><T121/><D121/><U63/><E63/><AGARI ba="0,0" hai="25,26,52,59,63,93,99,100" m="43095,49771" machi="63" ten="30,2000,0" yaku="19,1,54,1" doraHai="68" who="2" fromWho="1" sc="273,0,185,-20,332,20,210,0" /><INIT seed="6,0,0,3,4,96" ten="273,165,352,210" oya="2" hai0="1,76,102,26,20,56,69,32,60,48,101,124,30" hai1="68,16,80,18,54,15,110,50,33,111,97,118,74" hai2="12,84,130,119,134,104,13,34,121,28,73,59,126" hai3="62,116,89,106,75,46,98,114,37,88,22,49,45"/><V6/><F73/><W82/><G116/><T81/><D1/><U38/><E118/><V93/><F104/><W131/><G131/><T125/><D69/><U79/><E38/><V29/><F59/><W129/><G129/><T132/><D48/><U55/><E68/><V24/><F84/><W66/><G114/><T17/><D132/><U10/><E33/><V90/><F90/><W23/><G37/><T94/><D94/><U57/><E18/><V44/><F44/><W43/><G46/><T36/><D36/><U67/><E67/><V4/><F93/><N who="3" m="56623" /><G75/><T85/><D30/><U108/><E55/><V78/><F78/><W122/><G122/><T8/><D8/><U14/><E14/><V72/><F72/><W5/><G5/><T99/><D32/><U107/><REACH who="1" step="1"/><E111/><REACH who="1" ten="273,155,352,210" step="2"/><V11/><F119/><W52/><G43/><T61/><D17/><U120/><E120/><V105/><F121/><W9/><G66/><T71/><D71/><U112/><E112/><V31/><F34/><W113/><G113/><T115/><D115/><U123/><E123/><V95/><F4/><W0/><G52/><T64/><D64/><U27/><E27/><V19/><F24/><W40/><G40/><T117/><D26/><U3/><E3/><V103/><F6/><W83/><G0/><T21/><D117/><U135/><E135/><V63/><F134/><W92/><G49/><T53/><D60/><U133/><E133/><V100/><F19/><W58/><G62/><T127/><D61/><U70/><E70/><V7/><F63/><W51/><G51/><T25/><D53/><RYUUKYOKU ba="0,1" sc="273,-10,155,30,352,-10,210,-10" hai1="10,15,16,50,54,57,74,79,80,97,107,108,110" /><INIT seed="7,1,1,3,3,99" ten="263,185,342,200" oya="3" hai0="102,3,86,36,64,18,70,117,9,50,115,32,71" hai1="87,63,6,11,57,44,55,66,58,48,0,95,103" hai2="119,125,72,133,5,24,79,42,112,73,126,75,108" hai3="31,85,106,97,8,81,91,67,33,22,135,90,74"/><W10/><G33/><T37/><D117/><U113/><E113/><V35/><F108/><W26/><G135/><T1/><D32/><U118/><E118/><V123/><F119/><W110/><G110/><T14/><D115/><U19/><E19/><V39/><F112/><W82/><G67/><T94/><D37/><U76/><E76/><V124/><F123/><W105/><G74/><T56/><D36/><U128/><E128/><V49/><F39/><W69/><G69/><T53/><D64/><U77/><E77/><V21/><F35/><W23/><G22/><N who="0" m="11607" /><D102/><U104/><E104/><V59/><F5/><W60/><G60/><T51/><D51/><U7/><E7/><V65/><F42/><W98/><G106/><T4/><D3/><U127/><E127/><V120/><F133/><W61/><G61/><T20/><D20/><U131/><E131/><V116/><F120/><W62/><G62/><T111/><D111/><U38/><E38/><V83/><F65/><W45/><G45/><T29/><D29/><U107/><E107/><V122/><F122/><W80/><G91/><AGARI ba="1,1" hai="1,4,9,50,53,56,70,71,86,91,94" m="11607" machi="91" ten="30,1000,0" yaku="25,1" doraHai="99" who="0" fromWho="3" sc="263,23,185,0,342,0,200,-13" owari="286,9.0,185,-31.0,342,43.0,187,-21.0" /></mjloggm>