<mjloggm ver="2.3"><GO type="169" lobby="0"/><UN n0="%49%4B%44%5A%53%53" n1="%E3%82%80%E3%81%8D%E3%81%A3%E3%81%A1" n2="%E2%80%A0%E7%99%BD%E5%85%8E%E2%80%A0" n3="%E3%82%A6%E3%83%AB%E3%83%88%E3%83%A9%E7%AB%8B%E7%9B%B4" dan="16,17,16,18" rate="2122.23,2158.72,2097.20,2234.07" sx="M,M,M,M"/><TAIKYOKU oya="0"/><INIT seed="0,0,0,0,2,14" ten="250,250,250,250" oya="0" hai0="77,60,111,41,47,48,29,114,113,20,92,127,31" hai1="102,19,118,34,74,37,100,62,96,40,24,43,6" hai2="117,5,99,59,3,50,66,84,13,103,88,116,26" hai3="36,27,76,10,87,54,16,11,55,135,81,105,120"/><T51/><D127/><U101/><E118/><V63/><F3/><W124/><G105/><T18/><D111/><U131/><E74/><V25/><F50/><W133/><G36/><T61/><D48/><U121/><E121/><V12/><F12/><N who="3" m="7191" /><G124/><T7/><D7/><U58/><E131/><V28/><F5/><W107/><G107/><T112/><D77/><U32/><E6/><V130/><F13/><W119/><G119/><N who="2" m="45641" /><F28/><W132/><G120/><T8/><D8/><U70/><E70/><V0/><F0/><W49/><G11/><T93/><D31/><U15/><E96/><V42/><F42/><W75/><G75/><T106/><D106/><U91/><E91/><V33/><F33/><W64/><G64/><T39/><D39/><U44/><E43/><V98/><F130/><W95/><G95/><T85/><D29/><U2/><E24/><N who="2" m="9323" /><F103/><W23/><G49/><T79/><D18/><AGARI ba="0,0" hai="18,23,27,54,55,76,81,87,132,133,135" m="7191" machi="18" ten="30,7700,0" yaku="20,1,52,2,54,1" doraHai="14" who="3" fromWho="0" sc="250,-77,250,0,250,0,250,77" /><INIT seed="1,0,0,3,5,30" ten="173,250,250,327" oya="1" hai0="71,24,70,127,50,45,5,34,28,93,107,12,66" hai1="85,112,69,73,15,114,129,82,81,68,41,19,78" hai2="90,117,25,47,9,42,133,20,59,56,67,49,96" hai3="89,91,75,3,123,101,72,46,31,113,37,103,108"/><U79/><E41/><V57/><F133/><W119/><G3/><T35/><D107/><U125/><E125/><V62/><F117/><W80/><G31/><T27/><D127/><U111/><E129/><V95/><REACH who="2" step="1"/><F9/><REACH who="2" ten="173,250,240,327" step="2"/><W16/><G119/><T51/><D66/><U23/><REACH who="1" step="1"/><E111/><REACH who="1" ten="173,240,240,327" step="2"/><V106/><F106/><W116/><G108/><T64/><D71/><AGARI ba="0,2" hai="15,19,23,68,69,71,73,78,79,81,82,85,112,114" machi="71" ten="40,3900,0" yaku="1,1,2,1,53,0" doraHai="30" doraHaiUra="132" who="1" fromWho="0" sc="173,-39,240,59,240,0,327,0" /><INIT seed="1,1,0,4,2,108" ten="134,299,240,327" oya="1" hai0="70,63,118,21,77,88,92,43,83,121,119,81,75" hai1="49,90,23,22,74,72,4,109,14,79,134,37,44" hai2="87,52,17,13,123,76,61,78,24,86,0,122,18" hai3="115,60,45,67,25,51,57,7,124,116,130,110,101"/><U8/><E37/><V58/><F0/><W47/><G7/><T128/><D43/><U91/><E109/><V9/><F123/><W12/><G110/><T29/><D70/><U31/><E134/><V129/><F129/><W95/><G130/><T65/><D128/><U33/><E33/><V73/><F122/><W98/><G124/><T10/><D121/><U82/><E74/><V19/><F73/><W127/><G127/><T85/><D83/><U28/><E28/><V107/><F107/><W59/><G116/><T5/><D21/><U48/><E48/><V102/><F102/><W64/><G115/><T84/><D29/><U53/><REACH who="1" step="1"/><E23/><REACH who="1" ten="134,289,240,327" step="2"/><V35/><F35/><W50/><G51/><T114/><D75/><U41/><E41/><V2/><F24/><AGARI ba="1,1" hai="4,8,14,22,24,31,44,49,53,72,79,82,90,91" machi="24" ten="40,3900,0" yaku="1,1,53,1" doraHai="108" doraHaiUra="106" who="1" fromWho="2" sc="134,0,289,52,240,-42,327,0" /><INIT seed="1,2,0,0,0,23" ten="134,341,198,327" oya="1" hai0="117,21,113,18,116,5,70,46,82,89,123,52,33" hai1="99,45,103,63,105,110,9,91,50,30,130,38,106" hai2="19,39,100,83,129,0,56,72,54,42,65,43,13" hai3="132,20,22,90,74,101,76,95,26,17,6,31,96"/><U98/><E38/><V121/><F0/><W86/><G132/><T34/><D113/><U49/><E130/><V94/><F121/><W27/><G6/><T59/><D70/><U135/><E135/><V85/><F65/><W58/><G58/><T104/><D104/><U35/><E110/><V7/><F7/><W87/><REACH who="3" step="1"/><G90/><REACH who="3" ten="134,341,198,317" step="2"/><T75/><D5/><U53/><E91/><V41/><F129/><W127/><G127/><T1/><D59/><U93/><E45/><V69/><F56/><W11/><G11/><T12/><D46/><U61/><E9/><V111/><F69/><W102/><G102/><T126/><D89/><U124/><E103/><V40/><F100/><W64/><G64/><T77/><D126/><U134/><E134/><V66/><F66/><W60/><G60/><T112/><D112/><U81/><E63/><V73/><F39/><W24/><G24/><T122/><D122/><U120/><E61/><V68/><F68/><W48/><G48/><T115/><D115/><U57/><E50/><V97/><F111/><W67/><G67/><T28/><D123/><U119/><E49/><V128/><F128/><W10/><G10/><T2/><D52/><U62/><E53/><V16/><F54/><W109/><G109/><T88/><D88/><U114/><E124/><V84/><F43/><W4/><G4/><T118/><REACH who="0" step="1"/><D34/><REACH who="0" ten="124,341,198,317" step="2"/><U92/><E35/><V108/><F108/><W131/><G131/><T107/><D107/><U29/><E114/><V133/><F133/><W79/><G79/><T15/><D15/><U80/><E120/><V36/><F13/><RYUUKYOKU ba="2,2" sc="124,15,341,-15,198,-15,317,15" hai0="1,2,12,18,21,28,33,75,77,82,116,117,118" hai3="17,20,22,26,27,31,74,76,86,87,95,96,101" /><INIT seed="2,3,2,2,3,87" ten="139,326,183,332" oya="2" hai0="36,91,51,72,55,131,29,103,61,6,30,122,73" hai1="124,35,79,76,129,93,99,127,47,59,7,18,130" hai2="89,101,112,67,65,53,104,13,116,123,49,43,114" hai3="118,110,9,64,88,54,97,37,52,84,60,11,108"/><V45/><F116/><W5/><G97/><T85/><D36/><U42/><E35/><V74/><F123/><W2/><G11/><T135/><D131/><N who="1" m="50187" /><E7/><V39/><F74/><W92/><G37/><T83/><D122/><U82/><E59/><V77/><F77/><N who="1" m="29769" /><E18/><V31/><F31/><N who="0" m="11786" /><D73/><U111/><E82/><V56/><F13/><W115/><G118/><T90/><D72/><U3/><E3/><V69/><F67/><W106/><G115/><T98/><D135/><U128/><N who="1" m="50195" /><U68/><DORA hai="32" /><E68/><V4/><F4/><W117/><G117/><T24/><D6/><U0/><E0/><V120/><F120/><W75/><G75/><T17/><D61/><U40/><E111/><N who="3" m="42538" /><G106/><T10/><D10/><U50/><E42/><V66/><F114/><W23/><G23/><N who="0" m="13423" /><D103/><AGARI ba="3,2" hai="40,47,50,93,99,103,124,127" m="29769,50195" machi="103" ten="40,1300,0" yaku="19,1" doraHai="87,32" who="1" fromWho="0" sc="139,-22,326,42,183,0,332,0" /><INIT seed="3,0,0,3,3,129" ten="117,368,183,332" oya="3" hai0="48,70,63,26,94,34,82,42,21,84,109,51,77" hai1="11,24,75,23,57,117,88,47,81,71,31,72,128" hai2="38,2,49,122,0,61,67,6,12,62,96,43,106" hai3="87,104,132,121,66,56,27,124,74,112,18,78,111"/><W120/><G18/><T113/><D34/><U114/><E71/><V119/><F119/><W33/><G56/><T17/><D113/><U89/><E114/><V9/><F38/><W69/><G87/><T100/><D109/><U7/><E128/><V93/><F106/><W1/><G27/><T125/><D125/><U52/><E117/><V135/><F122/><W86/><G86/><T73/><D42/><U110/><E110/><V32/><F32/><W105/><G78/><T20/><D70/><U28/><E47/><V3/><F43/><W123/><G66/><T55/><D73/><U39/><E39/><V76/><F76/><W14/><G14/><T44/><D44/><U35/><E75/><V10/><F49/><W85/><G85/><T53/><D20/><U92/><E72/><V131/><F131/><W97/><G97/><N who="0" m="59447" /><D55/><U134/><E35/><V64/><F10/><W36/><G105/><T30/><D30/><U15/><E81/><V60/><F67/><W46/><G46/><T102/><D102/><U54/><E31/><V22/><F22/><W50/><G50/><T65/><D65/><U29/><E29/><V58/><F62/><W4/><G123/><T40/><D40/><U91/><E134/><V103/><F61/><W13/><G13/><T45/><D45/><U107/><E107/><V130/><F130/><W79/><G121/><T127/><D127/><U126/><E126/><V16/><REACH who="2" step="1"/><F135/><REACH who="2" ten="117,368,173,332" step="2"/><W37/><G132/><T101/><D63/><N who="1" m="36263" /><E54/><V99/><F99/><AGARI ba="0,1" hai="7,11,15,23,24,28,88,89,91,92,99" m="36263" machi="99" ten="30,3900,0" yaku="8,1,54,2" doraHai="129" who="1" fromWho="2" sc="117,0,368,49,173,-39,332,0" /><INIT seed="4,0,0,1,2,60" ten="117,417,134,332" oya="0" hai0="62,131,2,134,103,83,51,76,9,126,38,111,104" hai1="52,79,31,8,5,47,40,101,114,0,61,120,64" hai2="90,81,127,86,45,124,117,97,57,72,119,102,63" hai3="67,78,68,80,28,59,130,23,34,29,87,99,84"/><T125/><D38/><U66/><E120/><V22/><F72/><W14/><G68/><T122/><D122/><U49/><E114/><V133/><F45/><W82/><G34/><T89/><D131/><U43/><E31/><V32/><F32/><W70/><G70/><T44/><D134/><U91/><E79/><V41/><F41/><W73/><G73/><T46/><D104/><U24/><E24/><V132/><F22/><W12/><G99/><T128/><D128/><U116/><E116/><N who="2" m="44619" /><F57/><W1/><G1/><T36/><D36/><U129/><E129/><V26/><F63/><N who="3" m="38399" /><G130/><T17/><D103/><U19/><E19/><V42/><F42/><W135/><G135/><N who="2" m="51785" /><F26/><N who="3" m="16479" /><G29/><T98/><D111/><U3/><E43/><V25/><F25/><W48/><G48/><T56/><D51/><U85/><E101/><V53/><F53/><W21/><G21/><T123/><D123/><U54/><E0/><V121/><F121/><W20/><G20/><T115/><D2/><U95/><E66/><V6/><F6/><W71/><G71/><AGARI ba="0,0" hai="3,5,8,40,47,49,52,54,61,64,71,85,91,95" machi="71" ten="30,3900,0" yaku="7,1,52,1,54,1" doraHai="60" who="1" fromWho="3" sc="117,0,417,39,134,0,332,-39" /><INIT seed="5,0,0,2,1,12" ten="117,456,134,293" oya="1" hai0="21,14,93,2,125,97,96,109,48,57,16,11,77" hai1="28,117,129,22,33,20,75,79,67,98,49,121,60" hai2="88,7,31,3,37,134,25,69,56,122,78,24,1" hai3="9,6,13,80,54,32,83,40,36,99,64,17,82"/><U92/><E117/><V124/><F69/><W8/><G32/><T89/><D109/><U116/><E116/><V43/><F78/><W38/><G64/><T15/><D125/><U51/><E121/><V118/><F122/><W103/><G54/><N who="0" m="31943" /><D2/><U65/><E33/><V132/><F118/><W113/><G113/><T61/><D61/><U47/><E129/><V135/><F124/><W84/><G84/><N who="0" m="52391" /><D77/><U105/><E105/><V94/><F56/><W46/><G38/><T63/><D63/><U0/><E0/><N who="2" m="75" /><F7/><AGARI ba="0,0" hai="7,11,14,15,16,21,96,97" m="52391,31943" machi="7" ten="30,7700,0" yaku="25,1,8,1,52,1,54,1" doraHai="12" who="0" fromWho="2" sc="117,77,456,0,134,-77,293,0" /><INIT seed="6,0,0,2,4,0" ten="194,456,57,293" oya="2" hai0="17,113,13,25,33,27,48,29,61,100,77,6,108" hai1="78,40,122,24,49,131,5,84,60,2,15,128,116" hai2="12,32,76,50,105,53,47,94,115,34,123,87,21" hai3="54,107,37,4,95,80,103,58,43,22,90,51,132"/><V9/><F105/><W44/><G132/><T101/><D108/><U67/><E116/><V65/><F123/><W31/><G107/><T70/><D70/><U74/><E2/><V111/><F111/><W82/><G103/><T120/><D120/><U98/><E74/><V79/><F115/><W56/><G4/><T127/><D61/><U125/><E122/><V114/><F114/><W39/><G39/><T124/><D113/><U102/><E125/><N who="0" m="48201" /><D27/><U59/><E24/><V109/><F109/><W18/><G56/><T23/><D77/><U26/><E26/><V135/><F135/><W93/><G93/><T35/><D35/><U63/><E63/><V52/><F65/><W3/><G3/><T117/><D117/><U75/><E75/><V92/><F21/><W36/><G36/><T66/><D66/><U55/><E40/><N who="2" m="24935" /><F34/><W104/><G104/><T118/><D118/><U72/><E72/><V99/><F32/><W81/><G31/><T133/><D133/><U42/><E42/><V83/><F79/><W86/><G37/><T119/><D119/><U112/><E112/><V91/><F94/><W14/><G43/><T88/><D6/><AGARI ba="0,0" hai="6,9,12,52,53,76,83,87,91,92,99" m="24935" machi="6" ten="30,11600,0" yaku="25,1,8,1,52,1,54,1" doraHai="0" who="2" fromWho="0" sc="194,-116,456,0,57,116,293,0" /><INIT seed="6,1,0,0,4,42" ten="78,456,173,293" oya="2" hai0="127,31,13,22,74,109,84,123,44,29,58,43,77" hai1="135,49,36,73,7,101,79,75,30,104,132,99,39" hai2="35,90,45,14,130,54,5,65,72,26,28,80,100" hai3="55,76,4,98,118,91,25,124,89,18,56,40,21"/><V92/><F130/><W17/><G118/><T110/><D74/><N who="1" m="28171" /><E79/><V3/><F3/><W24/><G124/><T68/><D68/><U23/><E7/><V64/><F100/><W114/><G114/><T129/><D123/><U112/><E112/><V63/><F80/><W119/><G119/><T83/><D129/><U122/><E49/><V108/><F72/><W71/><G71/><T116/><D116/><U81/><E81/><V125/><F125/><W120/><G76/><T52/><D127/><U126/><E126/><V20/><F108/><W53/><G4/><T121/><D121/><U115/><E115/><V38/><F38/><W66/><G40/><T60/><D110/><U133/><E122/><V69/><F65/><W1/><G1/><T62/><D62/><U95/><E104/><V48/><F5/><W34/><G34/><T32/><D32/><U9/><E9/><V107/><F107/><W27/><G120/><T12/><D109/><U82/><E82/><V59/><F14/><W11/><G11/><T41/><D41/><U113/><E113/><V51/><F35/><W15/><G17/><T111/><D111/><U93/><E93/><V33/><F33/><W87/><G98/><T10/><D22/><U2/><E2/><V61/><F45/><W6/><G6/><N who="0" m="3159" /><D13/><U102/><E102/><V78/><F78/><W105/><G105/><T47/><D43/><U96/><E96/><AGARI ba="1,0" hai="20,26,28,48,51,54,59,61,63,64,69,90,92,96" machi="96" ten="30,1500,0" yaku="7,1" doraHai="42" who="2" fromWho="1" sc="78,0,456,-18,173,18,293,0" /><INIT seed="6,2,0,1,3,102" ten="78,438,191,293" oya="2" hai0="54,113,121,47,76,133,125,17,80,53,2,124,103" hai1="129,120,87,114,70,16,40,1,128,5,39,134,112" hai2="34,119,123,91,69,115,42,116,50,27,117,26,71" hai3="62,6,101,64,100,85,81,58,3,12,126,118,24"/><V130/><F123/><W65/><G3/><T33/><D33/><U89/><E70/><V135/><F115/><N who="1" m="44073" /><E134/><V72/><F72/><W29/><G65/><T22/><D2/><U84/><E120/><V79/><F79/><W109/><G126/><T19/><D113/><U35/><E35/><V4/><F135/><W37/><G37/><T10/><D121/><U92/><E87/><V46/><F130/><W30/><G109/><T14/><D133/><U45/><E16/><V52/><F4/><W108/><G108/><T98/><D47/><U96/><E84/><V60/><F27/><W25/><G25/><T0/><D0/><U104/><E104/><V44/><F91/><W11/><G118/><T131/><D131/><U82/><E82/><V75/><F75/><W74/><G74/><T107/><D124/><U13/><E1/><V106/><F106/><W67/><G67/><T68/><D68/><N who="2" m="26186" /><F26/><W56/><G56/><T127/><D127/><U28/><E28/><N who="3" m="10858" /><G24/><T32/><D32/><U48/><E39/><N who="2" m="21599" /><F34/><W122/><G122/><T57/><D57/><U105/><E105/><V18/><F18/><W51/><G51/><T97/><D97/><U73/><E73/><V55/><F60/><W49/><G85/><T20/><D125/><U9/><AGARI ba="2,0" hai="5,9,13,40,45,48,89,92,96,128,129" m="44073" machi="9" ten="30,1100,0" yaku="15,1" doraHai="102" who="1" fromWho="1" sc="78,-5,438,17,191,-7,293,-5" /><INIT seed="7,0,0,2,5,133" ten="73,455,184,288" oya="3" hai0="17,26,114,0,41,113,61,77,88,135,128,70,23" hai1="11,134,68,106,104,62,58,91,95,123,117,80,109" hai2="30,105,59,124,14,72,42,37,66,110,94,122,31" hai3="126,69,24,16,55,52,108,38,8,132,127,9,22"/><W1/><G69/><T96/><D0/><U89/><E109/><V119/><F105/><W57/><G38/><T99/><D135/><U33/><E134/><V12/><F72/><W63/><G132/><T85/><D77/><U32/><E68/><V86/><F66/><W107/><G107/><T54/><D41/><U87/><E123/><V10/><F59/><W74/><G74/><T13/><D70/><U51/><E117/><V65/><F65/><W129/><G129/><T2/><D2/><U100/><E100/><V20/><F119/><W130/><G130/><T25/><D128/><U125/><E51/><V4/><F110/><W35/><G108/><T82/><D61/><U15/><E33/><V47/><F20/><W115/><G115/><N who="0" m="44043" /><D26/><U90/><E32/><V75/><F42/><W97/><G35/><T84/><D84/><U36/><E36/><V92/><F86/><W45/><G97/><T27/><D27/><U67/><E91/><V44/><F37/><W43/><G43/><T64/><D64/><U93/><E93/><V46/><F75/><W56/><G45/><N who="2" m="17513" /><F94/><W60/><G8/><T7/><D25/><U102/><E102/><V28/><F47/><W101/><REACH who="3" step="1"/><G101/><REACH who="3" ten="73,455,184,278" step="2"/><T118/><D118/><U48/><E11/><V116/><F10/><W50/><G50/><T111/><D111/><U76/><E48/><V21/><F116/><W120/><G120/><T39/><D39/><U103/><E106/><V5/><F122/><W131/><G131/><T73/><D73/><U40/><E104/><V112/><F112/><W34/><G34/><T79/><D99/><RYUUKYOKU ba="0,1" sc="73,-10,455,-10,184,-10,278,30" hai3="1,9,16,22,24,52,55,56,57,60,63,126,127" /><INIT seed="7,1,1,2,1,26" ten="63,445,174,308" oya="3" hai0="113,17,29,13,21,5,30,127,73,1,112,19,55" hai1="56,6,2,15,57,104,116,58,95,39,24,61,122" hai2="124,110,41,11,10,70,46,40,86,91,90,79,89" hai3="109,37,101,42,93,43,134,92,94,87,76,75,27"/><W96/><G134/><T78/><D55/><U121/><E104/><V88/><F110/><W32/><G109/><T48/><D48/><U45/><E2/><V115/><F70/><W28/><G75/><T18/><D73/><U44/><E61/><V66/><F115/><N who="0" m="44106" /><D78/><U25/><E116/><V33/><F33/><W128/><G128/><T133/><D133/><U130/><E130/><V51/><F124/><W69/><G69/><T108/><D108/><U4/><E39/><V64/><F41/><W35/><G35/><T71/><D71/><U59/><E59/><V126/><F126/><W49/><G49/><T36/><D36/><U80/><E80/><N who="2" m="49223" /><F79/><W107/><REACH who="3" step="1"/><G37/><REACH who="3" ten="63,445,174,298" step="2"/><T31/><D127/><U14/><E58/><V131/><F131/><W62/><G62/><T38/><D38/><U0/><E0/><V12/><F51/><W82/><AGARI ba="1,2" hai="27,28,32,42,43,76,82,87,92,93,94,96,101,107" machi="82" ten="30,6000,0" yaku="1,1,0,1,52,1,53,0" doraHai="26" doraHaiUra="52" who="3" fromWho="3" sc="63,-21,445,-21,174,-21,298,83" /><INIT seed="7,2,0,2,3,10" ten="42,424,153,381" oya="3" hai0="45,28,8,114,89,46,102,96,47,109,19,83,52" hai1="37,20,4,85,75,86,81,66,107,125,38,130,61" hai2="76,25,79,36,2,62,87,31,116,71,23,121,44" hai3="22,84,15,42,18,69,60,99,51,5,111,90,0"/><W124/><G124/><T112/><D109/><U106/><E75/><V120/><F2/><W17/><G111/><T98/><D28/><U43/><E125/><V40/><F116/><W108/><G108/><T55/><D83/><U65/><E4/><V68/><F87/><N who="1" m="33289" /><E81/><V115/><F115/><N who="0" m="44074" /><D8/><U135/><E20/><V131/><F131/><W24/><G99/><N who="0" m="37931" /><D89/><U91/><E91/><V33/><F33/><W39/><G39/><N who="1" m="14858" /><E43/><V63/><F79/><W35/><G0/><T80/><D80/><U105/><E61/><N who="2" m="23051" /><F76/><W34/><G5/><T88/><D88/><U113/><E113/><V48/><F36/><W119/><G119/><T21/><D102/><U78/><E78/><V128/><F128/><W94/><G42/><T54/><D19/><U129/><E135/><V70/><F70/><W41/><G41/><T6/><D21/><U123/><E123/><V110/><F110/><W12/><G51/><T100/><D100/><U11/><E11/><V117/><F23/><W53/><G53/><T103/><D103/><U1/><E1/><V30/><F30/><W14/><REACH who="3" step="1"/><G18/><REACH who="3" ten="42,424,153,371" step="2"/><T72/><D72/><U82/><E82/><V133/><F121/><W118/><G118/><T126/><D6/><U7/><E7/><V32/><F120/><W59/><G59/><T50/><D126/><U67/><AGARI ba="2,1" hai="65,66,67,105,106,107,129,130" m="14858,33289" machi="67" ten="50,3200,0" yaku="28,2" doraHai="10" who="1" fromWho="1" sc="42,-10,424,48,153,-10,371,-18" owari="32,-47.0,472,58.0,143,-26.0,353,15.0" /></mjloggm>