<mjloggm ver="2.3"><GO type="169" lobby="0"/><UN n0="%6F%69%73%79%6F" n1="%E3%83%A8%E3%82%B3%E3%83%A8%E3%82%B3" n2="%61%72%75%6B%61" n3="%E3%83%88%E3%83%88%E3%83%AA%E5%85%88%E7%94%9F%31%39%E6%AD%B3" dan="16,16,17,19" rate="2129.35,2149.04,2188.33,2296.15" sx="M,M,M,F"/><TAIKYOKU oya="0"/><INIT seed="0,0,0,5,3,39" ten="250,250,250,250" oya="0" hai0="47,120,106,75,29,36,43,80,84,130,79,53,91" hai1="15,88,33,7,122,2,35,127,95,89,111,97,14" hai2="20,23,9,6,117,59,40,27,3,125,54,108,67" hai3="28,104,1,116,98,30,26,82,4,83,102,25,132"/><T73/><D120/><U78/><E122/><V90/><F108/><W101/><G116/><T81/><D130/><U100/><E111/><V32/><F117/><W128/><G128/><T34/><D106/><U37/><E37/><V48/><F125/><W114/><G114/><T63/><D34/><U105/><E127/><V41/><F32/><W50/><G132/><T57/><REACH who="0" step="1"/><D29/><REACH who="0" ten="240,250,250,250" step="2"/><U51/><E35/><V133/><F133/><W107/><G30/><T69/><D69/><U5/><E33/><V135/><F135/><W131/><G28/><T55/><D55/><U134/><E105/><V12/><F67/><W115/><G131/><T112/><D112/><U94/><E134/><V85/><F3/><W74/><G115/><T21/><D21/><N who="2" m="8266" /><F27/><W56/><G1/><T45/><D45/><U96/><E2/><V49/><F49/><W16/><G50/><T46/><D46/><U13/><E51/><V119/><F119/><W52/><G104/><T58/><D58/><U8/><E14/><V24/><F24/><W18/><G56/><T19/><D19/><U86/><E13/><V11/><F11/><W0/><G0/><T126/><D126/><U103/><E5/><V124/><F124/><W92/><G4/><T71/><D71/><U113/><E113/><V109/><F109/><W70/><G70/><T121/><D121/><U77/><REACH who="1" step="1"/><E86/><AGARI ba="0,1" hai="36,43,47,53,57,63,73,75,79,80,81,84,86,91" machi="86" ten="30,11600,0" yaku="1,1,7,1,52,1,53,1" doraHai="39" doraHaiUra="87" who="0" fromWho="1" sc="240,126,250,-116,250,0,250,0" /><INIT seed="0,1,0,0,0,111" ten="366,134,250,250" oya="0" hai0="77,60,22,51,109,5,13,57,131,100,7,23,122" hai1="59,115,26,120,118,40,82,50,47,42,130,67,39" hai2="126,14,124,4,32,80,79,134,114,108,63,18,88" hai3="62,44,21,8,123,53,97,58,91,102,2,127,125"/><T112/><D112/><U105/><E120/><V0/><F32/><W19/><G123/><T24/><D122/><U43/><E118/><V89/><F108/><W52/><G91/><T45/><D109/><U74/><E105/><V70/><F134/><W17/><G44/><T121/><D131/><U113/><E130/><V71/><F4/><W34/><G34/><T76/><D100/><U92/><E92/><V93/><F0/><W129/><G129/><T84/><D121/><U128/><E128/><V29/><F29/><W49/><G49/><T73/><D73/><U55/><E26/><V10/><F114/><N who="1" m="43529" /><E67/><V12/><F93/><W66/><G127/><N who="2" m="48681" /><F14/><N who="3" m="7367" /><G2/><T87/><D13/><U16/><E16/><V85/><F63/><W98/><G125/><T1/><D5/><U95/><E95/><V27/><F27/><N who="3" m="14783" /><G102/><T101/><D7/><U68/><E68/><AGARI ba="1,0" hai="10,12,18,68,70,71,79,80,85,88,89" m="48681" machi="68" ten="30,2000,0" yaku="18,1,54,1" doraHai="111" who="2" fromWho="1" sc="366,0,134,-23,250,23,250,0" /><INIT seed="1,0,0,0,3,96" ten="366,111,273,250" oya="1" hai0="41,56,3,4,86,20,112,92,55,75,16,14,18" hai1="40,108,103,46,52,31,73,27,74,124,82,104,100" hai2="53,101,43,47,62,67,118,129,12,59,6,9,125" hai3="90,63,8,113,24,128,87,54,0,69,57,68,50"/><U37/><E124/><V131/><F118/><W65/><G113/><T29/><D112/><U121/><E121/><V32/><F32/><W105/><G128/><N who="2" m="49225" /><F125/><W7/><G24/><T72/><D41/><U60/><E108/><V83/><F83/><W130/><G105/><T134/><D134/><U34/><E104/><V98/><F67/><W102/><G130/><T38/><D38/><U58/><REACH who="1" step="1"/><E82/><REACH who="1" ten="366,101,273,250" step="2"/><V115/><F115/><W13/><G69/><T28/><D75/><AGARI ba="0,1" hai="27,31,34,37,40,46,52,58,60,73,74,75,100,103" machi="75" ten="40,12000,1" yaku="1,1,2,1,52,2,54,1,53,0" doraHai="96" doraHaiUra="119" who="1" fromWho="0" sc="366,-120,101,130,273,0,250,0" /><INIT seed="1,1,0,0,0,17" ten="246,231,273,250" oya="1" hai0="117,55,65,67,22,16,88,33,72,8,36,31,77" hai1="7,29,26,37,78,34,73,23,74,118,50,113,27" hai2="62,135,46,104,44,48,28,54,57,109,51,4,58" hai3="66,95,39,75,41,129,82,64,80,25,70,132,123"/><U71/><E37/><V90/><F104/><W24/><G123/><T12/><D117/><U108/><E118/><V124/><F4/><W114/><G114/><T53/><D36/><U43/><E113/><V128/><F28/><W19/><G129/><T106/><D106/><U110/><E71/><V105/><F105/><W86/><G132/><T101/><D101/><U5/><E7/><V83/><F83/><W100/><G75/><T13/><D77/><U133/><E133/><V93/><F135/><W61/><G66/><N who="0" m="25099" /><D72/><U96/><E5/><V87/><F128/><W97/><G82/><T98/><D33/><U122/><E122/><V40/><F109/><N who="1" m="42089" /><E78/><V59/><REACH who="2" step="1"/><F124/><REACH who="2" ten="246,231,263,250" step="2"/><W91/><G19/><N who="0" m="10599" /><D31/><N who="1" m="17887" /><E96/><V84/><F84/><W115/><G115/><T120/><D120/><U68/><E68/><V99/><F99/><W92/><G80/><T125/><D125/><U130/><E130/><V116/><F116/><W21/><G70/><T38/><D38/><U56/><E56/><V107/><F107/><W2/><G39/><T20/><D8/><U3/><E3/><V49/><F49/><W10/><G10/><T79/><D79/><U127/><E127/><V111/><F111/><W81/><G2/><T121/><D121/><U30/><E30/><V45/><F45/><AGARI ba="1,1" hai="27,29,34,43,45,50,73,74" m="17887,42089" machi="45" ten="30,5800,0" yaku="14,1,10,1,52,1" doraHai="17" who="1" fromWho="2" sc="246,0,231,71,263,-61,250,0" /><INIT seed="1,2,0,4,3,73" ten="246,302,202,250" oya="1" hai0="110,55,33,23,101,16,111,72,106,83,104,52,81" hai1="70,61,102,53,134,2,128,98,0,32,59,13,113" hai2="91,108,60,64,25,130,18,40,63,69,120,90,132" hai3="105,119,131,37,125,68,8,96,35,109,27,82,20"/><U77/><E113/><V92/><F120/><W29/><G37/><T51/><D33/><U79/><E32/><V11/><F108/><N who="0" m="41514" /><D55/><U10/><E70/><V84/><F130/><W31/><G109/><T93/><D93/><U54/><E128/><V112/><F112/><W127/><G131/><T87/><D72/><U71/><E71/><V7/><F132/><W117/><G68/><T19/><D101/><U85/><E134/><V62/><F40/><W66/><G66/><T46/><D83/><U89/><E0/><V122/><F122/><W78/><G8/><T65/><D65/><U103/><E2/><V24/><F24/><N who="3" m="18919" /><G96/><T74/><D74/><U86/><E85/><V14/><REACH who="2" step="1"/><F91/><REACH who="2" ten="246,302,192,250" step="2"/><W107/><G27/><N who="0" m="14823" /><D19/><N who="1" m="8631" /><E53/><V56/><F56/><W116/><G29/><T6/><D6/><U49/><E89/><AGARI ba="2,1" hai="46,51,52,81,87,89,104,106" m="14823,41514" machi="89" ten="30,3900,0" yaku="14,1,54,2" doraHai="73" who="0" fromWho="1" sc="246,55,302,-45,192,0,250,0" /><INIT seed="2,0,0,5,3,39" ten="301,257,192,250" oya="2" hai0="37,15,66,91,112,69,8,130,40,87,119,113,84" hai1="76,33,24,83,103,38,3,61,53,62,26,49,120" hai2="101,105,60,96,82,99,21,5,94,56,59,42,30" hai3="48,129,75,122,134,7,13,41,9,74,25,131,100"/><V133/><F133/><W127/><G122/><T10/><D130/><N who="3" m="49673" /><G134/><T108/><D108/><U55/><E120/><V63/><F5/><W95/><G127/><T135/><D135/><U107/><E38/><V86/><F105/><W64/><G64/><T57/><D69/><U77/><E3/><V35/><F35/><W2/><G2/><T123/><D123/><U67/><E103/><V110/><F110/><W54/><G41/><T4/><D119/><U52/><E107/><V1/><F1/><W98/><G25/><N who="1" m="9834" /><E33/><V104/><F42/><W12/><G12/><T31/><D31/><U50/><E67/><V19/><F30/><W58/><AGARI ba="0,0" hai="7,9,13,48,54,58,74,75,95,98,100" m="49673" machi="58" ten="30,1100,0" yaku="19,1" doraHai="39" who="3" fromWho="3" sc="301,-3,257,-3,192,-5,250,11" /><INIT seed="3,0,0,4,0,28" ten="298,254,187,261" oya="3" hai0="102,36,54,128,4,130,59,107,114,16,100,95,32" hai1="27,96,135,73,97,120,33,38,134,129,40,45,116" hai2="79,87,67,30,133,19,118,37,60,47,53,10,110" hai3="17,20,78,115,124,8,113,81,52,49,29,63,55"/><W21/><G124/><T2/><D36/><U122/><E116/><V9/><F118/><W74/><G8/><N who="0" m="2071" /><D107/><U0/><E0/><V101/><F110/><W94/><G29/><T64/><D64/><U125/><E125/><V14/><F133/><N who="1" m="50697" /><E73/><V43/><F101/><W12/><G21/><T7/><D7/><U6/><E6/><V18/><F30/><W119/><G119/><T66/><D66/><U68/><E68/><V11/><F53/><W89/><G63/><T112/><D32/><U3/><E3/><V80/><REACH who="2" step="1"/><F19/><REACH who="2" ten="298,254,177,261" step="2"/><W105/><G55/><T23/><D102/><U25/><E129/><V91/><F91/><W61/><G105/><T104/><D104/><U126/><E126/><V92/><F92/><W15/><G61/><N who="0" m="36087" /><D95/><U65/><E65/><V5/><F5/><W86/><REACH who="3" step="1"/><G15/><REACH who="3" ten="298,254,177,251" step="2"/><T57/><D128/><U71/><E120/><V93/><F93/><W127/><G127/><T48/><D130/><U117/><E122/><V109/><F109/><W98/><G98/><T99/><D99/><U75/><E96/><V41/><F41/><W31/><G31/><T1/><D1/><U69/><E97/><V84/><F84/><W121/><G121/><T50/><D100/><U106/><E117/><V26/><F26/><W82/><G82/><T51/><D112/><U22/><E106/><V24/><F24/><W56/><AGARI ba="0,2" hai="12,17,20,49,52,56,74,78,81,86,89,94,113,115" machi="56" ten="20,18000,2" yaku="1,1,0,1,7,1,25,2,54,1,53,1" doraHai="28" doraHaiUra="83" who="3" fromWho="3" sc="298,-60,254,-60,177,-60,251,200" /><INIT seed="3,1,0,3,2,73" ten="238,194,117,451" oya="3" hai0="119,102,47,89,42,112,95,96,127,6,58,118,33" hai1="18,14,99,4,69,36,15,117,20,78,71,70,60" hai2="61,50,1,116,81,123,122,64,59,3,66,114,88" hai3="85,68,104,56,129,27,49,41,121,8,54,101,40"/><W45/><G121/><N who="2" m="46089" /><F114/><W111/><G68/><T107/><D33/><U134/><E36/><V92/><F116/><W93/><G104/><T94/><D112/><U26/><E117/><V22/><F50/><W113/><G113/><T37/><D127/><U57/><E134/><V77/><F22/><W46/><G129/><T24/><D6/><U133/><E133/><V12/><F12/><W98/><G111/><T63/><D24/><U126/><E126/><V130/><F66/><W9/><G27/><T86/><REACH who="0" step="1"/><D107/><REACH who="0" ten="228,194,117,451" step="2"/><U48/><E4/><V87/><F130/><W19/><G19/><T67/><AGARI ba="1,1" hai="37,42,47,58,63,67,86,89,94,95,96,102,118,119" machi="67" ten="20,5200,0" yaku="1,1,2,1,0,1,7,1,53,0" doraHai="73" doraHaiUra="30" who="0" fromWho="0" sc="228,65,194,-14,117,-14,451,-27" /><INIT seed="4,0,0,4,0,36" ten="293,180,103,424" oya="0" hai0="12,19,66,78,35,92,39,8,50,4,128,90,27" hai1="71,42,135,7,63,45,51,118,60,105,114,29,112" hai2="65,15,31,57,3,13,69,125,116,120,73,0,123" hai3="30,75,81,106,47,100,61,96,25,107,62,1,41"/><T58/><D39/><U101/><E7/><V124/><F69/><W110/><G110/><T91/><D128/><U97/><E118/><V14/><F73/><W131/><G131/><T46/><D78/><U2/><E2/><N who="2" m="555" /><F65/><W55/><G1/><T95/><D66/><U76/><E76/><V121/><F57/><W20/><G75/><T88/><D58/><U109/><E109/><V126/><F31/><W54/><G81/><T52/><D35/><U83/><E83/><V74/><F74/><W119/><G107/><T80/><D80/><U103/><E135/><V79/><F79/><W132/><G132/><T86/><D86/><U70/><E101/><V130/><F130/><W48/><REACH who="3" step="1"/><G119/><AGARI ba="0,0" hai="13,14,15,116,119,120,121,123,124,125,126" m="555" machi="119" ten="50,12000,2" yaku="29,2,28,2,18,1,34,2" doraHai="36" who="2" fromWho="3" sc="293,0,180,0,103,120,424,-120" /><INIT seed="5,0,0,4,2,47" ten="293,180,223,304" oya="1" hai0="36,64,5,0,41,128,134,110,7,6,62,22,120" hai1="127,63,76,25,14,104,96,107,2,130,123,118,101" hai2="17,32,75,85,105,23,100,77,69,73,9,102,74" hai3="121,21,99,34,108,42,84,10,79,54,78,68,13"/><U70/><E123/><V103/><F69/><W55/><G34/><T16/><D110/><U33/><E118/><V30/><F105/><W109/><G68/><T39/><D120/><U83/><E104/><V53/><F9/><W88/><G121/><T20/><D134/><U82/><E130/><V50/><F32/><W59/><G108/><T12/><D128/><U18/><E127/><V37/><F37/><W51/><G42/><T15/><D0/><U66/><E2/><V49/><F30/><W48/><G99/><T135/><D41/><U35/><E35/><V114/><F114/><W58/><G21/><T11/><D135/><U4/><E4/><V86/><F53/><W133/><G109/><T113/><D113/><U71/><E70/><V132/><F132/><W3/><G3/><T90/><D90/><U72/><E72/><V56/><F56/><W97/><G97/><T115/><D11/><N who="1" m="6495" /><E76/><V27/><REACH who="2" step="1"/><F77/><REACH who="2" ten="293,180,213,304" step="2"/><W8/><G8/><T65/><D115/><U80/><E80/><V125/><F125/><W117/><G133/><T126/><D126/><U91/><E91/><V46/><F46/><W24/><G79/><T112/><D112/><U119/><E119/><V26/><F26/><W43/><G78/><T52/><D39/><U1/><E1/><V129/><F129/><W29/><G117/><T81/><D36/><U38/><E38/><V28/><F28/><AGARI ba="0,1" hai="25,28,33,63,66,71,82,83,96,101,107" m="6495" machi="28" ten="30,1500,0" yaku="25,1" doraHai="47" who="1" fromWho="2" sc="293,0,180,25,213,-15,304,0" /><INIT seed="5,1,0,2,2,75" ten="293,205,198,304" oya="1" hai0="54,0,60,26,37,44,25,96,134,98,87,127,64" hai1="81,58,47,46,135,17,70,88,118,34,79,106,77" hai2="110,48,1,22,39,109,40,59,27,51,73,97,14" hai3="45,94,41,114,65,52,66,42,5,30,18,133,62"/><U78/><E70/><V11/><F1/><W20/><G114/><T85/><D0/><U29/><E118/><V99/><F73/><W131/><G131/><T124/><D134/><U102/><E135/><V23/><F39/><W92/><G133/><T103/><D54/><U35/><E17/><V7/><F109/><W117/><G117/><T12/><D12/><U32/><E29/><V74/><F74/><W125/><G125/><T72/><D72/><U33/><N who="1" m="8704" /><DORA hai="119" /><U31/><E31/><V108/><F108/><W83/><G5/><T111/><D44/><U89/><E58/><V100/><F110/><W128/><G30/><T2/><D2/><U123/><E123/><V90/><F90/><W129/><G83/><T91/><D37/><U126/><E126/><V69/><F69/><W132/><G132/><T101/><D111/><U71/><E71/><V36/><F36/><W80/><G80/><T116/><D116/><U8/><E8/><V63/><F99/><W49/><G128/><T61/><D64/><N who="3" m="24681" /><G62/><T68/><D68/><U76/><N who="1" m="19968" /><DORA hai="120" /><U95/><E106/><V57/><F59/><W107/><G107/><T13/><D91/><U28/><E28/><V6/><F57/><W21/><G129/><T86/><D86/><U115/><E115/><V67/><F67/><W24/><G20/><T3/><D3/><U43/><E81/><V38/><F11/><W130/><G130/><T9/><D9/><U104/><E104/><V122/><F63/><W56/><G56/><T84/><D84/><U4/><E89/><V15/><F23/><W112/><G112/><RYUUKYOKU ba="1,0" sc="293,15,205,-15,198,-15,304,15" hai0="13,25,26,60,61,85,87,96,98,101,103,124,127" hai3="18,21,24,41,42,45,49,52,92,94" /><INIT seed="6,2,0,3,1,103" ten="308,190,183,319" oya="2" hai0="99,57,10,109,12,17,82,5,112,13,134,126,2" hai1="7,53,3,21,28,8,32,22,113,80,16,36,93" hai2="14,45,96,67,87,83,121,65,64,119,42,106,107" hai3="117,39,81,101,122,95,18,6,118,9,37,70,102"/><V26/><F119/><W46/><G122/><T89/><D109/><U127/><E36/><V59/><F121/><W129/><G70/><T43/><D112/><U69/><E69/><V62/><F96/><W114/><G18/><T71/><D71/><U47/><E113/><V74/><F74/><W94/><G114/><T110/><D110/><U78/><E127/><V31/><F14/><W123/><G123/><T73/><D126/><U115/><E115/><V104/><F87/><W108/><G108/><T98/><D2/><U130/><E130/><V77/><F77/><W111/><G111/><T52/><D43/><U19/><E93/><V55/><F83/><W40/><G129/><T79/><D89/><U120/><E120/><V0/><F0/><N who="3" m="199" /><G95/><T34/><D34/><U4/><E7/><V91/><F91/><W29/><G29/><T131/><D134/><U30/><E32/><V1/><F1/><W60/><G60/><T92/><D92/><U44/><E22/><V48/><REACH who="2" step="1"/><F42/><REACH who="2" ten="308,190,173,319" step="2"/><N who="3" m="22863" /><G81/><T56/><D131/><U135/><E78/><V68/><F68/><W35/><G117/><T23/><D99/><U63/><E80/><V15/><F15/><W76/><G118/><T38/><D98/><U125/><E125/><V24/><F24/><W72/><G76/><T61/><D13/><U49/><E3/><V50/><F50/><W84/><G72/><T58/><D38/><U41/><E49/><V85/><F85/><W66/><G84/><T86/><D73/><U116/><E41/><V88/><F88/><W20/><G39/><T90/><D90/><U132/><E116/><RYUUKYOKU ba="2,1" sc="308,15,190,-15,173,15,319,-15" hai0="5,10,12,17,23,52,56,57,58,61,79,82,86" hai2="26,31,45,48,55,59,62,64,65,67,104,106,107" /><INIT seed="6,3,1,2,0,69" ten="323,175,188,304" oya="2" hai0="133,130,40,3,45,91,9,57,89,61,13,117,70" hai1="53,46,126,56,99,105,97,29,23,31,36,14,68" hai2="32,78,124,93,73,58,118,101,15,125,129,110,100" hai3="95,59,25,74,35,121,26,39,114,134,55,94,85"/><V8/><F32/><W66/><G121/><T83/><D3/><U27/><E68/><V21/><F118/><W48/><G74/><T43/><D70/><U79/><E126/><N who="2" m="48747" /><F110/><W7/><G39/><T120/><D120/><U62/><E79/><V20/><F129/><W108/><G108/><T115/><D115/><U80/><E80/><N who="2" m="45135" /><F58/><N who="3" m="33127" /><G35/><T113/><D133/><U67/><E31/><V10/><F10/><W38/><G38/><T112/><D117/><U51/><E105/><V103/><F93/><N who="3" m="35339" /><G134/><T77/><D130/><U22/><E36/><V104/><F104/><W107/><G107/><T16/><D113/><U96/><REACH who="1" step="1"/><E14/><REACH who="1" ten="323,165,188,304" step="2"/><V92/><F92/><W87/><G114/><T12/><D12/><U41/><E41/><V24/><F24/><W44/><G26/><T52/><D43/><U116/><E116/><V0/><F0/><W90/><G25/><T84/><D112/><U49/><E49/><AGARI ba="3,2" hai="9,13,16,40,45,49,52,57,61,77,83,84,89,91" machi="49" ten="30,7700,0" yaku="7,1,8,1,54,2" doraHai="69" who="0" fromWho="1" sc="323,106,165,-86,188,0,304,0" /><INIT seed="7,0,0,2,0,74" ten="429,79,188,304" oya="3" hai0="80,112,2,12,135,18,71,11,26,37,44,105,32" hai1="19,76,39,84,46,25,48,56,93,47,0,59,66" hai2="87,7,62,15,104,16,113,90,133,124,5,120,78" hai3="30,91,43,24,101,29,53,6,45,100,83,103,85"/><W122/><G122/><T102/><D71/><U132/><E0/><V22/><F104/><W95/><G6/><N who="0" m="1495" /><D80/><U4/><E4/><V55/><F113/><W134/><G134/><T1/><D1/><U3/><E3/><V10/><F124/><W28/><G53/><T54/><D102/><U86/><E132/><V96/><F133/><W77/><G24/><T75/><D75/><U99/><E39/><V67/><F55/><W14/><G14/><T51/><D105/><U109/><E109/><V98/><F7/><W13/><G13/><T49/><D135/><U81/><E86/><V119/><F119/><W35/><G35/><T50/><D37/><U117/><E117/><V23/><F23/><W79/><REACH who="3" step="1"/><G83/><REACH who="3" ten="429,79,188,294" step="2"/><T97/><D112/><U118/><E118/><V41/><F120/><W123/><G123/><T60/><D60/><U38/><E25/><V8/><F5/><W20/><G20/><N who="0" m="11335" /><D97/><U64/><E99/><V17/><F96/><W92/><G92/><T42/><D54/><U34/><E93/><N who="2" m="54495" /><F98/><W72/><G72/><T52/><D52/><U131/><E81/><V130/><F62/><W27/><G27/><T57/><D26/><U89/><E66/><V61/><F61/><W111/><G111/><T115/><D32/><U106/><E64/><V110/><F67/><W36/><AGARI ba="0,1" hai="28,29,30,36,43,45,77,79,85,91,95,100,101,103" machi="36" ten="30,11700,0" yaku="1,1,0,1,52,2,53,0" doraHai="74" doraHaiUra="65" who="3" fromWho="3" sc="429,-39,79,-39,188,-39,294,127" owari="390,19.0,40,-46.0,149,-25.0,421,52.0" /></mjloggm>