<mjloggm ver="2.3"><GO type="169" lobby="0"/><UN n0="%E3%83%88%E3%83%88%E3%83%AA%E5%85%88%E7%94%9F%31%39%E6%AD%B3" n1="%E3%83%A2%E3%83%AD%E3%83%98%E3%82%A4%E3%83%A4" n2="%65%69%6B%31" n3="%E9%89%84%E8%B2%9E" dan="19,17,17,16" rate="2287.66,2164.16,2141.84,2124.71" sx="F,M,M,M"/><TAIKYOKU oya="0"/><INIT seed="0,0,0,1,5,57" ten="250,250,250,250" oya="0" hai0="0,50,48,47,131,84,91,122,15,106,19,129,125" hai1="10,71,134,114,36,16,38,78,74,99,29,49,8" hai2="93,75,31,55,46,59,65,6,32,61,107,96,5" hai3="34,37,88,83,73,104,120,35,52,109,21,111,30"/><T2/><D122/><U14/><E71/><V98/><F75/><W95/><G120/><T69/><D106/><U118/><E118/><V97/><F107/><W94/><G104/><T9/><D69/><U67/><E67/><V42/><F32/><W80/><G37/><T18/><D18/><U23/><E134/><V87/><F31/><W124/><G124/><T40/><D50/><U77/><E114/><V63/><F93/><W28/><G21/><T128/><REACH who="0" step="1"/><D125/><REACH who="0" ten="240,250,250,250" step="2"/><U110/><E49/><V53/><F42/><W58/><G28/><T82/><AGARI ba="0,1" hai="0,2,9,15,19,40,47,48,82,84,91,128,129,131" machi="82" ten="30,11700,0" yaku="1,1,2,1,0,1,19,1,53,0" doraHai="57" doraHaiUra="20" who="0" fromWho="0" sc="240,127,250,-39,250,-39,250,-39" /><INIT seed="0,1,0,2,4,84" ten="367,211,211,211" oya="0" hai0="111,97,28,8,131,45,89,82,125,5,132,115,48" hai1="67,73,86,70,77,80,17,15,47,105,113,6,60" hai2="42,26,120,101,22,123,96,27,31,121,87,75,10" hai3="117,81,78,25,38,54,63,21,43,56,95,3,4"/><T23/><D115/><U133/><E105/><V1/><F75/><W50/><G117/><T128/><D132/><U62/><E133/><V130/><F42/><W126/><G126/><T39/><D39/><U55/><E113/><V36/><F36/><W72/><G50/><T14/><D125/><U71/><E6/><N who="2" m="1359" /><F87/><W134/><G134/><T122/><D122/><U94/><E73/><V65/><F96/><W24/><G21/><T88/><D111/><U91/><E47/><V90/><F65/><W127/><G127/><T7/><D7/><U103/><E103/><V109/><F90/><W83/><G83/><T107/><D82/><U59/><E71/><V69/><F101/><W93/><G93/><T119/><D119/><U34/><E34/><N who="2" m="20855" /><F69/><W35/><G35/><T53/><D107/><U2/><E2/><V46/><F46/><W64/><G95/><T108/><D108/><U135/><E135/><V106/><F106/><W98/><G54/><T51/><D51/><U85/><E15/><V11/><F109/><W61/><G61/><T58/><D45/><U52/><E17/><N who="2" m="12751" /><F130/><N who="0" m="49706" /><D97/><U112/><E112/><V100/><F100/><W74/><G74/><T18/><D28/><U124/><E124/><V12/><F123/><W9/><G98/><T92/><D92/><U40/><E40/><V44/><F44/><AGARI ba="1,0" hai="3,4,9,24,25,38,43,44,56,63,64,72,78,81" machi="44" ten="40,2600,0" yaku="25,2" doraHai="84" who="3" fromWho="2" sc="367,0,211,0,211,-29,211,29" /><INIT seed="1,0,0,5,4,107" ten="367,211,182,240" oya="1" hai0="28,26,71,40,99,67,86,122,56,65,82,60,48" hai1="78,23,126,90,100,81,104,52,92,4,29,94,133" hai2="66,10,57,32,70,91,33,69,15,95,132,110,98" hai3="27,53,111,0,50,5,129,112,34,41,7,54,25"/><U96/><E4/><V58/><F110/><W103/><G50/><T31/><D122/><U6/><E6/><V101/><F132/><W76/><G76/><T59/><D31/><U124/><E133/><V20/><F33/><W119/><G103/><T72/><D72/><N who="1" m="43207" /><E23/><V84/><F32/><W14/><G14/><T83/><D65/><U134/><E29/><V80/><F20/><W35/><G111/><T12/><D12/><U85/><E134/><V36/><F36/><W18/><G18/><T44/><D26/><U77/><E52/><V73/><F73/><W39/><G39/><T63/><D28/><U55/><E55/><V88/><F101/><W21/><G21/><T93/><D71/><U47/><E47/><V8/><F8/><W45/><G45/><T51/><D51/><U64/><E64/><V2/><F2/><W120/><G53/><N who="0" m="33903" /><D86/><U105/><E77/><V123/><F123/><W3/><G0/><T89/><AGARI ba="0,0" hai="40,44,48,56,63,67,82,83,89,93,99" m="33903" machi="89" ten="30,1100,0" yaku="8,1" doraHai="107" who="0" fromWho="0" sc="367,11,211,-5,182,-3,240,-3" /><INIT seed="2,0,0,1,3,44" ten="378,206,179,237" oya="2" hai0="116,26,50,65,67,126,43,117,56,32,99,23,48" hai1="31,68,55,6,22,87,79,103,49,109,58,122,5" hai2="89,40,130,33,30,112,129,120,4,64,7,25,28" hai3="59,16,41,106,71,72,29,100,74,57,60,90,24"/><V51/><F120/><W84/><G41/><T1/><D1/><U128/><E68/><V47/><F112/><W96/><G59/><T37/><D32/><U113/><E113/><V14/><F64/><W110/><G110/><T121/><D121/><U13/><E122/><V93/><F30/><W98/><G98/><T77/><D126/><U12/><E109/><V35/><F35/><W80/><G16/><N who="0" m="12647" /><D77/><U62/><E103/><V20/><F33/><W92/><G106/><T131/><D131/><N who="2" m="50186" /><F14/><N who="1" m="5737" /><E128/><V63/><F63/><W54/><REACH who="3" step="1"/><G71/><REACH who="3" ten="378,206,179,227" step="2"/><T38/><D43/><U11/><E11/><V69/><F69/><W83/><G83/><T8/><D8/><U76/><E6/><V95/><F95/><W105/><G105/><T86/><D99/><AGARI ba="0,1" hai="4,7,20,25,28,40,47,51,89,93,99" m="50186" machi="99" ten="30,2900,0" yaku="19,1,52,1" doraHai="44" who="2" fromWho="0" sc="378,-29,206,0,179,39,227,0" /><INIT seed="2,1,0,0,5,64" ten="349,206,218,227" oya="2" hai0="91,96,111,127,98,61,52,32,27,77,119,55,46" hai1="114,108,82,129,29,93,45,80,76,130,54,19,68" hai2="103,87,105,62,39,95,78,100,20,37,60,23,71" hai3="125,86,35,48,13,3,7,124,56,132,66,50,65"/><V8/><F105/><W131/><G3/><T128/><D111/><U90/><E114/><V49/><F8/><N who="3" m="4255" /><G35/><T134/><D128/><U10/><E108/><V107/><F107/><W83/><G131/><N who="1" m="50186" /><E29/><V102/><F49/><N who="3" m="19051" /><G56/><T88/><D134/><U6/><E54/><N who="0" m="20521" /><D32/><U74/><E45/><V73/><F73/><W2/><G2/><T112/><D77/><U51/><E51/><V38/><F78/><N who="3" m="46455" /><G132/><T122/><D122/><U101/><E82/><V126/><F71/><W18/><G18/><T22/><D127/><AGARI ba="1,0" hai="65,66,124,125,127" m="46455,19051,4255" machi="127" ten="30,1000,0" yaku="18,1" doraHai="64" who="3" fromWho="0" sc="349,-13,206,0,218,0,227,13" /><INIT seed="3,0,0,2,0,63" ten="336,206,218,240" oya="3" hai0="59,113,93,86,131,104,95,33,80,55,112,119,54" hai1="133,12,127,85,87,94,37,101,21,96,91,120,5" hai2="73,134,105,69,61,99,89,108,90,4,81,115,62" hai3="17,123,82,29,15,106,38,118,48,51,72,40,1"/><W47/><G118/><T125/><D104/><U24/><E37/><V44/><F115/><N who="0" m="44106" /><D33/><U25/><E120/><V16/><F108/><W111/><G123/><T128/><D125/><U70/><E70/><V7/><F134/><W8/><G111/><T71/><D71/><U64/><E127/><V79/><F44/><W78/><G106/><T27/><D27/><U49/><E133/><V74/><F105/><W121/><G121/><T60/><D55/><U114/><E114/><V135/><F135/><W11/><REACH who="3" step="1"/><G29/><REACH who="3" ten="336,206,218,230" step="2"/><T53/><D119/><U30/><E30/><V9/><F69/><W130/><G130/><N who="0" m="49707" /><D53/><U2/><E2/><V132/><F132/><W41/><G41/><T19/><D19/><U50/><E25/><V107/><F16/><W116/><G116/><T84/><D84/><U42/><E42/><V3/><F3/><W35/><G35/><T28/><D28/><U117/><E87/><V67/><F107/><W76/><G76/><AGARI ba="0,1" hai="54,59,60,76,80,86,93,95" m="49707,44106" machi="76" ten="30,2000,0" yaku="11,1,19,1" doraHai="63" who="0" fromWho="3" sc="336,30,206,0,218,0,230,-20" /><INIT seed="4,0,0,1,4,134" ten="366,206,218,210" oya="0" hai0="39,12,56,135,23,117,133,54,131,27,50,109,3" hai1="33,93,66,89,122,63,123,11,1,118,43,80,90" hai2="106,55,124,119,32,110,91,107,2,125,58,0,16" hai3="128,30,112,71,86,113,99,62,53,127,130,9,104"/><T100/><D117/><U105/><E105/><N who="2" m="39947" /><F110/><W79/><G127/><N who="2" m="48713" /><F119/><W51/><G30/><N who="0" m="17791" /><D3/><N who="2" m="1066" /><F32/><W108/><G108/><T35/><D39/><U70/><E33/><V45/><F91/><W98/><G104/><T81/><D100/><U24/><E89/><V97/><F97/><W57/><G99/><T74/><D35/><U61/><E90/><V88/><F88/><W59/><G98/><T75/><D109/><U8/><E118/><V20/><F45/><W31/><G31/><T49/><D135/><U5/><E93/><V21/><F16/><W40/><G59/><T96/><D56/><U65/><E80/><V28/><F28/><W26/><G57/><T82/><D82/><U120/><E24/><V121/><F121/><W37/><G26/><T103/><D81/><U78/><E78/><V101/><F101/><W13/><G79/><T85/><D133/><U4/><E43/><V44/><F44/><W47/><G47/><T73/><D96/><U84/><E84/><V132/><F132/><W29/><G86/><T19/><D85/><U17/><E17/><V52/><F52/><W42/><G53/><T10/><D54/><U38/><E120/><V126/><N who="2" m="48721" /><V60/><AGARI ba="0,0" hai="20,21,55,58,60" m="1066,48721,39947" machi="60" ten="50,12000,2" yaku="4,1,18,1,52,4" doraHai="134" who="2" fromWho="2" sc="366,-60,206,-30,218,120,210,-30" /><INIT seed="5,0,0,3,0,72" ten="306,176,338,180" oya="1" hai0="121,77,125,126,135,91,82,47,83,80,7,118,101" hai1="114,112,90,52,78,131,97,109,123,12,26,134,18" hai2="32,116,110,16,64,36,37,27,74,11,10,56,127" hai3="39,55,19,41,42,95,45,113,62,89,13,6,2"/><U102/><E123/><V48/><F110/><W100/><G113/><N who="1" m="43626" /><E134/><V122/><F122/><W58/><G100/><T24/><D121/><U49/><E109/><V85/><F74/><W128/><G128/><T130/><D118/><U105/><E131/><V92/><F116/><W88/><G42/><T5/><D130/><U33/><E90/><V1/><F127/><N who="0" m="48650" /><D135/><U98/><E98/><V117/><F32/><W61/><G61/><T81/><D91/><U106/><E106/><V4/><F64/><W87/><G89/><T22/><D47/><N who="1" m="27711" /><E33/><V23/><F117/><W103/><G103/><T20/><D101/><U35/><E35/><V70/><F92/><W46/><G46/><T63/><D63/><U104/><E26/><V124/><F27/><W60/><G60/><T84/><D20/><N who="1" m="11335" /><E105/><V50/><F124/><W119/><G119/><T14/><D14/><U79/><AGARI ba="0,0" hai="78,79,97,102,104" m="11335,27711,43626" machi="79" ten="30,11700,0" yaku="15,1,52,2,54,1" doraHai="72" who="1" fromWho="1" sc="306,-39,176,117,338,-39,180,-39" /><INIT seed="5,1,0,1,4,132" ten="267,293,299,141" oya="1" hai0="56,80,73,65,81,122,102,54,42,20,18,59,31" hai1="127,71,119,103,53,38,58,85,8,82,104,47,110" hai2="2,91,109,5,55,134,27,64,106,130,16,21,10" hai3="126,96,94,84,33,37,117,66,89,30,92,79,133"/><U43/><E71/><V57/><F109/><W87/><G37/><T60/><D122/><U105/><E119/><V67/><F134/><W86/><G133/><T35/><D73/><U123/><E123/><V9/><F130/><W95/><G66/><T116/><D116/><U14/><E103/><V135/><F135/><W48/><G30/><T129/><D129/><U78/><E110/><V88/><F106/><W44/><G33/><T118/><D118/><U115/><E115/><V76/><F76/><W61/><G61/><T36/><D35/><U34/><E34/><V51/><REACH who="2" step="1"/><F10/><REACH who="2" ten="267,293,289,141" step="2"/><W72/><G117/><T63/><D102/><U68/><E105/><V98/><F98/><W11/><G11/><T50/><D36/><U125/><E104/><V75/><F75/><W112/><G79/><T70/><D31/><U90/><E78/><V19/><F19/><W26/><G112/><T49/><D70/><U114/><E68/><V6/><F6/><W22/><G72/><T1/><D18/><U74/><E74/><V100/><F100/><W52/><REACH who="3" step="1"/><G126/><REACH who="3" ten="267,293,289,131" step="2"/><T111/><D111/><U0/><E114/><V120/><F120/><W77/><G77/><T107/><D107/><U69/><E69/><V12/><F12/><W46/><G46/><T131/><D131/><U83/><E0/><V93/><F93/><W25/><G25/><T40/><D1/><U4/><REACH who="1" step="1"/><E82/><REACH who="1" ten="267,283,289,131" step="2"/><V108/><F108/><W99/><G99/><T32/><D81/><U124/><E124/><V15/><F15/><W45/><G45/><T41/><D80/><U39/><E39/><V17/><F17/><RYUUKYOKU ba="1,3" sc="267,-30,283,10,289,10,131,10" hai1="4,8,14,38,43,47,53,58,83,85,90,125,127" hai2="2,5,9,16,21,27,51,55,57,64,67,88,91" hai3="22,26,44,48,52,84,86,87,89,92,94,95,96" /><INIT seed="5,2,3,3,4,4" ten="237,293,299,141" oya="1" hai0="24,12,80,89,32,2,106,86,67,59,68,78,40" hai1="108,34,45,0,122,14,82,74,88,72,123,133,73" hai2="131,104,83,128,1,102,70,127,96,111,64,41,52" hai3="55,17,37,91,110,61,125,44,53,117,99,20,84"/><U124/><E0/><V21/><F111/><W43/><G110/><T15/><D2/><U28/><E108/><V98/><F1/><W31/><G125/><T95/><D68/><U65/><E65/><V5/><F5/><W92/><G117/><T103/><D40/><U90/><E28/><V19/><F127/><W79/><G31/><N who="0" m="19559" /><D59/><U85/><E34/><V107/><F41/><W126/><G126/><T57/><D57/><U134/><E124/><V115/><F115/><W129/><G129/><N who="2" m="49737" /><F83/><W135/><G135/><N who="1" m="51722" /><E45/><V77/><F77/><W7/><G7/><T35/><D67/><U94/><E14/><N who="2" m="9463" /><F52/><W18/><G18/><T76/><D76/><U48/><E48/><V112/><F112/><W109/><G109/><T121/><D121/><U46/><E46/><V97/><F107/><W51/><G37/><T101/><D35/><U13/><E13/><V50/><F50/><W47/><G47/><T113/><D113/><U26/><E26/><V49/><F49/><W81/><REACH who="3" step="1"/><G61/><AGARI ba="2,3" hai="61,64,70,96,97,98,102,104" m="9463,49737" machi="61" ten="30,1000,0" yaku="19,1" doraHai="4" who="2" fromWho="3" sc="237,0,293,0,299,46,141,-16" /><INIT seed="6,0,0,4,3,55" ten="237,293,345,125" oya="2" hai0="1,69,83,74,119,131,50,15,4,5,30,37,111" hai1="75,106,92,19,48,29,47,54,84,52,109,62,49" hai2="38,88,100,95,98,18,94,93,2,31,124,77,103" hai3="107,0,121,66,63,125,99,110,96,104,90,32,105"/><V44/><F2/><W135/><G121/><T68/><D111/><U53/><E106/><V117/><F117/><W71/><G110/><T3/><D37/><U115/><E75/><V56/><F124/><W45/><G125/><T9/><D119/><U108/><E115/><V36/><F31/><W60/><G135/><T23/><D131/><U78/><E29/><V22/><F77/><W126/><G126/><T79/><D50/><U123/><E123/><V16/><F38/><W42/><G0/><T70/><REACH who="0" step="1"/><D5/><REACH who="0" ten="227,293,345,125" step="2"/><U27/><E49/><V72/><F36/><W34/><G63/><T113/><D113/><U67/><E108/><V21/><F44/><W12/><G45/><T102/><D102/><U130/><E130/><V40/><F103/><W73/><G42/><T116/><D116/><U57/><E109/><V118/><F40/><W28/><G28/><T86/><D86/><U101/><E101/><V89/><F72/><W24/><G73/><T61/><D61/><U91/><E78/><V35/><F100/><W26/><G105/><T43/><D43/><U82/><E92/><V10/><F94/><W114/><G60/><T87/><D87/><U133/><E133/><V59/><F118/><W64/><G114/><T6/><D6/><U13/><REACH who="1" step="1"/><E27/><AGARI ba="0,1" hai="1,3,4,9,15,23,27,30,68,69,70,74,79,83" machi="27" ten="40,8000,1" yaku="1,1,53,3" doraHai="55" doraHaiUra="65" who="0" fromWho="1" sc="227,90,293,-80,345,0,125,0" /><INIT seed="7,0,0,5,1,103" ten="317,213,345,125" oya="3" hai0="26,130,5,36,88,84,37,118,55,131,16,100,73" hai1="96,107,72,113,3,9,89,98,32,105,108,12,59" hai2="42,114,63,109,10,117,41,4,71,126,125,94,60" hai3="119,93,25,49,38,11,128,40,54,56,135,134,30"/><W47/><G119/><T68/><D118/><U76/><E3/><V29/><F117/><W52/><G128/><N who="0" m="49195" /><D73/><U129/><E32/><V90/><F109/><W87/><G11/><T33/><D68/><U50/><E108/><V122/><F114/><W110/><G110/><T132/><D132/><U65/><E113/><V53/><F29/><W15/><G15/><T75/><D75/><U104/><E129/><V2/><F122/><W6/><G6/><T28/><D5/><U92/><E76/><V46/><F53/><W91/><REACH who="3" step="1"/><G54/><REACH who="3" ten="317,213,345,115" step="2"/><T83/><D55/><U19/><E12/><V39/><F4/><W86/><G86/><T133/><D133/><U43/><E9/><V82/><F10/><W7/><G7/><T22/><D100/><U8/><E8/><V115/><F115/><W14/><G14/><AGARI ba="0,1" hai="14,16,22,26,28,33,36,37,83,84,88" m="49195" machi="14" ten="30,3900,0" yaku="19,1,54,2" doraHai="103" who="0" fromWho="3" sc="317,49,213,0,345,0,115,-39" owari="366,46.0,213,-19.0,345,15.0,76,-42.0" /></mjloggm>