<mjloggm ver="2.3"><GO type="169" lobby="0"/><UN n0="%E3%83%88%E3%83%88%E3%83%AA%E5%85%88%E7%94%9F%31%39%E6%AD%B3" n1="%E9%9D%92%E7%8C%AB" n2="%53%2E%44%61%6E%63%65%72" n3="%6B%72%72" dan="19,16,17,17" rate="2283.33,2106.75,2164.37,2266.84" sx="F,M,M,M"/><TAIKYOKU oya="0"/><INIT seed="0,0,0,1,2,77" ten="250,250,250,250" oya="0" hai0="135,68,38,130,7,79,36,103,3,40,22,129,53" hai1="96,14,133,82,90,13,78,65,85,73,42,118,24" hai2="110,18,9,21,107,35,43,91,104,10,123,87,115" hai3="44,27,127,55,20,111,60,116,34,6,86,23,125"/><T92/><D68/><U61/><E118/><V19/><F123/><W64/><G116/><T132/><D22/><U126/><E133/><N who="0" m="51273" /><D40/><U72/><E126/><N who="3" m="48138" /><G111/><T81/><D53/><U45/><E24/><V54/><F35/><W57/><G6/><T124/><D124/><U105/><E73/><V98/><F43/><W11/><G11/><N who="0" m="2559" /><D92/><U5/><E5/><V122/><F54/><W69/><G44/><T114/><D103/><U108/><E108/><V4/><F110/><W120/><G120/><T1/><D1/><U117/><E117/><V131/><F4/><W102/><G102/><T119/><D114/><U113/><E113/><V59/><F122/><W84/><G34/><T29/><D29/><U97/><E45/><V109/><F109/><W51/><G20/><T30/><D30/><AGARI ba="0,0" hai="23,27,30,51,55,57,60,64,69,84,86" m="48138" machi="30" ten="30,1000,0" yaku="18,1" doraHai="77" who="3" fromWho="0" sc="250,-10,250,0,250,0,250,10" /><INIT seed="1,0,0,5,5,122" ten="240,250,250,260" oya="1" hai0="77,1,12,96,88,36,115,108,14,65,67,95,58" hai1="0,114,118,16,94,127,51,39,129,11,121,2,133" hai2="101,68,13,20,18,83,22,27,82,40,56,92,33" hai3="50,100,24,25,21,66,61,135,48,113,74,102,23"/><U116/><E39/><V124/><F68/><W49/><G113/><T134/><D115/><U110/><E94/><V37/><F33/><W72/><G135/><T76/><D1/><N who="1" m="619" /><E51/><V111/><F124/><W29/><G74/><T17/><D36/><U131/><E121/><V93/><F37/><W97/><G72/><T47/><D134/><U86/><E86/><V46/><F56/><W120/><G120/><T73/><D108/><U52/><E52/><V7/><F111/><W9/><G9/><T28/><D47/><U34/><E114/><V8/><F22/><W80/><G80/><T126/><D126/><U41/><E41/><V15/><F27/><W35/><G35/><T60/><D73/><U104/><E104/><V89/><F101/><W75/><G75/><T57/><D28/><U71/><E71/><V19/><F7/><W62/><G97/><T32/><D32/><U59/><E59/><V10/><F20/><W54/><G54/><T69/><D69/><U45/><E45/><V64/><F64/><W31/><REACH who="3" step="1"/><G62/><REACH who="3" ten="240,250,250,250" step="2"/><N who="0" m="38095" /><D12/><N who="1" m="7199" /><E133/><V5/><F5/><W112/><G112/><T106/><D106/><U53/><E53/><V123/><F123/><W91/><G91/><T63/><D60/><U84/><E34/><V107/><F107/><W130/><G130/><N who="1" m="49674" /><E127/><V3/><F3/><W44/><G44/><T55/><D67/><U81/><E110/><V38/><F93/><W117/><G117/><T6/><D6/><U43/><E43/><V87/><AGARI ba="0,1" hai="8,10,13,15,18,19,38,40,46,82,83,87,89,92" machi="87" ten="20,2700,0" yaku="0,1,7,1,9,1" doraHai="122" who="2" fromWho="2" sc="240,-7,250,-13,250,37,250,-7" /><INIT seed="2,0,0,4,4,17" ten="233,237,287,243" oya="2" hai0="61,69,66,47,123,38,52,115,109,70,32,90,95" hai1="51,106,129,63,67,57,43,60,132,93,102,89,29" hai2="79,10,112,110,91,88,98,84,77,39,113,105,74" hai3="82,4,68,48,23,3,108,86,24,116,72,127,134"/><V45/><F39/><W83/><G116/><T5/><D123/><U42/><E132/><V50/><F10/><W128/><G68/><T55/><D115/><U111/><E111/><V35/><F35/><W81/><G108/><T20/><D32/><U100/><E129/><V92/><F110/><W21/><G134/><T12/><D109/><U30/><E63/><V13/><F13/><W2/><G128/><T44/><D69/><U99/><E106/><V6/><F6/><W107/><G107/><T53/><D38/><U75/><E75/><V97/><F50/><W33/><G72/><T15/><D15/><U8/><E8/><V22/><F22/><W36/><G36/><T27/><D12/><U135/><E135/><V16/><F16/><W31/><G127/><T73/><D73/><U71/><E71/><V19/><F19/><W62/><G62/><T59/><D70/><U41/><E51/><V126/><F45/><W46/><G86/><N who="0" m="52695" /><D5/><U26/><REACH who="1" step="1"/><E29/><AGARI ba="0,0" hai="20,27,29,44,47,52,53,55,59,61,66" m="52695" machi="29" ten="30,3900,0" yaku="8,1,52,1,54,1" doraHai="17" who="0" fromWho="1" sc="233,39,237,-39,287,0,243,0" /><INIT seed="3,0,0,3,2,10" ten="272,198,287,243" oya="3" hai0="51,52,86,76,39,9,28,2,108,18,75,66,121" hai1="47,35,59,85,93,125,8,135,110,89,4,80,73" hai2="13,72,45,44,5,49,126,16,133,33,67,21,11" hai3="0,107,104,53,34,114,120,1,58,119,77,102,111"/><W22/><G114/><T41/><D121/><U112/><E110/><V98/><F133/><W109/><G119/><T96/><D108/><N who="3" m="41545" /><G34/><T71/><D28/><U55/><E112/><V81/><F126/><W106/><G120/><T50/><D86/><U60/><E135/><V82/><F33/><W123/><G123/><T61/><D96/><U130/><E130/><V38/><F38/><W65/><G65/><T99/><D99/><U83/><E125/><V46/><F67/><W78/><G102/><T79/><D51/><U127/><E127/><V87/><F72/><W103/><G103/><T88/><D75/><U91/><E35/><V70/><F70/><W26/><G77/><T7/><D18/><U118/><E118/><V115/><F98/><W56/><G78/><T64/><D88/><N who="1" m="53391" /><E47/><N who="2" m="17995" /><F87/><W92/><G92/><T17/><D41/><U74/><E74/><V124/><F115/><W122/><G122/><T57/><D39/><U95/><E73/><V19/><F124/><W134/><G134/><T128/><D128/><U6/><E91/><V69/><F69/><W97/><G97/><T62/><REACH who="0" step="1"/><D17/><REACH who="0" ten="262,198,287,243" step="2"/><N who="2" m="6730" /><F21/><W12/><G22/><T129/><D129/><U105/><E105/><V42/><AGARI ba="0,1" hai="5,11,13,42,46,49,81,82" m="6730,17995" machi="42" ten="30,4000,0" yaku="8,1,52,1,54,1" doraHai="10" who="2" fromWho="2" sc="262,-10,198,-10,287,50,243,-20" /><INIT seed="4,0,0,1,1,33" ten="252,188,337,223" oya="0" hai0="109,16,66,82,10,121,36,113,123,116,120,68,25" hai1="89,122,13,87,67,63,20,92,39,130,55,47,29" hai2="5,62,106,78,117,119,48,108,64,111,52,42,24" hai3="57,53,18,22,75,26,19,65,97,103,49,93,69"/><T32/><D36/><U61/><E122/><V21/><F106/><W3/><G75/><T50/><D50/><U30/><E130/><V124/><F78/><W132/><G132/><T110/><D82/><U91/><E91/><V44/><F5/><W4/><G69/><T99/><D99/><U71/><E61/><V0/><F0/><W79/><G79/><T7/><D66/><U54/><E55/><V8/><F8/><W15/><G65/><T23/><D68/><U105/><E105/><V45/><F124/><W60/><G49/><T77/><D77/><U88/><E89/><V114/><F114/><W27/><REACH who="3" step="1"/><G19/><REACH who="3" ten="252,188,337,213" step="2"/><T96/><D113/><U129/><E129/><V80/><F64/><W107/><G107/><T56/><D116/><U135/><E135/><V100/><F62/><W9/><AGARI ba="0,1" hai="3,4,9,15,18,22,26,27,53,57,60,93,97,103" machi="9" ten="30,4000,0" yaku="1,1,0,1,52,1,53,0" doraHai="33" doraHaiUra="81" who="3" fromWho="3" sc="252,-20,188,-10,337,-10,213,50" /><INIT seed="5,0,0,3,3,53" ten="232,178,327,263" oya="1" hai0="62,112,57,26,117,128,69,12,98,40,108,45,118" hai1="44,87,125,59,95,100,89,34,107,66,82,85,9" hai2="17,120,104,121,64,3,76,124,88,115,75,19,51" hai3="67,36,2,74,90,11,0,27,65,56,25,122,135"/><U99/><E34/><V60/><F104/><W79/><G122/><T39/><D108/><U101/><E125/><V20/><F3/><W97/><G36/><T14/><D112/><U94/><E44/><V132/><F76/><W52/><G79/><T119/><D128/><U7/><E100/><V111/><F75/><W70/><G74/><T73/><D73/><U5/><E107/><V29/><F29/><W114/><G70/><T8/><D69/><U1/><E5/><V58/><F111/><W105/><G105/><T80/><D80/><U93/><REACH who="1" step="1"/><E87/><REACH who="1" ten="232,168,327,263" step="2"/><V28/><F124/><W47/><G47/><T110/><D110/><U81/><E81/><V21/><F120/><W32/><G32/><T71/><D98/><U41/><E41/><V78/><F121/><W127/><G127/><T23/><D71/><U116/><E116/><V35/><F35/><W4/><G114/><T123/><D123/><U33/><E33/><V18/><F115/><W49/><G0/><T131/><D131/><U54/><E54/><V106/><F106/><W68/><G68/><T134/><D117/><U46/><E46/><V16/><F21/><W103/><G103/><T15/><D8/><U10/><E10/><V83/><F20/><W96/><G97/><T72/><D72/><U6/><E6/><V109/><F83/><W24/><G96/><T30/><REACH who="0" step="1"/><D134/><REACH who="0" ten="222,168,327,263" step="2"/><U92/><E92/><V86/><F132/><W43/><G135/><T130/><D130/><U48/><E48/><V129/><F51/><W102/><G49/><T91/><D91/><U42/><E42/><V13/><F129/><RYUUKYOKU ba="0,2" sc="222,15,168,15,327,-15,263,-15" hai0="12,14,15,23,26,30,39,40,45,57,62,118,119" hai1="1,7,9,59,66,82,85,89,93,94,95,99,101" /><INIT seed="5,1,2,2,0,65" ten="237,183,312,248" oya="1" hai0="36,98,108,16,47,111,41,15,106,90,9,133,51" hai1="6,23,122,70,117,24,66,74,97,120,96,39,56" hai2="82,3,22,128,40,84,12,49,110,63,1,71,72" hai3="53,79,14,19,52,135,78,30,101,61,33,43,67"/><U113/><E74/><V59/><F72/><W8/><G135/><T64/><D133/><U13/><E117/><V37/><F110/><W17/><G43/><T62/><D36/><U69/><E39/><V20/><F37/><W132/><G132/><T34/><D34/><U35/><E122/><V18/><F128/><W127/><G127/><T95/><REACH who="0" step="1"/><D106/><REACH who="0" ten="227,183,312,248" step="2"/><U134/><E134/><V125/><F125/><W28/><G33/><T92/><D92/><U88/><E120/><V83/><F1/><W11/><G101/><T102/><D102/><U107/><E35/><V131/><F3/><W118/><G118/><T121/><D121/><U75/><E107/><V85/><F131/><W119/><G119/><T76/><D76/><U44/><E113/><V91/><F91/><W114/><G114/><T109/><D109/><U57/><E88/><V42/><F83/><W27/><G79/><T5/><D5/><U112/><E112/><V94/><F94/><W105/><G78/><T25/><D25/><U103/><E103/><V7/><F7/><W89/><G105/><T60/><D60/><U99/><E6/><V126/><F82/><W129/><G89/><T93/><D93/><U0/><E0/><V87/><F126/><W10/><G129/><T86/><D86/><U31/><E75/><V48/><F85/><W50/><G27/><T80/><D80/><U21/><E24/><V29/><F87/><W68/><G14/><T26/><D26/><U46/><E13/><V104/><F84/><W54/><G50/><T45/><D45/><U73/><E73/><V116/><F104/><RYUUKYOKU ba="1,3" sc="227,15,183,-15,312,-15,248,15" hai0="9,15,16,41,47,51,62,64,90,95,98,108,111" hai3="8,10,11,17,19,28,30,52,53,54,61,67,68" /><INIT seed="6,2,3,3,4,120" ten="242,168,297,263" oya="2" hai0="38,21,33,98,90,57,104,50,35,56,83,82,106" hai1="88,52,95,69,99,63,58,42,81,49,103,26,130" hai2="22,108,111,0,126,102,53,84,24,96,71,34,93" hai3="79,55,11,8,28,110,105,17,112,14,23,54,118"/><V97/><F126/><W47/><G110/><N who="2" m="42025" /><F34/><W135/><G118/><T48/><D21/><U117/><E117/><V80/><F71/><W5/><G105/><T31/><D90/><U45/><E130/><V20/><F0/><W89/><G79/><T59/><D98/><U86/><E69/><V27/><F53/><W77/><G77/><T18/><D18/><U121/><E121/><V44/><F44/><W66/><G66/><T100/><D100/><U107/><REACH who="1" step="1"/><E26/><REACH who="1" ten="242,158,297,263" step="2"/><N who="2" m="9771" /><F97/><W41/><G112/><T85/><D35/><U123/><E123/><V43/><F43/><W51/><G41/><T127/><D33/><U78/><E78/><AGARI ba="2,4" hai="20,22,78,80,84,93,96,102" m="9771,42025" machi="78" ten="30,11600,0" yaku="10,1,52,3" doraHai="120" who="2" fromWho="1" sc="242,0,158,-122,297,162,263,0" /><INIT seed="6,3,0,0,2,14" ten="242,36,459,263" oya="2" hai0="30,25,96,26,55,85,115,43,60,16,110,76,36" hai1="42,13,24,119,72,127,80,67,126,38,61,31,87" hai2="53,66,0,73,113,4,128,8,106,135,34,37,111" hai3="94,130,27,92,82,65,23,11,19,90,83,28,71"/><V39/><RYUUKYOKU type="yao9" ba="3,0" sc="242,0,36,0,459,0,263,0" hai2="0,4,8,34,37,39,53,66,73,106,111,113,128,135" /><INIT seed="6,4,0,2,2,17" ten="242,36,459,263" oya="2" hai0="102,120,96,70,108,42,39,19,121,8,87,64,4" hai1="58,67,43,94,41,133,115,69,44,101,27,88,55" hai2="21,89,29,65,113,46,10,56,76,81,78,47,63" hai3="75,28,12,61,126,116,6,95,79,97,131,123,40"/><V7/><F113/><W82/><G116/><T100/><D108/><U50/><E115/><V57/><F57/><W1/><G1/><N who="0" m="15" /><D100/><U128/><E133/><V52/><F89/><W130/><G123/><T127/><D87/><U98/><E128/><N who="3" m="49194" /><G126/><T2/><D19/><U71/><E43/><V104/><F104/><W16/><G6/><T9/><D127/><U105/><E67/><V25/><F65/><W129/><G28/><T5/><D96/><U74/><E74/><V99/><F99/><W118/><G118/><T38/><D102/><U45/><E45/><V60/><F60/><W66/><G40/><T83/><D83/><U0/><E0/><V53/><F53/><W112/><G112/><T84/><D84/><U86/><REACH who="1" step="1"/><E27/><REACH who="1" ten="242,26,459,263" step="2"/><V32/><F47/><W20/><G129/><T114/><D114/><U30/><E30/><V77/><F46/><W36/><G66/><T31/><D31/><U26/><E26/><V93/><F32/><W14/><G36/><AGARI ba="4,1" hai="36,41,44,50,55,58,69,71,86,88,94,98,101,105" machi="36" ten="30,3900,0" yaku="1,1,7,1,54,1,53,0" doraHai="17" doraHaiUra="72" who="1" fromWho="3" sc="242,0,26,61,459,0,263,-51" /><INIT seed="7,0,0,2,0,99" ten="242,87,459,212" oya="3" hai0="38,50,108,28,66,84,130,103,83,6,135,39,95" hai1="2,62,132,79,51,72,4,85,78,45,105,118,22" hai2="106,134,110,9,87,16,75,115,94,27,104,17,0" hai3="93,77,11,90,30,49,46,54,56,8,53,116,131"/><W127/><G116/><T92/><D108/><U61/><E132/><V23/><F75/><W117/><G127/><T119/><D119/><U48/><E118/><V42/><F115/><W3/><G131/><T20/><D6/><U133/><E72/><V35/><F35/><W81/><G117/><T18/><D28/><U76/><E133/><V111/><F106/><W69/><G69/><T12/><D135/><U98/><E85/><V40/><F104/><W31/><G3/><T121/><D121/><U88/><E51/><V26/><F42/><W128/><G128/><T65/><D130/><U113/><E113/><V57/><F40/><W5/><G5/><T15/><D39/><U67/><E4/><V43/><F43/><W114/><G114/><T102/><D38/><U71/><E2/><V86/><F0/><W97/><G31/><T19/><D50/><U58/><E22/><V33/><F23/><W73/><G30/><T63/><D92/><U100/><E48/><AGARI ba="0,0" hai="8,11,46,48,49,53,54,56,73,77,81,90,93,97" machi="48" ten="30,1500,0" yaku="7,1" doraHai="99" who="3" fromWho="1" sc="242,0,87,-15,459,0,212,15" /><INIT seed="7,1,0,5,1,63" ten="242,72,459,227" oya="3" hai0="118,15,13,26,32,127,73,106,24,91,135,39,117" hai1="27,110,47,122,97,108,69,62,133,99,0,28,40" hai2="29,112,113,87,48,107,93,12,80,70,111,58,85" hai3="65,14,60,56,130,22,8,83,30,104,64,68,49"/><W126/><G104/><T59/><D73/><U103/><E122/><V3/><F70/><W17/><G126/><T46/><D106/><U51/><E0/><V123/><F3/><W61/><G130/><T53/><D127/><U119/><E99/><V116/><F111/><W55/><G83/><T43/><D135/><U57/><E133/><V7/><F29/><W76/><G76/><T20/><D15/><U54/><E119/><V1/><F1/><W6/><G30/><T120/><D120/><U95/><E27/><V90/><F116/><W66/><REACH who="3" step="1"/><G68/><REACH who="3" ten="242,72,459,217" step="2"/><T72/><D117/><U75/><E28/><V18/><F107/><W102/><G102/><T33/><D118/><U134/><E134/><V125/><F125/><W21/><G21/><T96/><D33/><U5/><E75/><V115/><F123/><W78/><G78/><T35/><D32/><U81/><E81/><V98/><F80/><W89/><G89/><T101/><D91/><U4/><E108/><V86/><F113/><W94/><G94/><N who="0" m="58519" /><D35/><U88/><E110/><V31/><F31/><W23/><G23/><T44/><D72/><U124/><E124/><V121/><F121/><W37/><G37/><T34/><D34/><U131/><E131/><V41/><F115/><W19/><G19/><T109/><D109/><U79/><E79/><V16/><F112/><W100/><G100/><T92/><D92/><U132/><E132/><V128/><F128/><W2/><AGARI ba="1,1" hai="2,6,8,14,17,22,49,55,56,60,61,64,65,66" machi="2" ten="30,12000,1" yaku="1,1,0,1,52,3,53,0" doraHai="63" doraHaiUra="36" who="3" fromWho="3" sc="242,-41,72,-41,459,-41,217,133" /><INIT seed="7,2,0,0,2,83" ten="201,31,418,350" oya="3" hai0="82,34,104,71,70,91,50,121,107,74,75,120,21" hai1="2,72,78,27,59,36,117,110,129,79,48,45,19" hai2="15,86,123,38,44,105,89,101,20,56,62,132,118" hai3="10,96,98,3,73,90,11,25,69,32,58,7,47"/><W99/><G69/><N who="0" m="26123" /><D21/><U40/><E40/><V17/><F118/><W6/><G73/><N who="0" m="27659" /><D82/><U111/><E111/><V109/><F109/><W127/><G127/><T116/><D50/><U4/><E4/><V95/><F132/><W124/><G124/><T41/><D91/><U131/><E131/><V85/><F123/><W37/><G58/><T108/><D41/><U122/><E122/><V80/><F105/><N who="0" m="40522" /><D108/><U87/><E87/><V1/><F85/><W26/><G90/><T125/><D125/><U64/><E64/><V119/><F86/><W57/><G57/><T133/><D133/><U81/><E81/><V63/><F101/><W35/><G25/><T33/><D116/><U100/><E100/><V43/><F80/><W8/><G26/><T12/><D12/><U52/><E52/><V92/><F89/><W126/><G126/><T9/><D9/><U112/><E112/><V94/><F56/><W84/><G84/><T135/><D135/><U60/><E60/><V29/><F63/><W46/><G10/><T42/><D42/><U24/><E24/><V93/><F62/><W18/><G18/><T106/><N who="0" m="40530" /><T30/><DORA hai="13" /><D30/><U16/><E16/><V114/><F29/><W88/><G88/><T31/><D31/><U61/><E61/><V130/><F119/><W0/><G98/><T77/><D77/><U103/><E103/><V55/><F17/><W23/><G23/><T113/><D113/><U66/><E66/><V97/><F114/><W76/><G76/><T39/><D39/><AGARI ba="2,0" hai="0,3,6,7,8,11,32,35,37,39,46,47,96,99" machi="39" ten="25,2400,0" yaku="22,2" doraHai="83,13" who="3" fromWho="0" sc="201,-30,31,0,418,0,350,30" /><INIT seed="7,3,0,5,1,10" ten="171,31,418,380" oya="3" hai0="11,97,7,44,3,55,37,54,5,100,23,92,15" hai1="22,66,134,131,9,94,63,109,18,48,64,53,110" hai2="104,26,85,38,117,12,43,83,127,88,14,36,27" hai3="40,129,108,89,76,120,133,68,128,116,46,42,24"/><W112/><G120/><T90/><D37/><U119/><E119/><V115/><F117/><W86/><G116/><T1/><D1/><U113/><E113/><V41/><F104/><W2/><G2/><T49/><D3/><U67/><E67/><V32/><F115/><W62/><G112/><T47/><D7/><U70/><E70/><V61/><F127/><W17/><G76/><T77/><D77/><U106/><E106/><V105/><F105/><W130/><G133/><T102/><D23/><U118/><E118/><V111/><F111/><W107/><G107/><T74/><D74/><U28/><E28/><V71/><F71/><W81/><G108/><T60/><D47/><U79/><E79/><V72/><F72/><W59/><G68/><T93/><D93/><U126/><E126/><V73/><F73/><W78/><G78/><T29/><D29/><U91/><E91/><V35/><F61/><W101/><G101/><N who="0" m="39019" /><D60/><U95/><E95/><V8/><F8/><W56/><G46/><T57/><D57/><N who="3" m="22089" /><G62/><T50/><D50/><U65/><E65/><V98/><F38/><W123/><G123/><T52/><AGARI ba="3,0" hai="5,11,15,44,49,52,54,55,90,92,97" m="39019" machi="52" ten="30,4000,0" yaku="8,1,52,1,54,1" doraHai="10" who="0" fromWho="0" sc="171,49,31,-13,418,-13,380,-23" owari="220,-18.0,18,-48.0,405,50.0,357,16.0" /></mjloggm>