<mjloggm ver="2.3"><GO type="169" lobby="0"/><UN n0="%E3%82%A6%E3%83%AB%E3%83%88%E3%83%A9%E7%AB%8B%E7%9B%B4" n1="%E3%81%82%E3%82%89%E3%81%8C%E3%81%8D%E3%81%82%E3%82%84%E3%81%9B" n2="%74%65%74%73%75%2F" n3="%E3%81%9C%E3%82%8D%E3%82%81%E3%81%90" dan="18,17,17,17" rate="2275.27,2092.62,2215.07,2193.44" sx="M,F,M,F"/><TAIKYOKU oya="0"/><INIT seed="0,0,0,5,1,57" ten="250,250,250,250" oya="0" hai0="107,133,70,4,11,80,92,21,33,40,65,3,76" hai1="109,61,121,93,104,114,51,43,36,38,48,73,97" hai2="19,22,87,20,53,25,129,79,130,86,101,71,49" hai3="119,18,1,39,94,17,120,59,131,10,35,89,124"/><T5/><D133/><U14/><E104/><V8/><F71/><W55/><G119/><T98/><D5/><U58/><E14/><V99/><F8/><W41/><G35/><T52/><D33/><U66/><E73/><V0/><F0/><W135/><G135/><T64/><D107/><U126/><E121/><V118/><F118/><W28/><G28/><T60/><D40/><U62/><E97/><V83/><F22/><W67/><G67/><T108/><D21/><U63/><E93/><V117/><F87/><W100/><G100/><T105/><D105/><U45/><E109/><V78/><F79/><W90/><G120/><T115/><D115/><U106/><E106/><V102/><F99/><W84/><G131/><T26/><D26/><U128/><E128/><V23/><F117/><W91/><G124/><T44/><D108/><U127/><E114/><V2/><F2/><W85/><G1/><T24/><D24/><U16/><E16/><N who="2" m="12423" /><F130/><W27/><G27/><T69/><D69/><U112/><E112/><V75/><F75/><W88/><G10/><T34/><D34/><U6/><E6/><V132/><F132/><W29/><G29/><T31/><D31/><U95/><E95/><V15/><F129/><W77/><G77/><T13/><D3/><U30/><E30/><V42/><F42/><W47/><REACH who="3" step="1"/><G85/><REACH who="3" ten="250,250,250,240" step="2"/><N who="0" m="48263" /><D65/><U54/><E38/><V123/><F123/><W12/><G12/><T46/><D52/><N who="1" m="32031" /><E66/><V113/><F113/><W110/><G110/><T116/><D116/><U96/><E96/><V50/><F53/><W125/><G125/><T32/><D32/><RYUUKYOKU ba="0,1" sc="250,0,250,0,250,0,240,0" hai0="4,11,13,44,46,60,64,70,92,98" hai1="36,43,45,48,54,61,62,63,126,127" hai2="15,19,23,49,50,78,83,86,101,102" hai3="17,18,39,41,47,55,59,84,88,89,90,91,94" /><INIT seed="0,1,1,4,2,121" ten="250,250,250,240" oya="0" hai0="30,73,12,54,109,123,33,128,23,0,61,129,94" hai1="89,87,118,117,133,99,25,16,24,10,18,82,34" hai2="74,105,81,39,126,97,40,64,127,104,112,111,84" hai3="71,51,55,110,130,131,57,98,13,79,72,96,21"/><T66/><D73/><U80/><E133/><V3/><F3/><W132/><G71/><T2/><D123/><U50/><E118/><V42/><F112/><W6/><G132/><T125/><D54/><U9/><E117/><V46/><F42/><W100/><G79/><T78/><D78/><U91/><E34/><V60/><F74/><W95/><G72/><T85/><D33/><U29/><E29/><V27/><F27/><W134/><G134/><T122/><D122/><U119/><E119/><V11/><F11/><W53/><G53/><T135/><D135/><U102/><E50/><V8/><F8/><W17/><G6/><T52/><D52/><U45/><E45/><V68/><F97/><N who="3" m="59455" /><G110/><T31/><D109/><U67/><E67/><V22/><F22/><W32/><G32/><T63/><D125/><N who="2" m="47626" /><F111/><W43/><G43/><T49/><D49/><U26/><E99/><V41/><F41/><W44/><G44/><T75/><D75/><U70/><E102/><V108/><F108/><W88/><G130/><T38/><D38/><U48/><E48/><V83/><F83/><W59/><G131/><N who="0" m="50251" /><D0/><U92/><E82/><V76/><AGARI ba="1,1" hai="39,40,46,60,64,68,76,81,84,104,105" m="47626" machi="76" ten="30,1100,0" yaku="18,1" doraHai="121" who="2" fromWho="2" sc="250,-6,250,-4,250,24,240,-4" /><INIT seed="1,0,0,0,5,117" ten="244,246,274,236" oya="1" hai0="84,133,36,125,128,26,116,2,82,121,131,107,19" hai1="12,99,93,80,79,90,87,123,85,15,126,41,64" hai2="0,73,103,32,10,72,94,81,21,95,45,29,66" hai3="119,88,42,14,39,105,129,38,89,61,74,127,132"/><U54/><E126/><V44/><F32/><W114/><G114/><T18/><D26/><U52/><E64/><V112/><F112/><W130/><G105/><T34/><D19/><U83/><E41/><V33/><F33/><W120/><G74/><T28/><D18/><U67/><E67/><V40/><F66/><W109/><G119/><T23/><D23/><U9/><E123/><V78/><F73/><W124/><G109/><T91/><D28/><U135/><E135/><V56/><F56/><W69/><G132/><T68/><D91/><N who="3" m="34889" /><G120/><T58/><D84/><U102/><REACH who="1" step="1"/><E12/><REACH who="1" ten="244,236,274,236" step="2"/><V50/><F40/><W113/><G113/><T118/><D133/><U70/><E70/><V46/><F0/><W76/><G14/><T17/><D68/><U3/><E3/><V24/><F81/><W75/><G42/><T77/><D82/><U122/><E122/><V100/><F100/><W1/><G1/><T65/><D121/><U104/><E104/><V35/><F103/><W55/><G69/><T13/><D2/><U6/><AGARI ba="0,1" hai="6,9,15,52,54,79,80,83,85,87,90,93,99,102" machi="6" ten="20,12000,1" yaku="1,1,0,1,7,1,8,1,54,1,53,0" doraHai="117" doraHaiUra="22" who="1" fromWho="1" sc="244,-40,236,130,274,-40,236,-40" /><INIT seed="1,1,0,1,2,110" ten="204,366,234,196" oya="1" hai0="74,4,126,36,27,64,92,57,38,33,11,68,117" hai1="21,23,59,78,3,99,69,84,22,20,58,5,111" hai2="35,113,18,77,65,97,39,127,89,45,106,26,19" hai3="124,118,66,104,55,94,30,114,43,116,0,96,53"/><U108/><E69/><V105/><F127/><W90/><G0/><T91/><D117/><U13/><E99/><V122/><F122/><W34/><G124/><T134/><D68/><U71/><E71/><V25/><F65/><W88/><G104/><T56/><D74/><U47/><E47/><V129/><F77/><W83/><G66/><T6/><D6/><U32/><E32/><V121/><F121/><W12/><G43/><T61/><D57/><U98/><E98/><V8/><F97/><W130/><G130/><T49/><D49/><U15/><E84/><V100/><F35/><W82/><G12/><N who="1" m="4682" /><E78/><V119/><F39/><W86/><G82/><T63/><D63/><U128/><E59/><V29/><F45/><W123/><G123/><T31/><D126/><U101/><E101/><V54/><F100/><W131/><G131/><T37/><D134/><U50/><E58/><V135/><F135/><W72/><G72/><T44/><D44/><U87/><E87/><V17/><F129/><W28/><G114/><T24/><D38/><U79/><E79/><V42/><F113/><W107/><G107/><T62/><D62/><U112/><E112/><V14/><F42/><W133/><G133/><T76/><D76/><U48/><E128/><V16/><F106/><W10/><G34/><T81/><D81/><U95/><E95/><V7/><F105/><W73/><G73/><T103/><D37/><U132/><E132/><V120/><F120/><W46/><G46/><T51/><D36/><U67/><E67/><V85/><N who="2" m="4096" /><DORA hai="93" /><V9/><F14/><W52/><G10/><RYUUKYOKU ba="1,0" sc="204,-10,366,-10,234,-10,196,30" hai3="28,30,52,53,55,83,86,88,90,94,96,116,118" /><INIT seed="2,2,0,2,5,55" ten="194,356,224,226" oya="2" hai0="135,3,31,27,112,47,88,14,84,97,6,45,121" hai1="21,131,107,34,66,123,24,90,8,80,75,108,110" hai2="63,92,19,95,132,18,37,124,126,118,116,51,23" hai3="127,67,94,79,22,91,77,71,102,50,104,86,105"/><V46/><F37/><W82/><G71/><T134/><D3/><U48/><E107/><N who="3" m="41034" /><G67/><T58/><D97/><U133/><E34/><V114/><F114/><W119/><G50/><T130/><D112/><U2/><E66/><V7/><F7/><W68/><G22/><T57/><D121/><U129/><E75/><V5/><F5/><W53/><G53/><T29/><D130/><U115/><E90/><V28/><F28/><N who="0" m="10826" /><D27/><U60/><E80/><V12/><F63/><W96/><G68/><T42/><D42/><U72/><E72/><V64/><F64/><W113/><G113/><T13/><D13/><U1/><E115/><V54/><F19/><W65/><G65/><T81/><D135/><U40/><E2/><V83/><F132/><W52/><G52/><T62/><D134/><U70/><E1/><V99/><F116/><W41/><G41/><T59/><D62/><U61/><E133/><V49/><F118/><W16/><G16/><T117/><D117/><U85/><E61/><V0/><F0/><W33/><G33/><T106/><D106/><U101/><E60/><V32/><F32/><W38/><G38/><T4/><D4/><U74/><E40/><V122/><F122/><W103/><G119/><T25/><D25/><U109/><E24/><V10/><F49/><W69/><G69/><T43/><D43/><U56/><E48/><V30/><F30/><W20/><G20/><T98/><D98/><U78/><E70/><V73/><F23/><W39/><G39/><T128/><D128/><U17/><E56/><N who="0" m="14337" /><T9/><AGARI ba="2,0" hai="6,9,14,45,47,81,84,88" m="14337,10826" machi="9" ten="40,12000,2" yaku="4,1,8,1,52,4,54,1" doraHai="55" who="0" fromWho="0" sc="194,126,356,-32,224,-62,226,-32" /><INIT seed="3,0,0,2,0,80" ten="320,324,162,194" oya="3" hai0="73,79,95,123,19,88,114,110,133,45,53,12,119" hai1="134,113,92,111,40,4,124,47,25,101,70,130,122" hai2="43,7,121,106,30,52,98,6,68,116,120,39,35" hai3="91,62,31,56,93,128,57,32,3,50,36,37,21"/><W34/><G3/><T38/><D119/><U0/><E70/><V87/><F116/><W65/><G128/><T135/><D123/><N who="2" m="47178" /><F68/><W18/><G31/><T11/><D110/><U75/><E130/><V94/><F39/><W8/><G8/><T16/><D114/><U76/><E122/><V26/><F43/><W85/><G37/><T83/><D19/><U82/><E113/><V86/><F106/><W42/><G36/><T28/><D28/><U90/><E101/><N who="2" m="60631" /><F52/><N who="3" m="31767" /><G42/><T72/><D72/><U71/><E71/><V100/><F100/><W117/><G117/><T60/><D38/><U54/><E40/><V27/><F27/><W64/><G64/><T22/><D11/><U41/><E41/><V46/><F46/><W14/><AGARI ba="0,0" hai="14,18,21,32,34,57,62,65,85,91,93" m="31767" machi="14" ten="30,6000,0" yaku="25,1,52,1,54,1" doraHai="80" who="3" fromWho="3" sc="320,-20,324,-20,162,-20,194,60" /><INIT seed="3,1,0,2,3,57" ten="300,304,142,254" oya="3" hai0="16,84,27,43,58,71,70,93,29,53,73,55,103" hai1="9,39,24,1,125,102,117,72,119,118,12,30,116" hai2="65,104,41,80,124,46,4,10,7,23,82,77,122" hai3="51,111,49,135,59,25,92,128,99,112,100,42,15"/><W64/><G112/><T66/><D73/><U98/><E72/><V109/><F109/><W107/><G111/><T88/><D43/><U121/><E39/><V127/><F104/><W79/><G135/><T75/><D75/><U131/><E119/><V69/><F23/><W26/><G128/><T36/><D36/><U11/><E131/><V108/><F108/><W89/><G79/><T44/><D103/><U74/><E74/><N who="2" m="43063" /><F82/><W48/><G42/><T90/><D90/><U40/><E40/><V115/><F115/><W68/><G68/><T17/><D44/><U28/><E121/><V52/><F52/><N who="0" m="20042" /><D70/><U56/><E125/><N who="2" m="48203" /><F122/><W32/><G32/><T19/><D71/><U67/><E67/><V2/><F69/><W81/><G81/><T133/><D133/><U105/><E56/><V106/><F106/><W76/><G76/><T8/><D58/><U134/><E134/><V34/><F65/><W129/><G129/><T113/><D66/><U22/><E28/><V50/><F7/><W47/><G47/><T14/><D113/><U54/><E54/><V63/><F34/><W97/><REACH who="3" step="1"/><G15/><REACH who="3" ten="300,304,142,244" step="2"/><T101/><D14/><U120/><E120/><V5/><F41/><W130/><G130/><T60/><D8/><N who="1" m="3147" /><E12/><V85/><F46/><W45/><G45/><T38/><D38/><U62/><E1/><V91/><F4/><W78/><G78/><T114/><D114/><U96/><E117/><V61/><F50/><W21/><G21/><T83/><D83/><U3/><E3/><V31/><F2/><W126/><G126/><T20/><D20/><U94/><E118/><RYUUKYOKU ba="1,1" sc="300,-10,304,-10,142,-10,244,30" hai3="25,26,48,49,51,59,64,89,92,97,99,100,107" /><INIT seed="3,2,1,5,4,114" ten="290,294,132,274" oya="3" hai0="4,19,130,51,33,91,117,14,95,52,88,105,2" hai1="108,12,74,86,57,43,25,20,129,60,46,131,36" hai2="21,79,121,96,71,45,133,69,13,77,70,64,119" hai3="73,66,54,35,0,65,76,31,115,55,63,29,39"/><W102/><G115/><T17/><D105/><U26/><E74/><V10/><F133/><W93/><G0/><T50/><D33/><U53/><E108/><V94/><F121/><W42/><G39/><T40/><D117/><U7/><E86/><V82/><F119/><W89/><G42/><T6/><D2/><U87/><E87/><V135/><F135/><W101/><G73/><T62/><D130/><N who="1" m="49675" /><E7/><N who="0" m="2601" /><D40/><U97/><E97/><V81/><F21/><W106/><G76/><T128/><D128/><U22/><E12/><V84/><F45/><W116/><G116/><T99/><D91/><U37/><E36/><V118/><F118/><W103/><G106/><T110/><D110/><U47/><E47/><V68/><F64/><N who="3" m="24683" /><G35/><T11/><D17/><U67/><E67/><V34/><F34/><W109/><G109/><T100/><D100/><U125/><E125/><V5/><F70/><W72/><G72/><T59/><AGARI ba="2,1" hai="11,14,19,50,51,52,59,62,88,95,99" m="2601" machi="59" ten="30,4000,0" yaku="8,1,54,2" doraHai="114" who="0" fromWho="0" sc="290,56,294,-12,132,-12,274,-22" /><INIT seed="4,0,0,3,3,112" ten="346,282,120,252" oya="0" hai0="88,126,116,24,30,59,25,103,119,38,129,41,54" hai1="0,52,87,27,19,132,79,123,106,37,39,17,34" hai2="57,73,10,65,80,86,98,83,96,108,63,133,105" hai3="56,113,53,12,36,4,127,128,16,74,42,5,40"/><T3/><D103/><U62/><E106/><V89/><F108/><W45/><G74/><T115/><D3/><U85/><E0/><V32/><F32/><W31/><G113/><T69/><D69/><U44/><E123/><V67/><F133/><W49/><G128/><T104/><D104/><U76/><E34/><V18/><F105/><W111/><G111/><T58/><D115/><U70/><E27/><V94/><F65/><W71/><G127/><T81/><D41/><U124/><E44/><V134/><F134/><W107/><G107/><T21/><D38/><U47/><E47/><V22/><F10/><W109/><G109/><T9/><D9/><U135/><E62/><V50/><F50/><W6/><G71/><T14/><D14/><U15/><E70/><V28/><F28/><W91/><G31/><T46/><D46/><U66/><E15/><N who="2" m="9567" /><F73/><W118/><G40/><T8/><D8/><U23/><E23/><V95/><F86/><W72/><G72/><T78/><D25/><U117/><E124/><V90/><AGARI ba="0,0" hai="57,63,67,80,83,89,90,94,95,96,98" m="9567" machi="90" ten="30,1100,0" yaku="8,1" doraHai="112" who="2" fromWho="2" sc="346,-5,282,-3,120,11,252,-3" /><INIT seed="5,0,0,5,2,6" ten="341,279,131,249" oya="1" hai0="37,102,2,52,64,116,23,95,88,54,11,5,113" hai1="103,87,26,1,59,69,22,21,106,76,43,114,100" hai2="65,71,130,0,8,30,117,82,132,15,125,120,18" hai3="45,98,61,66,109,24,79,131,110,73,105,97,28"/><U20/><E69/><V57/><F71/><N who="3" m="42447" /><G45/><T9/><D113/><U17/><E114/><V119/><F120/><W33/><G98/><T12/><D37/><U133/><E133/><V41/><F41/><W91/><G91/><T129/><D102/><U128/><E128/><V31/><F82/><N who="3" m="45423" /><G131/><T3/><D64/><U67/><E43/><V60/><F130/><W16/><G16/><T96/><D116/><U101/><E106/><V126/><F132/><W44/><G44/><T63/><D63/><N who="1" m="38399" /><E1/><V47/><F47/><W74/><G74/><T135/><D135/><U75/><E75/><V104/><F104/><W50/><G50/><T121/><D121/><U72/><E72/><V127/><REACH who="2" step="1"/><F0/><REACH who="2" ten="341,279,121,249" step="2"/><W35/><G105/><T34/><D2/><U14/><E76/><V25/><F25/><W51/><G24/><T80/><D3/><U94/><E26/><V134/><F134/><W62/><G110/><T56/><D129/><U4/><E14/><V122/><F122/><W39/><G109/><T36/><D12/><U77/><E94/><V118/><AGARI ba="0,1" hai="8,15,18,30,31,57,60,65,117,118,119,125,126,127" machi="118" ten="40,8000,1" yaku="1,1,0,1,18,1,52,1,53,0" doraHai="6" doraHaiUra="89" who="2" fromWho="2" sc="341,-20,279,-40,121,90,249,-20" /><INIT seed="6,0,0,4,3,129" ten="321,239,211,229" oya="2" hai0="89,48,130,30,76,133,91,116,58,50,59,75,107" hai1="120,101,55,11,121,112,41,61,13,93,70,98,94" hai2="69,9,53,79,86,26,96,114,135,81,67,40,24" hai3="90,84,134,1,47,23,22,62,95,117,0,46,3"/><V2/><F114/><W103/><G117/><T4/><D107/><U80/><E41/><V71/><F40/><W27/><G103/><T64/><D76/><U10/><E112/><V19/><F135/><W77/><G77/><T74/><D133/><U45/><E70/><V65/><F71/><W6/><G134/><T92/><D92/><U72/><E72/><V105/><F69/><W29/><G6/><T37/><D30/><U28/><E28/><V132/><F132/><W35/><REACH who="3" step="1"/><G62/><REACH who="3" ten="321,239,211,219" step="2"/><T16/><D4/><U42/><E61/><V44/><F79/><W49/><G49/><T119/><D50/><U31/><E101/><V8/><F105/><W82/><G82/><T99/><D48/><U100/><E80/><V104/><F104/><W18/><G18/><T32/><D16/><U66/><E100/><V118/><F118/><W78/><G78/><T68/><D119/><U25/><E120/><V60/><F60/><W73/><G73/><T7/><D75/><U109/><E121/><V122/><F122/><W34/><G34/><T5/><D32/><U14/><E94/><V51/><F81/><W33/><G33/><T63/><D74/><U15/><E93/><V126/><F19/><W43/><G43/><T38/><D116/><U12/><E42/><V39/><F51/><W36/><G36/><T125/><D38/><U87/><E11/><V127/><F39/><W113/><G113/><T124/><D37/><U21/><E10/><V83/><F9/><W128/><G128/><T110/><D130/><U88/><E45/><AGARI ba="0,1" hai="0,1,3,22,23,27,29,35,45,46,47,84,90,95" machi="45" ten="40,1300,0" yaku="1,1,53,0" doraHai="129" doraHaiUra="106" who="3" fromWho="1" sc="321,0,239,-13,211,0,219,23" /><INIT seed="7,0,0,1,3,17" ten="321,226,211,242" oya="3" hai0="103,12,28,32,55,66,30,131,83,38,122,132,127" hai1="1,111,69,9,10,11,27,72,77,135,74,121,60" hai2="51,45,95,58,109,43,80,56,59,125,5,34,16" hai3="39,23,70,120,25,79,68,52,123,87,33,101,7"/><W128/><G33/><T63/><D38/><U50/><E111/><V85/><F109/><W94/><G39/><T3/><D12/><U93/><E121/><V48/><F125/><W46/><G7/><T44/><D55/><U82/><E74/><V115/><F115/><W20/><G128/><T54/><D83/><U49/><E135/><V105/><F105/><W42/><G42/><T84/><D63/><U98/><E1/><V53/><F34/><W118/><G118/><T89/><D89/><U117/><E117/><V92/><F5/><W22/><G25/><T97/><D54/><U124/><E124/><V90/><REACH who="2" step="1"/><F16/><REACH who="2" ten="321,226,201,242" step="2"/><W40/><G123/><T8/><D32/><U19/><E19/><V96/><F96/><W24/><G120/><T107/><D97/><U41/><E27/><V31/><F31/><W75/><G24/><T102/><D107/><U78/><E78/><V29/><F29/><W61/><G79/><T108/><D30/><U99/><E99/><V104/><F104/><W130/><G130/><T112/><D28/><U18/><E18/><V15/><F15/><W57/><G75/><T133/><D131/><U47/><E50/><V106/><F106/><W100/><G87/><T65/><D84/><U86/><E72/><V35/><F35/><W6/><G6/><T116/><D122/><U81/><E81/><V64/><F64/><N who="0" m="24682" /><D127/><U37/><E69/><V114/><F114/><W76/><G70/><T14/><D112/><U88/><E49/><V134/><F134/><N who="0" m="51818" /><D108/><U0/><E0/><V73/><F73/><W2/><G2/><T110/><D3/><RYUUKYOKU ba="0,1" sc="321,-15,226,15,201,15,242,-15" hai1="9,10,11,37,41,47,60,77,82,86,88,93,98" hai2="43,45,48,51,53,56,58,59,80,85,90,92,95" owari="316,41.0,241,4.0,216,-28.0,227,-17.0" /></mjloggm>