<mjloggm ver="2.3"><GO type="169" lobby="0"/><UN n0="%65%61%73%79" n1="%E8%AB%B8%E8%91%9B%E4%BA%AE" n2="%63%6F%6C%6F%74%69%74%65" n3="%E3%83%88%E3%83%88%E3%83%AA%E5%85%88%E7%94%9F%31%39%E6%AD%B3" dan="16,16,16,19" rate="2139.34,2112.20,2028.55,2297.91" sx="M,M,M,F"/><TAIKYOKU oya="0"/><INIT seed="0,0,0,5,2,130" ten="250,250,250,250" oya="0" hai0="28,23,56,120,61,45,63,109,38,132,103,122,125" hai1="35,49,33,4,24,102,12,58,74,53,89,97,126" hai2="112,18,114,131,8,116,68,64,108,94,105,51,13" hai3="41,3,60,133,46,65,39,32,48,106,123,16,71"/><T29/><D125/><U129/><E74/><V2/><F131/><W73/><G73/><T31/><D109/><U7/><E129/><V79/><F105/><W121/><G3/><T92/><D132/><U101/><E126/><V59/><F116/><W70/><G32/><T11/><D63/><U47/><E35/><V25/><F108/><W86/><G106/><T83/><D83/><U75/><E75/><V54/><F79/><W42/><G86/><T81/><D81/><U27/><E33/><V110/><F110/><W113/><G16/><T95/><D11/><U15/><E47/><V111/><F111/><W37/><G113/><T99/><D95/><U104/><E104/><V76/><F76/><W10/><G10/><T96/><D99/><U91/><E97/><V84/><F25/><W128/><G128/><T34/><D34/><U17/><E17/><V9/><F84/><W6/><G6/><T134/><D23/><U127/><E127/><V119/><F94/><W72/><G72/><T67/><REACH who="0" step="1"/><D134/><REACH who="0" ten="240,250,250,250" step="2"/><U80/><E80/><V66/><F9/><W118/><G133/><T5/><D5/><U115/><E7/><V52/><F2/><W135/><G135/><T124/><D124/><U40/><E4/><V20/><F8/><W62/><G118/><T55/><D55/><U90/><E53/><V44/><F119/><W30/><G42/><AGARI ba="0,1" hai="28,29,31,38,42,45,56,61,67,92,96,103,120,122" machi="42" ten="40,2000,0" yaku="1,1,53,0" doraHai="130" doraHaiUra="87" who="0" fromWho="3" sc="240,30,250,0,250,0,250,-20" /><INIT seed="0,1,0,3,3,70" ten="270,250,250,230" oya="0" hai0="22,30,56,33,90,2,34,60,96,13,116,49,5" hai1="69,3,17,31,39,82,77,128,57,127,41,24,55" hai2="54,89,94,108,42,45,88,8,25,105,98,28,72" hai3="1,74,48,62,115,43,120,4,10,73,36,97,21"/><T106/><D116/><U18/><E69/><V124/><F108/><W81/><G115/><T23/><D49/><U112/><E112/><V122/><F105/><W15/><G120/><T101/><D90/><U26/><E128/><V6/><F72/><W35/><G35/><T129/><D129/><U20/><E3/><V85/><F124/><W46/><G62/><T79/><D79/><U11/><E127/><V61/><F122/><W63/><G63/><T7/><D2/><U86/><E11/><V65/><F54/><W71/><G71/><T51/><D51/><U44/><REACH who="1" step="1"/><E26/><REACH who="1" ten="270,240,250,230" step="2"/><V83/><F8/><W113/><G113/><T126/><D126/><U131/><E131/><V12/><F12/><W40/><G1/><T37/><D13/><U99/><E99/><V76/><F6/><W52/><G97/><T19/><D7/><U132/><E132/><V107/><F25/><W103/><G10/><T102/><D5/><U92/><E92/><V38/><F107/><W58/><G4/><T68/><D106/><U95/><E95/><V64/><F64/><W114/><G114/><T121/><D121/><U0/><E0/><V59/><REACH who="2" step="1"/><F28/><REACH who="2" ten="270,240,240,230" step="2"/><W110/><G15/><T135/><D30/><U9/><E9/><V16/><F16/><W80/><G110/><T134/><D19/><U67/><E67/><V14/><F14/><W47/><G74/><T78/><D135/><U123/><E123/><V109/><F109/><W66/><G73/><T133/><D133/><U32/><E32/><V91/><AGARI ba="1,2" hai="38,42,45,59,61,65,76,83,85,88,89,91,94,98" machi="91" ten="20,12000,2" yaku="1,1,0,1,7,1,52,1,54,1,53,1" doraHai="70" doraHaiUra="53" who="2" fromWho="2" sc="270,-61,240,-31,240,143,230,-31" /><INIT seed="1,0,0,1,4,95" ten="209,209,383,199" oya="1" hai0="94,36,46,122,5,28,65,127,39,91,34,37,84" hai1="113,82,132,118,92,16,80,128,4,116,90,54,61" hai2="75,120,2,12,72,13,76,97,45,81,73,125,100" hai3="27,115,10,78,3,71,14,23,17,79,58,77,51"/><U52/><E113/><V20/><F120/><W0/><G115/><T40/><D122/><U59/><E4/><V102/><F2/><W6/><G71/><T134/><D127/><U88/><E128/><V67/><F125/><W29/><G3/><T93/><D134/><U98/><E132/><V53/><F67/><W131/><G131/><T126/><D126/><U114/><E114/><V43/><F53/><W21/><G51/><T22/><D5/><U96/><E116/><V130/><F102/><W41/><G41/><T30/><D65/><N who="1" m="39103" /><E118/><V103/><F103/><W38/><G58/><T89/><D34/><U50/><E54/><V35/><F35/><W63/><G63/><T112/><D112/><U24/><E90/><V31/><F130/><W129/><G38/><T49/><REACH who="0" step="1"/><D22/><REACH who="0" ten="199,209,383,199" step="2"/><N who="1" m="13383" /><E98/><AGARI ba="0,1" hai="28,30,36,37,39,40,46,49,84,89,91,93,94,98" machi="98" ten="40,2600,0" yaku="1,1,52,1,53,0" doraHai="95" doraHaiUra="9" who="0" fromWho="1" sc="199,36,209,-26,383,0,199,0" /><INIT seed="2,0,0,4,0,32" ten="235,183,383,199" oya="2" hai0="65,70,97,113,50,112,2,74,79,118,43,45,27" hai1="41,92,23,106,68,51,131,29,0,75,86,98,128" hai2="72,60,84,111,76,89,102,25,6,90,21,54,35" hai3="129,40,58,134,44,83,28,8,80,64,34,73,47"/><V122/><F122/><W12/><G129/><N who="1" m="49738" /><E68/><V33/><F102/><W117/><G117/><T69/><D118/><U4/><E75/><V127/><F127/><W87/><G134/><T121/><D121/><U18/><E106/><V103/><F103/><W49/><G73/><T66/><D27/><N who="1" m="16639" /><E18/><V39/><F39/><W93/><G34/><T1/><D97/><U36/><E36/><V63/><F72/><W101/><G28/><T130/><D74/><U71/><E71/><V30/><F111/><W42/><G58/><T123/><D130/><U26/><E26/><V52/><F6/><W114/><G64/><T59/><D123/><U107/><E107/><V53/><F35/><W100/><G114/><T124/><D124/><U82/><E51/><V5/><F5/><N who="3" m="3087" /><G83/><T57/><D45/><U16/><E41/><V105/><F33/><W78/><G93/><T94/><D94/><U13/><E86/><V67/><F105/><W61/><G61/><N who="2" m="23625" /><F67/><W10/><G10/><T116/><D116/><U17/><E82/><AGARI ba="0,0" hai="21,25,30,52,53,54,76,82,84,89,90" m="23625" machi="82" ten="30,2900,0" yaku="8,1,54,1" doraHai="32" who="2" fromWho="1" sc="235,0,183,-29,383,29,199,0" /><INIT seed="2,1,0,2,5,22" ten="235,154,412,199" oya="2" hai0="118,41,32,14,87,78,126,111,121,99,11,9,12" hai1="120,59,8,64,56,38,77,67,119,57,26,96,33" hai2="79,85,106,109,23,17,93,0,43,39,3,101,35" hai3="58,27,110,134,132,61,4,46,135,116,13,65,115"/><V122/><F122/><W68/><G116/><T25/><D121/><U105/><E119/><V95/><F35/><W76/><G110/><T74/><D118/><U6/><E120/><V108/><F39/><W30/><G115/><T36/><D111/><N who="2" m="42570" /><F43/><W88/><G76/><T52/><D126/><U100/><E38/><V53/><F106/><W112/><G112/><T125/><D125/><U20/><E33/><V130/><F130/><W29/><G46/><T73/><D32/><U91/><E77/><V82/><F53/><W86/><G68/><T19/><D78/><U107/><E107/><V34/><F34/><N who="3" m="20799" /><G30/><T124/><D124/><U128/><E128/><V44/><F44/><W123/><G123/><T131/><D131/><U5/><E91/><V92/><F101/><W90/><G86/><T54/><D87/><U102/><E100/><V98/><F98/><W28/><G28/><T40/><D99/><U37/><E37/><V72/><F85/><W94/><G94/><T104/><D36/><U71/><E71/><V16/><F16/><W62/><G62/><T49/><D19/><U55/><E55/><V80/><F80/><W48/><G48/><T60/><D104/><U117/><E117/><V63/><F63/><W50/><G50/><T21/><D60/><U127/><E127/><V66/><F66/><N who="1" m="25129" /><E8/><AGARI ba="1,0" hai="4,8,13,58,61,65,88,90,132,134,135" m="20799" machi="8" ten="30,3900,0" yaku="20,1,52,1,54,1" doraHai="22" who="3" fromWho="1" sc="235,0,154,-42,412,0,199,42" /><INIT seed="3,0,0,0,0,35" ten="235,112,412,241" oya="3" hai0="48,91,21,33,28,76,51,69,14,84,129,36,58" hai1="16,46,24,96,123,63,10,108,87,4,127,40,27" hai2="101,116,3,75,89,39,19,1,128,15,60,122,56" hai3="59,78,99,25,64,49,61,77,71,20,11,97,18"/><W120/><G120/><T80/><D36/><U68/><E123/><V133/><F39/><W98/><G71/><T5/><D69/><U62/><E108/><V111/><F122/><W26/><G49/><T130/><D33/><U7/><E127/><V43/><F43/><W74/><G74/><T115/><D115/><U102/><E87/><V118/><F111/><W104/><G104/><T94/><D28/><U83/><E83/><V17/><F75/><W103/><G103/><T95/><D95/><U70/><E4/><V37/><F37/><W73/><G73/><T126/><D126/><U124/><E124/><V88/><F101/><W66/><G66/><T45/><D58/><U55/><E70/><V132/><F128/><N who="0" m="49258" /><D45/><U105/><E68/><V57/><F15/><W42/><G42/><T53/><D53/><U9/><E55/><V13/><F13/><N who="3" m="7487" /><G26/><T125/><D125/><U112/><E112/><V31/><F31/><AGARI ba="0,0" hai="20,25,31,59,61,64,77,78,97,98,99" m="7487" machi="31" ten="30,1500,0" yaku="8,1" doraHai="35" who="3" fromWho="2" sc="235,0,112,0,412,-15,241,15" /><INIT seed="3,1,0,4,4,8" ten="235,112,397,256" oya="3" hai0="97,33,111,42,31,37,3,62,110,95,93,124,113" hai1="59,11,27,103,61,84,71,76,14,128,44,115,132" hai2="133,116,83,66,64,56,89,19,57,49,45,72,32" hai3="80,51,82,117,85,119,0,53,100,70,21,122,120"/><W125/><G0/><T23/><D33/><U39/><E115/><V29/><F116/><W63/><G125/><T40/><D124/><U94/><E71/><V129/><F129/><W54/><G100/><T106/><D3/><U99/><E128/><V25/><F133/><W102/><G102/><N who="0" m="62799" /><D113/><U114/><E114/><V2/><F2/><W43/><G21/><T107/><D107/><U121/><E121/><V86/><F72/><W101/><G101/><T98/><D62/><U87/><E132/><V109/><F109/><N who="0" m="41482" /><D37/><U9/><E76/><V1/><F1/><W26/><G26/><N who="0" m="16863" /><D95/><U112/><E112/><V123/><F123/><W130/><G130/><T65/><D65/><N who="2" m="25194" /><F29/><W47/><G120/><T91/><AGARI ba="1,0" hai="40,42,91,93,98" m="16863,41482,62799" machi="91" ten="30,1100,0" yaku="14,1" doraHai="8" who="0" fromWho="0" sc="235,14,112,-4,397,-4,256,-6" /><INIT seed="4,0,0,5,1,72" ten="249,108,393,250" oya="0" hai0="38,106,82,48,131,62,51,107,124,65,76,77,119" hai1="43,71,125,34,50,12,98,80,26,27,96,32,93" hai2="46,69,84,56,91,14,87,126,45,89,85,78,42" hai3="18,115,122,31,102,110,49,134,117,97,109,99,120"/><T19/><D119/><U132/><E71/><V11/><F69/><W33/><G18/><T61/><D131/><U86/><E132/><V22/><F126/><W121/><G49/><T9/><D124/><U17/><E125/><V135/><F135/><W75/><G134/><T28/><D28/><U2/><E2/><V44/><F22/><W24/><G117/><T53/><D38/><U15/><E34/><V3/><F56/><W6/><G115/><T59/><D82/><U66/><E66/><V7/><F3/><W123/><N who="3" m="30720" /><DORA hai="95" /><W52/><G75/><T68/><D106/><U104/><E104/><V13/><F13/><N who="1" m="5193" /><E32/><V60/><F60/><W1/><G52/><T83/><D83/><U0/><E0/><V55/><F55/><W63/><G63/><T67/><D107/><U29/><E29/><V128/><F128/><W111/><G102/><T35/><D35/><U114/><E114/><V101/><F101/><W8/><AGARI ba="0,0" hai="1,6,8,24,31,33,97,99,109,110,111" m="30720" machi="8" ten="70,8000,1" yaku="0,1,13,1,52,2" doraHai="72,95" who="3" fromWho="3" sc="249,-40,108,-20,393,-20,250,80" /><INIT seed="5,0,0,4,3,76" ten="209,88,373,330" oya="1" hai0="19,33,126,6,101,95,109,135,47,128,94,18,56" hai1="81,129,60,134,74,84,55,133,78,77,54,104,65" hai2="28,5,75,70,31,115,59,120,58,116,127,23,36" hai3="4,51,97,72,7,64,83,80,62,87,113,25,103"/><U112/><E104/><V82/><F70/><W1/><G1/><T85/><D109/><U53/><E112/><V45/><F120/><W48/><G113/><T17/><D33/><U2/><E2/><V27/><F115/><W39/><G39/><T20/><D135/><N who="1" m="51723" /><E129/><V41/><F116/><W26/><G72/><T69/><D69/><N who="1" m="42151" /><E77/><V91/><F127/><W11/><G97/><T29/><D126/><U73/><AGARI ba="0,0" hai="53,54,55,73,74,78,81,84" m="42151,51723" machi="73" ten="40,3900,0" yaku="20,1,52,1" doraHai="76" who="1" fromWho="1" sc="209,-13,88,39,373,-13,330,-13" /><INIT seed="5,1,0,3,1,85" ten="196,127,360,317" oya="1" hai0="46,29,53,28,67,134,39,62,61,131,23,117,4" hai1="59,101,41,102,96,44,86,112,103,48,60,79,5" hai2="8,82,127,30,125,7,78,133,1,122,11,126,88" hai3="93,25,6,40,129,64,34,68,52,14,10,90,121"/><U17/><E112/><V19/><F122/><W21/><G121/><T0/><D117/><U36/><E36/><V33/><F133/><W70/><G129/><T124/><D131/><U111/><E111/><V58/><F58/><W56/><G34/><T26/><D134/><U97/><E5/><V13/><F30/><W69/><G40/><T54/><D124/><U113/><E113/><V73/><F33/><W65/><G68/><T95/><D29/><U47/><E47/><V51/><F51/><N who="3" m="30751" /><G69/><T92/><D39/><U45/><E44/><V38/><F38/><W35/><G35/><T118/><D118/><U37/><E37/><V63/><F63/><W87/><G70/><T32/><D32/><U57/><E17/><AGARI ba="1,0" hai="6,10,14,17,21,25,64,65,87,90,93" m="30751" machi="17" ten="30,3900,0" yaku="8,1,52,1,54,1" doraHai="85" who="3" fromWho="1" sc="196,0,127,-42,360,0,317,42" /><INIT seed="6,0,0,4,5,81" ten="196,85,360,359" oya="2" hai0="45,60,10,86,52,100,34,131,128,117,43,47,135" hai1="68,61,1,72,90,79,112,55,57,69,38,31,132" hai2="124,26,21,39,58,115,19,24,83,87,35,18,110" hai3="91,37,27,23,3,5,121,62,6,13,49,78,16"/><V15/><F39/><W94/><G121/><T77/><D117/><U44/><E112/><V73/><F115/><W0/><G37/><T74/><D74/><U36/><E1/><V40/><F73/><W56/><G3/><T84/><D135/><U104/><E104/><V95/><F124/><W85/><G0/><T12/><D77/><U92/><E132/><V82/><F110/><W133/><G133/><T118/><D34/><U2/><E2/><V33/><F40/><W25/><G78/><T114/><D100/><U53/><E38/><V70/><F70/><W88/><G49/><N who="0" m="28735" /><D60/><U89/><E31/><V67/><F35/><W28/><G91/><T63/><D63/><U59/><E72/><V7/><F33/><W120/><G120/><T99/><D99/><U116/><E79/><V93/><F82/><W41/><G41/><T4/><D118/><U9/><E116/><V119/><F119/><W98/><G98/><T80/><D80/><U97/><E9/><N who="2" m="4543" /><F58/><W75/><G75/><T32/><D32/><U48/><E36/><V96/><F96/><W30/><G30/><T76/><D76/><U101/><E69/><V14/><F67/><N who="3" m="39367" /><G28/><T64/><D64/><U106/><E68/><V54/><F54/><W126/><G126/><T42/><D42/><U17/><E106/><V103/><F103/><W105/><G105/><T20/><D114/><U130/><E130/><N who="0" m="49705" /><D20/><U46/><E46/><V66/><F66/><W50/><G50/><AGARI ba="0,0" hai="4,10,12,43,45,50,84,86" m="49705,28735" machi="50" ten="30,7700,0" yaku="19,1,52,2,54,1" doraHai="81" who="0" fromWho="3" sc="196,77,85,0,360,0,359,-77" /><INIT seed="7,0,0,1,1,93" ten="273,85,360,282" oya="3" hai0="20,46,92,103,50,80,112,12,90,86,10,125,111" hai1="26,35,4,76,104,102,62,97,129,122,34,135,33" hai2="36,131,61,70,101,23,116,74,45,121,0,120,19" hai3="72,98,15,54,100,22,49,17,118,75,56,78,113"/><W105/><G118/><T107/><D111/><U128/><E4/><V59/><F116/><W25/><G113/><T119/><D119/><U127/><E76/><V57/><F131/><W79/><G79/><T40/><D112/><U126/><E122/><N who="2" m="47211" /><F101/><W130/><G130/><N who="1" m="50282" /><E62/><V132/><F0/><W81/><REACH who="3" step="1"/><G25/><REACH who="3" ten="273,85,360,272" step="2"/><T11/><D125/><U41/><E41/><BYE who="1" /><N who="2" m="22695" /><F132/><W2/><G2/><UN n1="%E8%AB%B8%E8%91%9B%E4%BA%AE" /><T8/><D107/><U83/><E26/><N who="2" m="14719" /><F74/><AGARI ba="0,1" hai="15,17,22,49,54,56,72,74,75,78,81,98,100,105" machi="74" ten="30,5800,0" yaku="1,1,7,1,52,1,53,0" doraHai="93" doraHaiUra="43" who="3" fromWho="2" sc="273,0,85,0,360,-58,272,68" owari="273,-13.0,85,-41.0,302,10.0,340,44.0" /></mjloggm>