<mjloggm ver="2.3"><GO type="169" lobby="0"/><UN n0="%6B%75%6E%70%61%63" n1="%E3%81%82%E3%81%8A%E3%81%8D%E3%82%93%E3%81%90" n2="%74%61%6B%75%61%6B%61" n3="%E3%83%88%E3%83%88%E3%83%AA%E5%85%88%E7%94%9F%31%39%E6%AD%B3" dan="16,16,17,19" rate="2123.90,2084.73,2198.49,2302.52" sx="M,M,M,F"/><TAIKYOKU oya="0"/><INIT seed="0,0,0,4,3,37" ten="250,250,250,250" oya="0" hai0="115,26,114,22,96,21,107,30,36,2,103,99,35" hai1="120,34,43,109,129,90,126,125,44,76,40,25,122" hai2="83,97,33,108,3,123,61,24,16,67,13,128,15" hai3="39,94,89,5,111,130,50,11,118,119,93,80,12"/><T69/><D2/><U73/><E109/><V27/><F3/><W49/><G111/><T56/><D56/><U84/><E76/><V46/><F108/><W32/><G32/><T68/><D22/><U98/><E98/><V18/><F123/><W124/><G124/><N who="1" m="47722" /><E73/><V55/><F128/><W59/><G130/><T52/><D21/><U101/><E44/><V131/><F131/><W41/><G80/><T134/><D134/><U38/><E38/><V70/><F83/><W87/><G93/><T45/><D99/><U104/><E101/><V91/><F91/><W71/><G71/><N who="0" m="27211" /><D52/><U85/><E85/><V117/><F97/><W127/><G127/><T20/><D20/><U51/><E51/><V8/><F33/><W14/><G14/><T29/><D29/><N who="1" m="19759" /><E104/><V19/><F55/><W106/><G106/><T82/><D82/><N who="1" m="49431" /><E129/><V81/><F81/><W4/><G59/><T105/><D105/><U31/><E31/><V23/><F46/><N who="3" m="23871" /><G50/><T48/><D48/><U62/><E62/><V66/><F18/><N who="3" m="8479" /><G49/><T17/><D17/><U110/><E110/><V9/><F23/><W135/><G135/><T112/><D112/><U78/><E78/><V10/><F10/><W113/><G113/><T88/><D88/><U57/><E57/><V74/><F70/><W7/><G89/><T60/><D60/><U64/><E64/><V100/><F61/><W133/><G133/><T6/><D6/><U58/><E58/><V102/><F74/><W65/><G65/><T92/><D92/><U47/><E47/><V95/><F95/><W42/><G94/><T116/><D116/><AGARI ba="0,0" hai="8,9,13,15,16,19,24,27,66,67,100,102,116,117" machi="116" ten="25,6400,0" yaku="6,1,22,2,54,1" doraHai="37" who="2" fromWho="0" sc="250,-64,250,0,250,64,250,0" /><INIT seed="1,0,0,0,1,70" ten="186,250,314,250" oya="1" hai0="93,48,3,10,16,132,116,88,66,83,37,9,29" hai1="17,118,6,41,12,56,30,24,44,18,112,72,23" hai2="108,35,124,26,50,52,102,39,130,134,59,87,0" hai3="75,119,73,81,60,27,46,34,104,19,85,98,106"/><U105/><E112/><V21/><F124/><W129/><G129/><T133/><D116/><U53/><E118/><V95/><F130/><W89/><G119/><T101/><D29/><U32/><E105/><V76/><F35/><W64/><G106/><T2/><D101/><U62/><E72/><V22/><F0/><N who="0" m="42" /><D66/><U117/><E117/><V57/><F108/><W45/><G45/><T115/><D48/><U25/><E6/><V86/><F134/><N who="0" m="51818" /><D83/><U80/><E80/><V13/><F102/><N who="3" m="62551" /><G19/><T120/><D120/><U33/><E33/><V40/><F50/><W69/><G46/><T61/><D61/><U94/><E94/><V135/><F95/><W97/><G97/><N who="0" m="57511" /><D115/><U127/><E127/><V47/><F47/><W51/><G51/><T43/><D43/><U107/><E107/><V1/><F40/><W65/><G65/><T67/><D67/><U96/><E96/><V63/><F63/><W126/><G126/><T14/><D10/><U55/><E55/><V8/><F52/><W77/><G89/><T5/><D5/><U99/><E99/><V122/><F8/><W109/><G109/><T100/><D100/><U84/><E62/><V11/><F11/><W103/><G103/><T4/><D4/><U36/><E32/><V68/><F135/><W110/><G110/><T131/><D131/><U58/><E41/><V91/><F91/><W79/><G79/><T49/><D49/><U28/><E44/><V90/><F76/><W15/><G73/><T125/><D125/><U121/><E56/><V42/><F59/><W31/><G75/><T7/><D7/><RYUUKYOKU ba="0,0" sc="186,15,250,-15,314,-15,250,15" hai0="9,14,16,37" hai3="15,27,31,34,60,64,69,77,81,85" /><INIT seed="2,1,0,2,4,8" ten="201,235,299,265" oya="2" hai0="64,121,119,106,74,97,27,39,43,44,14,24,85" hai1="21,89,82,123,5,3,77,129,47,105,46,113,80" hai2="86,72,7,117,130,107,56,110,111,54,37,100,96" hai3="1,42,51,112,18,67,4,26,35,79,108,60,124"/><V29/><F72/><W17/><G108/><N who="2" m="41513" /><F37/><W103/><G124/><T132/><D74/><U6/><E129/><V127/><F117/><W20/><G112/><T78/><D121/><U83/><E113/><V68/><F127/><W0/><G4/><T115/><D115/><U73/><E105/><V53/><F68/><W69/><G79/><T50/><D119/><U81/><E123/><V114/><F114/><W94/><G35/><T95/><D106/><U92/><E3/><V61/><F130/><W30/><G17/><T11/><D64/><U57/><E5/><V71/><F71/><W52/><G42/><T91/><D132/><U34/><E6/><V28/><F86/><W101/><G30/><N who="2" m="11881" /><F7/><W76/><G76/><T36/><D39/><U102/><E34/><V134/><F134/><W55/><G1/><T23/><D36/><U15/><E77/><V118/><F118/><W13/><G0/><T116/><D116/><U84/><E73/><V32/><F32/><W45/><G26/><T135/><D135/><U131/><E84/><V38/><F38/><W10/><G10/><T58/><D11/><U120/><E131/><V75/><F75/><W104/><G104/><T128/><D128/><U93/><E120/><V109/><N who="2" m="41521" /><V2/><DORA hai="41" /><F2/><W122/><G122/><T33/><D33/><U99/><E21/><V49/><F54/><W88/><G55/><N who="0" m="32119" /><D78/><U25/><E99/><AGARI ba="1,0" hai="13,18,20,45,51,52,60,67,69,88,94,99,101,103" machi="99" ten="30,8000,1" yaku="7,1,52,2,54,2" doraHai="8,41" who="3" fromWho="1" sc="201,0,235,-83,299,0,265,83" /><INIT seed="3,0,0,0,5,9" ten="201,152,299,348" oya="3" hai0="110,82,113,103,88,129,120,76,41,61,23,86,127" hai1="62,89,95,1,59,51,65,33,116,57,91,64,36" hai2="77,102,19,99,131,134,38,79,22,52,101,56,73" hai3="29,80,93,130,68,92,118,125,106,60,2,121,44"/><W26/><G118/><T100/><D120/><U104/><E36/><V11/><F38/><W15/><G121/><T119/><D119/><U135/><E1/><V12/><F131/><W108/><G2/><T132/><D110/><U71/><E33/><V122/><F122/><W111/><G106/><T126/><D129/><U20/><E104/><V75/><F134/><W96/><G130/><T97/><D41/><U21/><E135/><V66/><F66/><N who="3" m="41031" /><G80/><T109/><D109/><N who="3" m="42057" /><G125/><N who="0" m="47627" /><D132/><U72/><E116/><V24/><F73/><W107/><G44/><T7/><D113/><U14/><E72/><V30/><F75/><W63/><G63/><T16/><D61/><U84/><E62/><N who="2" m="36103" /><F99/><W6/><G107/><T85/><D97/><U128/><E128/><V40/><F40/><W50/><G50/><T45/><D45/><U53/><E51/><V112/><F112/><W18/><G6/><T25/><D7/><U37/><E37/><V83/><F83/><AGARI ba="0,0" hai="16,23,25,76,82,83,85,86,88,100,103" m="47627" machi="83" ten="30,3900,0" yaku="18,1,54,2" doraHai="9" who="0" fromWho="2" sc="201,39,152,0,299,-39,348,0" /><INIT seed="4,0,0,4,0,72" ten="240,152,260,348" oya="0" hai0="69,14,118,34,102,73,33,21,96,66,37,54,53" hai1="86,92,45,101,36,127,135,110,78,94,71,32,130" hai2="30,133,98,113,20,126,119,103,11,117,74,42,99" hai3="23,82,55,95,91,1,41,116,16,93,13,19,0"/><T25/><D37/><U125/><E110/><V88/><F74/><W112/><G116/><T57/><D118/><U4/><E71/><V85/><F42/><W70/><G70/><T18/><D73/><U79/><E32/><V44/><F44/><W124/><G112/><T90/><D69/><U48/><E36/><V60/><F113/><W68/><G68/><T52/><D90/><U100/><E4/><V50/><F50/><W114/><G114/><T89/><D89/><N who="1" m="53303" /><E130/><V3/><F60/><W123/><G124/><N who="1" m="47690" /><E135/><V122/><F133/><W80/><G41/><T63/><REACH who="0" step="1"/><D25/><REACH who="0" ten="230,152,260,348" step="2"/><U35/><E101/><V59/><F103/><W8/><G91/><T51/><D51/><U77/><E100/><V40/><F126/><W131/><G131/><T75/><D75/><U84/><E35/><V108/><F117/><W129/><G129/><T39/><D39/><U115/><E115/><V87/><F119/><W43/><G82/><T128/><D128/><U6/><E6/><V106/><F85/><W27/><G80/><T67/><D67/><U111/><E111/><V64/><F87/><W12/><G27/><T97/><D97/><U46/><E48/><V109/><F98/><W107/><G123/><T17/><D17/><U5/><E5/><V58/><F99/><W2/><G19/><T104/><AGARI ba="0,1" hai="14,18,21,33,34,52,53,54,57,63,66,96,102,104" machi="104" ten="30,6000,0" yaku="1,1,0,1,54,1,53,0" doraHai="72" doraHaiUra="22" who="0" fromWho="0" sc="230,70,152,-20,260,-20,348,-20" /><INIT seed="4,1,0,5,2,61" ten="300,132,240,328" oya="0" hai0="18,127,99,9,23,122,50,15,55,102,93,25,5" hai1="77,74,57,58,42,39,63,124,96,106,17,91,87" hai2="119,103,43,130,47,37,83,68,24,114,86,90,108" hai3="75,64,44,54,13,27,35,10,118,82,7,1,62"/><T78/><D122/><U56/><E124/><V67/><F108/><W32/><G118/><T115/><D127/><U46/><E77/><V49/><F114/><W3/><G75/><T11/><D115/><U88/><E74/><V120/><F120/><W79/><G54/><T34/><D34/><U117/><E117/><V12/><F130/><W134/><G134/><T133/><D133/><U60/><E17/><V4/><F119/><W89/><G89/><T69/><D69/><U73/><E73/><V30/><F103/><W14/><G44/><T110/><D110/><U116/><E116/><V66/><F68/><W26/><G82/><T20/><D78/><U6/><E6/><V98/><F98/><W2/><G79/><T95/><D20/><U59/><N who="1" m="14336" /><DORA hai="41" /><U36/><E36/><V52/><F43/><W65/><G62/><T112/><D112/><U92/><REACH who="1" step="1"/><E106/><REACH who="1" ten="300,122,240,328" step="2"/><V85/><F37/><W22/><G64/><T72/><D72/><U101/><E101/><V29/><F66/><W97/><G65/><T84/><D102/><U129/><E129/><V81/><F67/><W70/><G70/><T125/><D125/><U109/><E109/><V104/><F104/><W16/><G97/><T53/><D50/><U71/><E71/><V113/><F113/><W131/><G131/><T128/><D128/><U38/><E38/><V76/><REACH who="2" step="1"/><F24/><AGARI ba="1,1" hai="1,2,3,7,10,13,14,16,22,24,26,27,32,35" machi="24" ten="40,12000,2" yaku="35,6,54,1" doraHai="61,41" who="3" fromWho="2" sc="300,0,122,0,240,-123,328,133" /><INIT seed="5,0,0,5,4,17" ten="300,122,117,461" oya="1" hai0="126,11,65,76,23,113,69,108,50,107,42,124,130" hai1="44,13,115,59,87,128,118,120,96,57,46,86,40" hai2="93,47,100,20,64,116,89,79,63,26,10,22,39" hai3="62,127,111,110,61,30,85,114,24,80,102,55,3"/><U51/><E118/><V4/><F116/><W72/><G3/><T7/><D113/><U101/><E120/><V37/><F100/><W28/><G72/><T36/><D107/><U70/><E115/><V105/><F79/><W123/><G123/><T99/><D108/><U2/><E70/><V15/><F105/><W0/><G0/><N who="0" m="487" /><D130/><U77/><E2/><V43/><F26/><W121/><G121/><T84/><D99/><U58/><E128/><V1/><F37/><W49/><G114/><T41/><D36/><U31/><E77/><V125/><F1/><W98/><G127/><N who="0" m="48683" /><D50/><U109/><E109/><V27/><F27/><W132/><G132/><T6/><D6/><U90/><E90/><V9/><F9/><W14/><G14/><T53/><D53/><U92/><E31/><V88/><F125/><W38/><G38/><T133/><D133/><U73/><E73/><V66/><F89/><W95/><G111/><T29/><D65/><U32/><E32/><V112/><F66/><W82/><G28/><T131/><D131/><U135/><E135/><V56/><F112/><W83/><G85/><AGARI ba="0,0" hai="4,10,15,20,22,39,43,47,56,63,64,85,88,93" machi="85" ten="30,7700,0" yaku="7,1,52,2,54,1" doraHai="17" who="2" fromWho="3" sc="300,0,122,0,117,77,461,-77" /><INIT seed="6,0,0,3,5,47" ten="300,122,194,384" oya="2" hai0="49,23,133,72,131,74,78,36,101,84,83,116,59" hai1="62,31,102,61,93,11,12,118,54,34,76,128,21" hai2="2,43,30,66,64,107,68,24,4,55,77,99,85" hai3="10,79,80,27,29,1,100,37,6,58,45,126,25"/><V127/><F127/><W114/><G126/><T39/><D36/><U42/><E118/><V19/><F43/><N who="3" m="22767" /><G100/><T97/><D39/><U94/><E128/><V111/><F19/><W120/><G120/><T40/><D131/><U73/><E34/><V60/><F64/><W98/><G98/><T87/><D133/><U89/><E42/><V91/><F55/><W9/><G29/><T70/><D70/><U46/><E76/><V92/><F111/><W52/><G10/><T28/><D116/><U82/><E73/><V20/><F2/><W26/><G114/><T104/><D84/><U103/><E82/><V16/><F4/><W8/><G8/><T121/><D121/><U5/><E21/><V14/><F77/><W57/><G52/><T96/><D96/><N who="1" m="59671" /><E103/><V51/><F99/><W124/><G124/><T7/><D7/><U109/><E31/><V113/><F107/><W41/><G41/><T129/><D129/><U22/><E22/><V132/><F113/><W90/><G90/><T32/><D32/><U130/><E109/><V75/><F75/><AGARI ba="0,0" hai="1,6,9,25,26,27,57,58,75,79,80" m="22767" machi="75" ten="30,1000,0" yaku="25,1" doraHai="47" who="3" fromWho="2" sc="300,0,122,0,194,-10,384,10" /><INIT seed="7,0,0,0,4,49" ten="300,122,184,394" oya="3" hai0="127,126,115,20,25,61,100,8,32,78,94,21,69" hai1="6,99,76,135,47,1,19,26,14,133,89,103,90" hai2="124,17,23,71,50,48,3,132,85,64,87,93,72" hai3="118,97,79,45,102,35,46,120,112,121,70,58,22"/><W114/><G118/><T57/><D69/><U131/><E76/><V39/><F72/><W73/><G35/><T105/><D105/><U33/><E131/><V77/><F39/><W40/><G70/><T134/><D78/><U4/><E4/><V16/><F3/><W10/><G22/><T13/><D134/><U55/><E6/><V83/><F124/><W15/><G58/><T11/><D100/><U122/><E1/><V125/><F125/><W24/><G24/><T43/><D43/><U65/><E65/><V82/><F132/><W101/><G101/><T107/><D107/><U86/><E122/><N who="3" m="47210" /><G15/><T9/><D94/><U81/><E90/><V63/><F93/><W54/><G10/><T129/><D129/><U41/><E41/><V91/><F17/><W29/><G29/><T31/><D115/><N who="3" m="44073" /><G54/><T0/><D0/><U111/><E111/><V27/><AGARI ba="0,0" hai="16,23,27,48,50,63,64,71,77,82,83,85,87,91" machi="27" ten="20,2700,0" yaku="0,1,7,1,54,1" doraHai="49" who="2" fromWho="2" sc="300,-7,122,-7,184,27,394,-13" owari="293,9.0,115,-38.0,211,-19.0,381,48.0" /></mjloggm>