<mjloggm ver="2.3"><GO type="169" lobby="0"/><UN n0="%E3%83%88%E3%83%88%E3%83%AA%E5%85%88%E7%94%9F%31%39%E6%AD%B3" n1="%E3%83%AB%E3%82%BF%E3%82%B9%E3%82%B1" n2="%E6%A9%98%E3%81%82%E3%82%8A%E3%81%99" n3="%74%61%6B%75%61%6B%61" dan="19,16,16,17" rate="2266.25,2136.20,2183.49,2171.96" sx="F,M,F,M"/><TAIKYOKU oya="0"/><INIT seed="0,0,0,0,1,22" ten="250,250,250,250" oya="0" hai0="109,97,124,92,117,118,72,33,2,25,135,53,60" hai1="41,71,10,6,89,123,21,102,34,42,121,133,68" hai2="100,103,27,35,80,93,75,52,125,85,9,87,130" hai3="134,56,116,30,83,94,18,23,64,106,112,63,114"/><T61/><D2/><U129/><E34/><V122/><F122/><W45/><G106/><T26/><D72/><U105/><E89/><N who="2" m="53439" /><F75/><W7/><G116/><T110/><D135/><U82/><E105/><V39/><F39/><W38/><G134/><T119/><D124/><U128/><E133/><V91/><F35/><W43/><G30/><T95/><D33/><U47/><E102/><V88/><F125/><W5/><G83/><T62/><D53/><U12/><E82/><V57/><F130/><N who="1" m="50281" /><E41/><V8/><F91/><W40/><G40/><T67/><D67/><U46/><E46/><V101/><F27/><N who="0" m="10250" /><D97/><U77/><E77/><V37/><F37/><W1/><G1/><T98/><D98/><U0/><E0/><V24/><F24/><W31/><G112/><T16/><D16/><U84/><E123/><V29/><F29/><W107/><G31/><T127/><D127/><U69/><E121/><V15/><F15/><W131/><G114/><T132/><D132/><U99/><E99/><V51/><AGARI ba="0,0" hai="8,9,51,52,57,80,85,88,100,101,103" m="53439" machi="51" ten="30,4000,0" yaku="8,1,54,2" doraHai="22" who="2" fromWho="2" sc="250,-20,250,-10,250,40,250,-10" /><INIT seed="1,0,0,5,1,119" ten="230,240,290,240" oya="1" hai0="98,78,45,90,73,22,12,132,74,47,72,96,92" hai1="57,26,114,70,43,63,46,115,87,120,62,37,11" hai2="19,33,134,89,110,25,104,82,39,31,108,28,131" hai3="100,9,3,88,126,129,53,118,27,94,128,86,65"/><U44/><E11/><V17/><F39/><W6/><G126/><T66/><D132/><U10/><E10/><V80/><F104/><W127/><G127/><T5/><D78/><U113/><E87/><V95/><F134/><W64/><G118/><T0/><D0/><U71/><E26/><V69/><F69/><W112/><G112/><T13/><D5/><U121/><E46/><V79/><F31/><W42/><G42/><T2/><D2/><U111/><E111/><N who="2" m="42539" /><F131/><N who="3" m="50251" /><G53/><T23/><D66/><N who="3" m="25705" /><G27/><T35/><D35/><U59/><E59/><V77/><F77/><W124/><G124/><T4/><D4/><U76/><E76/><V16/><F79/><W117/><G117/><T50/><D74/><U97/><E97/><AGARI ba="0,0" hai="16,17,19,25,28,33,80,82,89,95,97" m="42539" machi="97" ten="30,2000,0" yaku="14,1,54,1" doraHai="119" who="2" fromWho="1" sc="230,0,240,-20,290,20,240,0" /><INIT seed="2,0,0,1,2,135" ten="230,220,310,240" oya="2" hai0="10,58,13,123,63,49,53,45,130,73,35,62,50" hai1="65,109,4,39,59,11,133,85,70,86,83,41,81" hai2="42,46,27,19,108,118,98,60,18,31,40,52,92" hai3="122,68,102,24,54,131,95,71,9,110,44,67,127"/><V6/><F118/><W8/><G122/><T111/><D123/><U125/><E70/><V17/><F6/><W5/><G131/><T80/><D35/><U115/><E115/><V77/><F77/><W34/><G110/><T116/><D111/><U64/><E109/><V88/><F108/><W107/><G107/><T20/><D130/><U21/><E21/><N who="2" m="15855" /><F60/><W29/><G67/><T72/><D116/><U101/><E39/><V94/><F94/><W121/><G121/><T69/><D20/><U106/><E4/><V93/><F93/><W128/><G128/><T12/><D12/><U32/><E106/><V33/><F33/><W74/><G74/><T120/><D120/><U103/><E32/><V105/><F105/><W129/><G129/><T76/><D73/><U57/><E133/><V43/><F43/><W7/><G7/><T3/><D3/><U117/><E117/><V47/><F47/><W114/><G114/><T56/><D69/><U55/><E41/><V113/><F113/><W87/><G5/><T134/><D134/><U79/><E79/><V97/><F97/><W61/><G68/><T119/><D119/><U26/><E26/><V82/><F82/><W66/><G44/><T100/><D45/><U91/><E81/><V99/><F99/><W126/><G102/><T112/><D100/><U23/><E83/><V89/><F89/><N who="3" m="53695" /><G54/><N who="0" m="32087" /><D112/><U124/><E91/><V36/><F36/><W22/><G34/><T38/><D38/><U37/><E37/><V28/><F28/><W16/><G29/><T90/><D90/><U2/><E101/><V75/><F75/><RYUUKYOKU ba="0,0" sc="230,10,220,-30,310,10,240,10" hai0="10,13,49,53,56,62,63,72,76,80" hai2="17,18,19,40,42,46,52,88,92,98" hai3="8,9,16,22,24,61,66,71,126,127" /><INIT seed="2,1,0,3,0,104" ten="240,190,320,250" oya="2" hai0="115,4,22,74,64,100,134,16,84,63,2,29,107" hai1="91,7,65,85,15,57,25,126,110,40,121,3,49" hai2="94,51,123,77,36,102,78,128,48,125,72,88,33" hai3="1,89,38,9,129,124,14,44,27,95,41,96,106"/><V26/><F36/><W99/><G124/><T120/><D120/><U53/><E3/><V97/><F123/><W132/><G132/><T37/><D115/><U34/><E126/><V47/><F125/><W20/><G129/><T18/><D37/><U12/><E121/><V93/><F128/><W67/><G1/><T114/><D114/><U73/><E110/><V111/><F111/><W71/><G71/><T98/><D74/><U19/><E73/><V55/><F72/><W28/><G67/><T117/><D134/><U8/><E65/><V42/><F26/><W39/><G39/><T6/><D117/><U50/><E34/><V133/><F33/><W92/><G106/><T69/><D2/><U45/><E25/><V66/><F66/><W119/><G119/><T35/><D18/><U79/><E79/><V82/><F82/><W116/><G116/><T56/><D56/><U46/><E57/><N who="2" m="33023" /><F133/><W0/><G0/><T61/><D61/><U60/><E60/><V86/><AGARI ba="1,0" hai="42,47,48,77,78,86,88,93,94,97,102" m="33023" machi="86" ten="30,3000,0" yaku="8,1,54,1" doraHai="104" who="2" fromWho="2" sc="240,-11,190,-11,320,33,250,-11" /><INIT seed="2,2,0,0,3,36" ten="229,179,353,239" oya="2" hai0="71,124,26,39,37,130,132,87,101,99,18,117,104" hai1="55,98,28,65,12,1,75,25,2,103,96,110,22" hai2="53,70,69,74,68,48,111,134,34,42,27,14,29" hai3="23,121,90,73,100,9,41,108,126,93,5,94,129"/><V114/><F114/><W77/><G77/><T30/><D130/><U131/><E75/><V19/><F74/><W123/><G123/><T91/><D132/><U116/><E116/><V24/><F134/><W32/><G32/><T21/><D124/><U52/><E131/><V128/><F128/><W81/><G121/><T54/><D117/><U13/><E110/><V33/><F111/><W31/><G126/><T122/><D122/><U58/><E1/><V85/><F85/><W60/><G129/><T8/><D71/><U46/><E2/><V7/><F7/><W0/><G100/><T67/><D67/><U112/><E112/><V47/><F27/><W6/><G6/><T66/><D66/><U45/><E65/><V82/><F82/><W107/><G107/><T49/><D8/><U72/><E72/><V84/><F84/><W59/><G108/><T63/><D63/><U56/><E103/><V51/><F34/><W119/><G119/><T135/><D30/><U50/><E98/><V80/><F80/><W115/><G115/><T86/><D86/><U61/><E96/><V88/><F88/><W92/><G73/><T10/><D10/><U11/><REACH who="1" step="1"/><E12/><REACH who="1" ten="229,169,353,239" step="2"/><V16/><REACH who="2" step="1"/><F14/><REACH who="2" ten="229,169,343,239" step="2"/><W17/><G0/><T64/><D135/><U113/><E113/><V127/><F127/><W97/><G97/><T3/><D3/><U125/><E125/><V120/><F120/><W78/><G90/><T43/><D91/><U109/><E109/><V133/><F133/><W44/><G78/><T79/><D79/><U95/><E95/><V57/><AGARI ba="2,2" hai="16,19,24,29,33,42,47,48,51,53,57,68,69,70" machi="57" ten="30,11700,0" yaku="1,1,0,1,52,1,54,1,53,0" doraHai="36" doraHaiUra="62" who="2" fromWho="2" sc="229,-41,169,-41,343,143,239,-41" /><INIT seed="2,3,0,0,1,3" ten="188,128,486,198" oya="2" hai0="51,87,109,134,133,9,67,100,33,110,30,54,50" hai1="27,96,24,0,92,70,25,125,78,111,55,34,113" hai2="76,82,77,75,80,121,42,104,124,53,132,112,48" hai3="18,59,68,99,86,102,66,97,105,131,45,7,38"/><V130/><F42/><W95/><G131/><T65/><D100/><U37/><E70/><V52/><F112/><W32/><G68/><T126/><D87/><U81/><E113/><V43/><F121/><W71/><G71/><T15/><D30/><U17/><E37/><V46/><F130/><W129/><G129/><T119/><D33/><U22/><E125/><V120/><F120/><W115/><G115/><T12/><D9/><U103/><E0/><V44/><F124/><W122/><G122/><T57/><D126/><U31/><E111/><N who="0" m="42505" /><D119/><U35/><E55/><V91/><F104/><W14/><G32/><T79/><D79/><U93/><E93/><V58/><F132/><N who="0" m="50794" /><D15/><U2/><E2/><V49/><F91/><W19/><G86/><T60/><D12/><U107/><E107/><V117/><F117/><W56/><G97/><T123/><D123/><U74/><E35/><V64/><F76/><W94/><G105/><T1/><D1/><U29/><E29/><V6/><F6/><W90/><G7/><T116/><D116/><U89/><E103/><V106/><F106/><W11/><G14/><AGARI ba="3,0" hai="14,17,22,24,25,27,31,34,74,78,81,89,92,96" machi="14" ten="30,1000,0" yaku="7,1" doraHai="3" who="1" fromWho="3" sc="188,0,128,19,486,0,198,-19" /><INIT seed="3,0,0,0,2,109" ten="188,147,486,179" oya="3" hai0="57,116,87,110,100,40,2,113,14,69,102,123,68" hai1="74,61,38,25,48,134,51,15,115,21,107,79,104" hai2="89,47,5,122,124,97,82,78,112,83,121,17,126" hai3="31,11,96,42,43,66,62,0,55,54,101,106,18"/><W130/><G130/><T20/><D116/><U120/><E38/><V1/><F17/><W60/><G31/><T99/><D110/><U128/><E120/><N who="2" m="46187" /><F47/><W3/><G18/><N who="0" m="10327" /><D2/><U80/><E128/><V105/><F5/><W111/><G111/><T49/><D87/><U50/><E134/><V90/><F1/><W95/><G106/><T22/><D22/><U41/><E115/><V19/><F112/><W77/><G77/><T12/><D12/><U28/><E41/><V33/><F19/><W72/><G72/><T39/><D100/><U65/><REACH who="1" step="1"/><E15/><REACH who="1" ten="188,137,486,179" step="2"/><V10/><F124/><W93/><G0/><T7/><D40/><U117/><E117/><V27/><F126/><W71/><G42/><T59/><D39/><U86/><E86/><V92/><F10/><W64/><G43/><T84/><D84/><U24/><E24/><V75/><F75/><W32/><G11/><T103/><D113/><U131/><E131/><V70/><F27/><W29/><G3/><T46/><D123/><U98/><E98/><V94/><F97/><W133/><G133/><T63/><D99/><U132/><E132/><V4/><F82/><W108/><G108/><T135/><D135/><U23/><E23/><V85/><F85/><W44/><G96/><T119/><D119/><U88/><E88/><V6/><F89/><W53/><G101/><T81/><D103/><U8/><E8/><V52/><F90/><W118/><G118/><T125/><D102/><U67/><E67/><V129/><F129/><W36/><G36/><T35/><D125/><U91/><E91/><V76/><F83/><RYUUKYOKU ba="0,1" sc="188,-10,137,30,486,-10,179,-10" hai1="21,25,28,48,50,51,61,65,74,79,80,104,107" /><INIT seed="4,1,1,5,5,16" ten="178,167,476,169" oya="0" hai0="10,71,81,74,101,114,72,100,12,41,127,86,108" hai1="8,44,87,39,132,61,35,43,4,53,78,28,52" hai2="110,48,47,6,121,124,75,18,112,40,32,102,7" hai3="13,5,93,57,29,107,62,42,77,56,129,104,31"/><T3/><D71/><U17/><E132/><V79/><F110/><W76/><G129/><T135/><D3/><U116/><E116/><V19/><F121/><W88/><G107/><T131/><D135/><U60/><E17/><V9/><F32/><W67/><G104/><T106/><D131/><U59/><E35/><V26/><F112/><W103/><G103/><T125/><D41/><U99/><E99/><V1/><F124/><N who="0" m="47690" /><D114/><U118/><E28/><N who="3" m="10826" /><G56/><T98/><D101/><U133/><E118/><V123/><F7/><W46/><G46/><T83/><D83/><U64/><E133/><V34/><F102/><W22/><G42/><T0/><D0/><U95/><E60/><V30/><F123/><W68/><G68/><T55/><D55/><U21/><E21/><V2/><F1/><W117/><G117/><T105/><D108/><U58/><E58/><V91/><F91/><W63/><G63/><T90/><D105/><U11/><E78/><V54/><F54/><W134/><G134/><T51/><D51/><U27/><E53/><V20/><F34/><W94/><G94/><T84/><D84/><U111/><E111/><V69/><F69/><W38/><G38/><T113/><D113/><U130/><E130/><V33/><F33/><W24/><G76/><T65/><D65/><U96/><E64/><V120/><F120/><W23/><G77/><T49/><D49/><U119/><E119/><V36/><F48/><W82/><G82/><AGARI ba="1,1" hai="2,6,9,18,19,20,26,30,36,40,47,75,79,82" machi="82" ten="40,5200,0" yaku="25,2,52,1" doraHai="16" who="2" fromWho="3" sc="178,0,167,0,476,65,169,-55" /><INIT seed="5,0,0,1,4,3" ten="178,167,541,114" oya="1" hai0="24,46,72,0,131,79,41,78,65,103,80,26,113" hai1="48,56,21,9,23,44,128,10,125,4,87,57,18" hai2="76,42,39,89,119,96,20,99,60,71,77,51,54" hai3="1,35,33,117,61,101,7,68,109,30,45,133,64"/><U97/><E128/><V83/><F119/><W82/><G109/><T104/><D131/><U127/><E97/><V14/><F20/><N who="1" m="7753" /><E18/><V122/><F14/><W19/><G133/><T28/><D113/><U121/><E121/><V118/><F118/><W86/><G117/><T85/><D65/><U49/><E49/><V108/><F108/><W110/><G110/><T93/><D28/><U111/><E111/><V135/><F135/><W34/><G19/><T91/><D0/><U16/><E10/><V88/><F122/><W29/><G101/><T134/><D79/><N who="2" m="30282" /><F71/><W123/><G123/><T25/><D134/><U74/><E74/><V92/><F39/><W84/><G45/><T12/><D12/><N who="1" m="5159" /><E16/><V32/><F32/><W15/><G1/><T62/><D62/><U17/><E17/><V5/><F5/><W47/><G47/><T66/><D26/><U94/><E125/><V58/><F96/><W27/><G27/><T6/><D6/><U105/><E105/><V120/><F120/><W43/><G43/><T98/><D66/><U75/><E75/><V53/><F42/><W90/><REACH who="3" step="1"/><G86/><REACH who="3" ten="178,167,541,104" step="2"/><T106/><D106/><U67/><E127/><V129/><F129/><W36/><G36/><AGARI ba="0,1" hai="24,25,36,41,46,72,78,80,85,91,93,98,103,104" machi="36" ten="30,3900,0" yaku="7,1,24,2" doraHai="3" who="0" fromWho="3" sc="178,49,167,0,541,0,104,-39" /><INIT seed="6,0,0,1,4,108" ten="227,167,541,65" oya="2" hai0="120,9,63,129,6,125,76,33,111,37,17,77,74" hai1="21,0,3,57,48,104,12,64,124,119,93,75,82" hai2="53,8,69,34,91,23,87,31,55,85,4,25,2" hai3="107,90,60,73,80,39,133,94,109,38,35,135,123"/><V41/><F69/><W116/><G123/><T118/><D120/><U97/><E104/><V105/><F105/><W67/><G116/><T100/><D111/><U15/><E119/><V28/><F41/><W1/><G109/><T24/><D118/><U18/><E124/><V51/><F31/><W43/><G107/><T61/><D100/><U99/><E99/><V114/><F114/><W127/><G35/><T52/><D17/><U92/><E92/><V121/><F121/><W14/><G1/><T106/><D9/><U29/><E29/><V102/><F102/><W117/><G117/><T50/><D6/><U10/><E0/><V122/><F122/><W56/><G127/><T58/><D24/><U30/><E3/><V110/><F110/><W134/><G14/><T72/><D37/><U46/><E30/><V68/><F68/><W62/><G43/><T66/><D72/><U101/><E75/><V81/><F51/><W88/><G60/><T79/><D61/><N who="1" m="37935" /><E82/><V71/><F71/><W84/><REACH who="3" step="1"/><G73/><REACH who="3" ten="227,167,541,55" step="2"/><T5/><D74/><U103/><E15/><V7/><F34/><W22/><G22/><T95/><D33/><U132/><E21/><V42/><F42/><W36/><G36/><T112/><D106/><U40/><E132/><V19/><F23/><W113/><G113/><T86/><D112/><U70/><E12/><V32/><F2/><W13/><G13/><T126/><D125/><U130/><E40/><V115/><F32/><W96/><AGARI ba="0,1" hai="38,39,56,62,67,80,84,88,90,94,96,133,134,135" machi="96" ten="30,8000,1" yaku="1,1,0,1,20,1,54,1,53,1" doraHai="108" doraHaiUra="89" who="3" fromWho="3" sc="227,-20,167,-20,541,-40,55,90" /><INIT seed="7,0,0,4,2,94" ten="207,147,501,145" oya="3" hai0="10,6,54,112,69,5,110,76,32,98,18,119,114" hai1="95,56,133,25,67,29,84,134,31,99,130,135,88" hai2="91,127,81,3,73,66,102,43,34,59,15,115,57" hai3="7,106,111,35,70,50,13,120,49,44,105,60,51"/><W101/><G120/><T93/><D110/><U90/><E130/><V63/><F3/><W28/><G111/><T20/><D119/><U100/><E25/><V26/><F115/><N who="0" m="44074" /><D32/><U8/><E8/><V96/><F127/><W33/><G44/><T121/><D121/><U24/><E24/><V72/><F43/><W41/><G41/><T86/><D69/><U37/><E37/><V124/><F15/><W12/><G7/><T123/><D123/><U65/><E90/><V122/><F124/><W77/><G77/><T126/><D126/><U64/><E56/><V104/><F122/><W113/><G113/><T82/><D54/><U1/><E1/><V48/><F48/><N who="3" m="12291" /><W47/><DORA hai="85" /><G47/><T14/><D10/><U62/><E62/><V22/><F34/><N who="3" m="12811" /><G28/><T17/><D17/><U53/><E53/><V129/><F59/><W68/><G60/><T42/><D42/><U40/><E40/><V21/><F129/><W109/><G101/><AGARI ba="0,0" hai="5,6,14,18,20,76,82,86,93,98,101" m="44074" machi="101" ten="30,3900,0" yaku="15,1,11,1,52,1" doraHai="94,85" who="0" fromWho="3" sc="207,39,147,0,501,0,145,-39" owari="246,5.0,147,-25.0,501,59.0,106,-39.0" /></mjloggm>