<mjloggm ver="2.3"><GO type="169" lobby="0"/><UN n0="%7A%65%52%6F" n1="%E3%83%88%E3%83%88%E3%83%AA%E5%85%88%E7%94%9F%31%39%E6%AD%B3" n2="%E9%BB%92%E7%8C%AB%40%E3%81%BA%E3%82%8D%E3%81%BA%E3%82%8D%E2%98%86" n3="%E3%81%A9%E3%83%BC%E3%82%82%E5%83%95%E3%81%A7%E3%81%99" dan="19,19,18,16" rate="2271.06,2278.37,2147.84,2097.34" sx="M,F,F,F"/><TAIKYOKU oya="0"/><INIT seed="0,0,0,5,2,78" ten="250,250,250,250" oya="0" hai0="47,35,23,16,29,43,45,99,20,1,116,110,75" hai1="117,59,27,74,73,114,65,34,18,109,82,69,85" hai2="72,102,128,17,14,51,26,107,19,57,105,95,4" hai3="120,71,90,31,131,83,5,89,61,66,94,130,79"/><T86/><D116/><U70/><E117/><V92/><F128/><N who="3" m="49195" /><G120/><T118/><D75/><U96/><E109/><V62/><F72/><W88/><G31/><T111/><D1/><U87/><E114/><V22/><F4/><W2/><G5/><T129/><D118/><U76/><E74/><V112/><F112/><W106/><G106/><T124/><D124/><U0/><E0/><V56/><F102/><W12/><G12/><N who="0" m="9223" /><D35/><U15/><E59/><V81/><F51/><W46/><G2/><T32/><D32/><U64/><E96/><V132/><F62/><W25/><G25/><N who="0" m="16575" /><D129/><U67/><E27/><V21/><F26/><W36/><G94/><T101/><D86/><U50/><E34/><V49/><F14/><W52/><G36/><T28/><D28/><U133/><E85/><V121/><F121/><W125/><G125/><T97/><D43/><U122/><E122/><V68/><F68/><W104/><G104/><N who="0" m="63535" /><D99/><U13/><E73/><V24/><F24/><W103/><G103/><T134/><D134/><U63/><E133/><V135/><F49/><N who="3" m="28727" /><G79/><T41/><D41/><U42/><E13/><V44/><F44/><W113/><G113/><T58/><D58/><U33/><E33/><V98/><F98/><W39/><G39/><T100/><D100/><U123/><E123/><V53/><F53/><W10/><G10/><T93/><D93/><U84/><E70/><V9/><F9/><W54/><G54/><T48/><D48/><U38/><E50/><V8/><F8/><W127/><G127/><T77/><D77/><U37/><E37/><V115/><F115/><RYUUKYOKU ba="0,0" sc="250,10,250,-30,250,10,250,10" hai0="45,47,110,111" hai2="17,19,21,22,56,57,81,92,95,105,107,132,135" hai3="61,66,71,83,88,89,90" /><INIT seed="0,1,0,0,4,123" ten="260,220,260,260" oya="0" hai0="47,22,121,126,128,29,77,3,30,28,97,41,84" hai1="132,0,38,89,129,35,79,6,117,25,32,10,23" hai2="134,91,86,83,85,135,115,102,105,96,64,67,70" hai3="26,15,55,111,33,4,53,100,93,108,54,78,122"/><T45/><D121/><U20/><E38/><V57/><F70/><W27/><G122/><T48/><D3/><U125/><E117/><V95/><F57/><W94/><G78/><T99/><D126/><U66/><E125/><V98/><F115/><W131/><G131/><T9/><D128/><U34/><E129/><V112/><F112/><W133/><G133/><N who="2" m="50697" /><F67/><W42/><G42/><T14/><D22/><U76/><E132/><V104/><F64/><W8/><G100/><T37/><D37/><U127/><E127/><V7/><F7/><W62/><G62/><T90/><D47/><U44/><E44/><V114/><F114/><W88/><G93/><T17/><REACH who="0" step="1"/><D77/><REACH who="0" ten="250,220,260,260" step="2"/><U65/><E23/><V31/><F31/><W21/><G33/><T52/><D52/><U110/><E79/><N who="2" m="46335" /><F98/><W16/><REACH who="3" step="1"/><G27/><REACH who="3" ten="250,220,260,250" step="2"/><T120/><D120/><U36/><E32/><V73/><F73/><W119/><G119/><T71/><D71/><U49/><E34/><V81/><AGARI ba="1,2" hai="81,86,91,95,96,102,104,105" m="46335,50697" machi="81" ten="30,4000,0" yaku="20,1,34,2" doraHai="123" who="2" fromWho="2" sc="250,-21,220,-11,260,63,250,-11" /><INIT seed="1,0,0,4,2,30" ten="229,209,323,239" oya="1" hai0="124,90,36,123,38,15,80,11,116,23,78,119,22" hai1="50,63,67,101,77,96,69,12,115,76,56,27,85" hai2="2,55,120,102,128,130,107,74,59,3,103,92,132" hai3="4,111,84,17,54,65,0,43,134,121,62,81,26"/><U126/><E115/><V104/><F120/><W110/><G121/><T31/><D123/><U99/><E126/><V47/><F74/><W129/><G43/><T21/><D124/><U35/><E96/><N who="2" m="59655" /><F47/><W70/><G0/><T52/><D90/><U122/><E122/><V106/><F103/><W7/><G129/><N who="2" m="49769" /><F132/><W98/><G134/><T9/><D31/><N who="1" m="19967" /><E85/><V37/><F37/><W114/><G114/><T48/><D38/><U39/><E12/><V58/><F58/><W53/><G98/><T127/><D36/><U18/><E18/><V75/><F75/><W45/><G45/><T91/><D91/><U131/><E39/><V113/><F113/><W25/><G4/><T97/><D97/><U16/><E16/><V88/><F88/><N who="3" m="51215" /><G7/><T49/><D127/><U93/><E131/><V117/><F117/><W41/><G41/><T82/><D82/><U51/><E56/><V64/><F64/><W83/><G83/><T29/><D29/><U1/><E1/><V109/><F3/><W60/><G17/><N who="0" m="8447" /><D9/><U34/><E77/><V112/><F2/><W57/><G54/><T135/><D135/><U19/><E76/><V87/><F87/><W13/><G13/><T108/><D119/><U89/><E19/><V133/><F133/><W5/><G5/><T73/><D116/><U32/><E89/><V44/><F44/><W24/><G70/><T118/><D118/><U14/><E14/><V20/><F112/><W46/><G46/><N who="0" m="27671" /><D49/><N who="1" m="18443" /><E93/><V61/><F20/><W105/><G105/><T79/><D79/><U33/><E34/><V66/><F55/><W6/><G6/><RYUUKYOKU ba="0,0" sc="229,0,209,0,323,0,239,0" hai0="21,22,23,73,78,80,108" hai1="32,33,63,67,69,99,101" hai2="59,61,66,104,106,107,109" hai3="24,25,26,53,57,60,62,65,110,111" /><INIT seed="1,1,0,3,3,132" ten="229,209,323,239" oya="1" hai0="45,26,102,0,61,63,47,75,105,99,40,59,88" hai1="83,56,9,97,115,114,116,131,85,94,20,33,19" hai2="44,37,86,54,110,52,78,125,122,10,93,13,60" hai3="25,80,43,50,73,135,22,53,72,113,84,4,48"/><U127/><E116/><V49/><F110/><W18/><G113/><T34/><D75/><U23/><E33/><V24/><F122/><W74/><G135/><T124/><D0/><U119/><E119/><V98/><F37/><W64/><G64/><T111/><D111/><U16/><E131/><V107/><F107/><W51/><G4/><T29/><D63/><U101/><E127/><V17/><F125/><W12/><G43/><T130/><D130/><U68/><E68/><V118/><F118/><W57/><REACH who="3" step="1"/><G25/><REACH who="3" ten="229,209,323,229" step="2"/><T31/><D124/><U42/><E42/><V11/><F24/><W46/><G46/><T103/><D40/><U133/><E133/><V69/><F54/><W55/><G55/><T100/><D31/><U1/><E115/><V66/><F17/><W39/><G39/><T95/><REACH who="0" step="1"/><D105/><REACH who="0" ten="219,209,323,229" step="2"/><U3/><E114/><V126/><F126/><W62/><G62/><T79/><D79/><AGARI ba="1,2" hai="12,18,22,48,50,51,53,57,72,73,74,79,80,84" machi="79" ten="40,1300,0" yaku="1,1,53,0" doraHai="132" doraHaiUra="96" who="3" fromWho="0" sc="219,-16,209,0,323,0,229,36" /><INIT seed="2,0,0,3,2,121" ten="203,209,323,265" oya="2" hai0="51,11,63,119,47,5,71,129,75,94,61,97,37" hai1="135,93,123,118,4,28,45,53,134,55,125,59,120" hai2="1,46,3,78,104,81,54,33,84,124,50,85,22" hai3="98,41,60,77,110,132,39,17,106,18,69,126,31"/><V127/><F33/><W89/><G77/><T117/><D75/><U64/><E28/><V48/><F104/><W102/><G39/><T56/><D71/><U116/><E4/><V87/><F22/><W101/><G41/><T80/><D80/><U72/><E72/><V62/><F62/><W67/><G132/><N who="1" m="50730" /><E93/><V52/><F81/><W96/><G126/><N who="2" m="48169" /><F78/><W9/><G89/><T20/><D37/><U44/><E64/><V113/><F113/><W29/><G9/><T19/><D11/><U8/><E8/><V36/><F36/><W35/><G31/><T99/><D20/><U76/><E76/><V57/><AGARI ba="0,0" hai="1,3,46,48,50,52,54,57,84,85,87" m="48169" machi="57" ten="30,3000,0" yaku="18,1,54,1" doraHai="121" who="2" fromWho="2" sc="203,-10,209,-10,323,30,265,-10" /><INIT seed="2,1,0,5,3,15" ten="193,199,353,255" oya="2" hai0="54,6,45,22,79,14,5,115,101,39,132,61,52" hai1="121,38,65,8,0,87,59,83,99,12,75,123,13" hai2="62,126,67,85,130,113,119,94,98,117,131,109,110" hai3="43,106,40,27,111,20,21,84,7,68,33,26,32"/><V129/><F113/><W92/><G106/><T112/><D132/><U1/><E75/><V90/><F126/><W34/><G68/><T69/><D101/><U82/><E38/><V134/><F134/><W122/><G122/><N who="1" m="46602" /><E13/><V35/><F35/><W31/><G7/><T91/><D79/><U29/><E29/><V89/><F62/><W100/><G111/><N who="2" m="42505" /><F67/><W118/><G118/><T93/><D112/><U18/><E82/><AGARI ba="1,0" hai="82,85,89,90,94,98,117,119,129,130,131" m="42505" machi="82" ten="40,12000,1" yaku="19,1,14,1,10,1,34,2" doraHai="15" who="2" fromWho="1" sc="193,0,199,-123,353,123,255,0" /><INIT seed="2,2,0,2,2,71" ten="193,76,476,255" oya="2" hai0="0,85,17,97,81,99,104,19,15,83,120,134,34" hai1="10,79,100,48,27,130,6,135,29,12,115,129,49" hai2="30,56,84,106,1,111,44,107,125,21,122,2,60" hai3="93,40,28,132,4,108,114,118,95,68,64,22,57"/><V131/><F122/><W101/><G118/><T33/><D0/><U13/><E115/><V67/><F2/><W41/><G68/><T87/><D15/><U39/><E135/><V43/><F1/><W20/><G108/><T109/><D109/><U72/><E100/><V25/><F111/><W32/><G32/><T59/><D59/><U127/><E127/><V124/><F131/><N who="1" m="50185" /><E39/><V50/><REACH who="2" step="1"/><F84/><REACH who="2" ten="193,76,466,255" step="2"/><W117/><G117/><T102/><D120/><U52/><E72/><V55/><F55/><W116/><G116/><T113/><D87/><U36/><E52/><V35/><F35/><W126/><G114/><T5/><D85/><U62/><E79/><V123/><F123/><W110/><G126/><AGARI ba="2,1" hai="21,25,30,43,44,50,56,60,67,106,107,124,125,126" machi="126" ten="40,3900,0" yaku="1,1,18,1,53,0" doraHai="71" doraHaiUra="76" who="2" fromWho="3" sc="193,0,76,0,466,55,255,-45" /><INIT seed="2,3,0,3,3,18" ten="193,76,521,210" oya="2" hai0="89,128,42,26,6,58,110,103,66,79,61,35,117" hai1="14,30,91,64,68,51,47,97,73,24,7,82,93" hai2="52,92,48,0,10,111,115,1,46,114,105,120,106" hai3="65,22,69,57,56,96,37,19,15,133,70,116,134"/><V41/><F120/><W123/><G123/><T67/><D110/><U98/><E68/><V101/><F106/><W122/><G122/><T71/><D128/><U39/><E39/><V54/><F105/><W55/><G37/><T86/><D42/><U31/><E64/><V113/><F111/><W75/><G75/><T109/><D6/><U85/><E73/><V3/><F101/><W27/><G116/><T121/><D79/><U11/><E24/><V62/><F92/><W20/><G96/><T87/><D117/><U78/><REACH who="1" step="1"/><E98/><REACH who="1" ten="193,66,521,210" step="2"/><V21/><F113/><W63/><G69/><T4/><D67/><U74/><E74/><V29/><F115/><W59/><REACH who="3" step="1"/><G55/><AGARI ba="3,1" hai="7,11,14,30,31,47,51,55,78,82,85,91,93,97" machi="55" ten="30,7700,0" yaku="1,1,7,1,8,1,53,1" doraHai="18" doraHaiUra="49" who="1" fromWho="3" sc="193,0,66,96,521,0,210,-86" /><INIT seed="3,0,0,0,1,92" ten="193,162,521,124" oya="3" hai0="54,20,47,24,32,65,83,105,30,107,130,16,75" hai1="41,90,98,121,10,117,59,82,112,131,61,55,78" hai2="120,113,67,110,88,71,101,106,73,66,134,22,44" hai3="5,4,28,69,12,104,122,58,17,36,74,42,0"/><W116/><G116/><T50/><D130/><U45/><E121/><V115/><F73/><W43/><G69/><T31/><D65/><U9/><E112/><V97/><F110/><W91/><G122/><T63/><D63/><U95/><E131/><V46/><F120/><W111/><G111/><T102/><D102/><U125/><E125/><V23/><F134/><W86/><G74/><T39/><D39/><U15/><E15/><V100/><F88/><W40/><G36/><T33/><D31/><U11/><E117/><V3/><F3/><W129/><G0/><T123/><D123/><U29/><E29/><V118/><F118/><W37/><G37/><T14/><REACH who="0" step="1"/><D33/><REACH who="0" ten="183,162,521,124" step="2"/><U124/><E124/><V18/><F101/><W93/><G129/><T85/><D85/><U89/><E89/><V79/><F67/><W7/><G28/><T56/><D56/><U27/><E59/><V77/><F115/><W19/><G104/><T132/><D132/><U127/><E61/><V99/><F113/><W80/><G58/><T2/><D2/><U87/><E127/><V35/><F35/><W114/><G114/><T13/><D13/><U109/><E27/><N who="2" m="14807" /><F66/><W108/><G108/><T128/><D128/><U34/><E34/><V60/><F60/><W94/><G12/><T84/><D84/><U76/><E109/><V96/><F100/><W72/><G72/><T133/><D133/><U64/><E64/><V49/><F106/><W52/><G86/><T119/><D119/><U68/><E68/><V70/><F70/><W62/><G62/><T21/><D21/><U57/><E87/><RYUUKYOKU ba="0,1" sc="183,30,162,-10,521,-10,124,-10" hai0="14,16,20,24,30,32,47,50,54,75,83,105,107" /><INIT seed="4,1,1,0,2,104" ten="213,152,511,114" oya="0" hai0="33,102,51,47,119,80,2,30,66,74,61,5,89" hai1="34,70,76,128,130,53,14,38,7,40,81,36,115" hai2="113,72,25,111,79,71,100,13,37,91,92,132,94" hai3="59,90,134,35,63,118,67,129,120,131,60,45,39"/><T133/><D119/><U105/><E34/><V99/><F71/><N who="3" m="42471" /><G90/><T57/><D133/><U114/><E105/><V6/><F37/><W62/><G35/><T18/><D102/><U50/><E70/><V48/><F48/><W85/><G85/><T98/><D2/><U83/><E83/><V123/><F113/><N who="1" m="43017" /><E7/><V11/><F123/><W65/><G118/><T21/><D5/><U19/><E40/><V56/><F56/><N who="3" m="37063" /><G134/><T95/><D33/><U88/><E50/><V3/><F111/><W112/><G112/><T84/><D30/><U58/><E53/><V124/><F124/><W20/><G20/><T108/><D108/><U75/><E58/><V44/><F44/><W32/><G32/><T31/><D31/><U69/><E88/><V0/><F132/><W73/><G120/><T121/><D121/><U77/><E77/><V117/><F117/><W106/><G106/><T23/><D18/><U1/><E69/><V126/><F126/><W82/><G82/><T17/><D17/><U52/><E52/><V68/><F68/><W127/><G127/><T135/><D135/><U78/><E78/><V22/><F94/><W28/><G28/><T97/><D97/><U12/><E1/><V103/><F103/><W16/><G16/><T26/><D98/><U4/><E4/><V54/><F54/><N who="3" m="34295" /><G131/><N who="1" m="50218" /><E12/><V122/><F122/><W9/><G129/><T64/><D64/><U96/><E96/><V55/><F100/><W101/><G101/><T110/><D110/><U125/><E125/><V15/><F0/><W43/><G9/><AGARI ba="1,1" hai="9,14,19,36,38,75,76,81" m="50218,43017" machi="9" ten="30,7700,0" yaku="15,1,11,1,19,1,52,1" doraHai="104" who="1" fromWho="3" sc="213,0,152,90,511,0,114,-80" /><INIT seed="5,0,0,2,0,116" ten="213,242,511,34" oya="1" hai0="57,7,81,15,77,75,9,46,16,131,107,36,103" hai1="109,106,39,63,85,31,32,59,89,42,29,93,52" hai2="126,79,4,38,111,47,40,43,101,8,48,86,135" hai3="35,84,10,105,122,65,114,28,44,96,124,54,18"/><U20/><E106/><V45/><F111/><W76/><G114/><T2/><D131/><U61/><E32/><V70/><F70/><W14/><G124/><T26/><D57/><N who="1" m="34983" /><E39/><V97/><F135/><W99/><G105/><T80/><D80/><N who="1" m="49319" /><E42/><V121/><F126/><W19/><G65/><T13/><D103/><U119/><E119/><V58/><F58/><W110/><G110/><T23/><D107/><U130/><E130/><V60/><F60/><W50/><G35/><T91/><D91/><U22/><E109/><V74/><F86/><W117/><G117/><T11/><D9/><U112/><E112/><V71/><F71/><W100/><G100/><T27/><D27/><U73/><E73/><V108/><F97/><W51/><G28/><N who="1" m="10826" /><E93/><V133/><F108/><W120/><G50/><T55/><D55/><AGARI ba="0,0" hai="20,22,55,59,63" m="10826,49319,34983" machi="55" ten="30,2900,0" yaku="8,1,54,1" doraHai="116" who="1" fromWho="0" sc="213,-29,242,29,511,0,34,0" /><INIT seed="5,1,0,5,2,16" ten="184,271,511,34" oya="1" hai0="46,45,63,13,32,8,30,66,56,79,102,59,77" hai1="53,100,65,6,31,81,26,80,44,96,88,61,70" hai2="39,126,64,1,73,62,43,89,118,90,5,108,106" hai3="42,71,92,86,4,17,128,125,74,34,57,99,113"/><U93/><E6/><V129/><F108/><W9/><G71/><T58/><D102/><U87/><E53/><V91/><F106/><W116/><G74/><T95/><D95/><U35/><REACH who="1" step="1"/><E44/><REACH who="1" ten="184,261,511,34" step="2"/><V52/><F52/><W121/><G4/><T69/><D46/><U22/><E22/><V36/><F5/><W131/><G9/><T19/><D45/><U120/><E120/><V135/><F118/><W105/><G116/><T114/><D8/><U60/><E60/><V23/><F23/><W0/><G34/><T49/><D63/><U112/><E112/><V67/><F62/><W47/><G113/><T18/><D32/><U130/><E130/><V51/><F129/><W82/><G128/><T12/><D114/><U15/><E15/><V24/><F1/><W76/><G131/><T101/><D13/><U20/><E20/><V14/><F14/><W29/><G0/><T72/><D12/><U68/><E68/><V111/><F111/><W124/><G121/><T2/><D69/><U83/><AGARI ba="1,1" hai="26,31,35,61,65,70,80,81,83,87,88,93,96,100" machi="83" ten="20,7800,0" yaku="1,1,0,1,7,1,54,1,53,0" doraHai="16" doraHaiUra="115" who="1" fromWho="1" sc="184,-27,261,91,511,-27,34,-27" /><INIT seed="5,2,0,5,2,56" ten="157,352,484,7" oya="1" hai0="55,103,82,11,132,112,48,49,109,18,54,133,79" hai1="113,95,67,1,130,30,73,46,75,84,40,108,44" hai2="35,121,34,86,102,6,71,127,9,124,94,20,0" hai3="8,24,14,87,93,22,101,53,116,41,5,58,50"/><U85/><E1/><V65/><F121/><W88/><G116/><T42/><D109/><U59/><E108/><V128/><F128/><W100/><G41/><T51/><D112/><U97/><E113/><V70/><F20/><W78/><G78/><T25/><D42/><U36/><E130/><V99/><F86/><W107/><G107/><T90/><D90/><U39/><E30/><AGARI ba="2,0" hai="5,8,14,22,24,30,50,53,58,87,88,93,100,101" machi="30" ten="30,3900,0" yaku="7,1,8,1,54,1" doraHai="56" who="3" fromWho="1" sc="157,0,352,-45,484,0,7,45" /><INIT seed="6,0,0,5,1,40" ten="157,307,484,52" oya="2" hai0="8,13,20,83,70,80,36,111,32,33,73,49,132" hai1="67,59,116,55,23,94,65,10,16,19,11,131,2" hai2="103,60,121,34,93,35,42,64,110,76,133,39,27" hai3="41,105,38,86,12,47,112,108,123,129,74,113,9"/><V96/><F121/><W1/><G123/><T6/><D111/><U7/><E116/><V81/><F133/><W77/><G108/><T117/><D36/><U122/><E122/><V46/><F27/><W87/><G105/><T82/><D73/><U44/><E131/><V97/><F96/><W15/><G129/><T24/><D70/><U115/><E115/><N who="3" m="44106" /><G15/><T79/><D132/><U51/><E11/><V90/><F103/><W85/><G85/><T78/><D117/><U26/><E19/><V124/><F124/><W69/><G69/><T119/><D119/><U134/><E134/><V25/><F25/><W72/><G72/><T107/><D107/><U17/><E17/><V29/><F29/><W92/><G92/><T98/><D98/><U48/><REACH who="1" step="1"/><E94/><REACH who="1" ten="157,297,484,52" step="2"/><V101/><F110/><W100/><G100/><T135/><D135/><U52/><AGARI ba="0,1" hai="2,7,10,16,23,26,44,48,51,52,55,59,65,67" machi="52" ten="20,16000,3" yaku="1,1,2,1,0,1,7,1,52,1,54,2,53,2" doraHai="40" doraHaiUra="61" who="1" fromWho="1" sc="157,-40,297,170,484,-80,52,-40" /><INIT seed="7,0,0,5,4,83" ten="117,467,404,12" oya="3" hai0="88,111,135,2,86,15,123,104,81,49,23,117,45" hai1="108,80,76,70,34,75,107,60,73,30,134,28,42" hai2="131,47,127,66,126,98,39,110,69,35,17,50,116" hai3="109,77,25,133,37,113,99,57,29,22,9,118,103"/><W53/><G118/><T125/><D111/><U97/><E108/><V72/><F110/><W79/><G109/><T18/><D123/><U33/><E42/><V31/><F116/><W64/><G113/><T6/><D104/><U89/><E73/><V59/><F72/><W52/><G133/><T96/><D117/><U1/><E1/><V41/><F17/><W3/><G37/><T112/><D135/><U5/><E5/><V61/><F98/><W114/><G114/><T124/><D112/><U90/><E30/><V91/><F91/><W94/><G9/><T43/><D96/><U12/><E12/><V10/><F10/><W115/><G3/><T44/><D2/><U20/><E20/><V101/><F101/><W68/><G115/><T65/><D6/><U40/><E40/><V48/><F31/><W62/><G68/><T19/><D65/><N who="1" m="41255" /><E33/><V54/><F35/><W13/><G13/><T82/><D45/><U119/><E119/><V63/><F131/><W8/><G8/><T93/><D19/><U128/><E128/><V7/><REACH who="2" step="1"/><F7/><REACH who="2" ten="117,467,394,12" step="2"/><W56/><REACH who="3" step="1"/><G64/><REACH who="3" ten="117,467,394,2" step="2"/><T95/><D15/><U46/><E134/><V26/><F26/><W84/><G84/><T27/><D124/><AGARI ba="0,2" hai="39,41,47,48,50,54,59,61,63,66,69,124,126,127" machi="124" ten="40,8000,1" yaku="1,1,18,1,34,3,53,0" doraHai="83" doraHaiUra="24" who="2" fromWho="0" sc="117,-80,467,0,394,100,2,0" owari="37,-36.0,467,27.0,494,59.0,2,-50.0" /></mjloggm>