<mjloggm ver="2.3"><GO type="169" lobby="0"/><UN n0="%E3%81%97%E3%81%8B%E8%8C%B6" n1="%73%61%6E%64%69%72%69%73" n2="%E3%83%88%E3%83%88%E3%83%AA%E5%85%88%E7%94%9F%31%39%E6%AD%B3" n3="%E6%A0%97%E7%94%B0%E6%81%AD%E5%AE%8F" dan="16,18,19,17" rate="2091.34,2259.67,2288.60,2174.96" sx="M,M,F,M"/><TAIKYOKU oya="0"/><INIT seed="0,0,0,0,4,12" ten="250,250,250,250" oya="0" hai0="38,5,95,18,6,21,73,96,30,118,89,109,2" hai1="27,9,85,92,82,115,120,44,20,41,129,67,93" hai2="22,123,52,68,91,121,101,32,57,55,58,47,37" hai3="99,24,64,3,130,122,11,43,87,106,16,15,33"/><T66/><D38/><U97/><E120/><V70/><F32/><W94/><G130/><T34/><D73/><U14/><E129/><V46/><F101/><W111/><G111/><T28/><D118/><U128/><E67/><V102/><F102/><W75/><G75/><T127/><D127/><U35/><E35/><V103/><F103/><N who="3" m="60919" /><G106/><T104/><D104/><U39/><E115/><V65/><F22/><N who="3" m="13383" /><G3/><T131/><D131/><U31/><E97/><V19/><F91/><W17/><G33/><T63/><D109/><U60/><E60/><V49/><F19/><W7/><G122/><T76/><D76/><U124/><E124/><V116/><F65/><W132/><G132/><T117/><D117/><U4/><E128/><V80/><F80/><W8/><G64/><T134/><D134/><U113/><E113/><V71/><F116/><W88/><G43/><T108/><D108/><U36/><E36/><V90/><F90/><AGARI ba="0,0" hai="4,9,14,20,27,31,39,41,44,82,85,90,92,93" machi="90" ten="30,1000,0" yaku="7,1" doraHai="12" who="1" fromWho="2" sc="250,0,250,10,250,-10,250,0" /><INIT seed="1,0,0,2,4,24" ten="250,260,240,250" oya="1" hai0="29,49,45,53,111,86,26,33,51,121,76,130,91" hai1="106,131,20,87,117,122,13,32,18,48,15,128,93" hai2="109,74,46,7,44,110,66,125,56,84,6,22,82" hai3="108,73,55,38,127,114,135,50,67,36,107,103,2"/><U98/><E117/><V99/><F74/><W89/><G114/><T39/><D121/><U78/><E122/><V34/><F34/><W71/><G2/><T120/><D111/><N who="2" m="42506" /><F125/><W102/><G73/><T25/><D120/><U133/><E106/><V85/><F85/><W5/><G5/><N who="2" m="1545" /><F22/><W27/><G127/><T69/><D69/><U97/><E32/><V41/><F99/><W118/><G71/><T4/><D4/><U90/><E133/><V115/><F115/><W100/><G135/><T132/><D132/><U21/><E78/><N who="2" m="46167" /><F41/><W14/><G108/><T1/><D76/><U101/><E131/><V92/><F92/><W37/><G118/><T30/><D130/><U113/><E128/><V80/><F80/><W70/><G107/><T96/><D1/><U59/><E113/><V42/><F42/><W17/><G100/><T129/><D129/><U40/><E101/><V16/><F16/><W0/><G0/><T83/><D39/><U79/><E79/><V94/><F94/><W81/><G102/><T105/><D105/><U116/><E116/><V19/><F19/><W47/><G103/><T10/><D96/><U31/><E40/><V65/><F65/><W126/><G126/><T77/><D77/><U123/><E123/><V57/><F57/><W75/><G75/><T95/><D95/><U124/><E124/><V134/><F134/><W72/><G72/><T54/><D33/><U60/><E98/><V11/><F11/><N who="3" m="6367" /><G27/><N who="0" m="10251" /><D10/><U9/><E97/><V35/><F35/><W104/><G104/><T63/><D63/><AGARI ba="0,0" hai="44,46,56,63,66" m="46167,1545,42506" machi="63" ten="30,1000,0" yaku="14,1" doraHai="24" who="2" fromWho="0" sc="250,-10,260,0,240,10,250,0" /><INIT seed="2,0,0,5,4,3" ten="240,260,250,250" oya="2" hai0="19,120,36,101,59,50,133,113,1,80,22,10,52" hai1="116,26,24,46,43,102,42,8,62,78,21,118,64" hai2="132,106,96,38,103,134,32,73,93,30,88,128,60" hai3="18,86,14,74,56,122,47,45,63,123,115,111,117"/><V12/><F38/><W58/><G74/><T92/><D36/><U61/><E78/><V90/><F73/><W33/><G33/><T77/><D120/><U6/><E102/><V76/><F76/><W35/><G35/><T110/><D113/><U69/><E62/><V23/><F32/><W83/><G117/><T131/><D110/><U100/><E100/><V15/><F128/><W70/><G70/><T2/><D131/><U25/><E21/><V27/><F60/><W4/><G111/><T40/><D40/><U85/><E85/><V107/><F90/><W67/><G115/><T41/><D41/><U11/><E11/><V57/><F57/><W126/><G126/><T5/><D133/><N who="2" m="51306" /><F107/><W129/><G129/><T91/><D101/><U95/><E95/><V0/><F0/><W124/><G124/><T97/><D77/><U114/><E43/><V105/><F105/><W108/><G108/><T9/><D80/><U125/><E125/><V17/><F30/><W119/><G119/><T99/><D9/><U34/><E34/><V49/><F49/><W112/><G112/><T44/><D1/><U127/><E127/><V75/><F75/><W39/><G39/><T51/><D51/><N who="1" m="27095" /><E114/><V121/><F121/><W29/><G123/><T135/><D135/><U130/><E130/><V65/><F65/><W71/><G71/><T68/><D68/><U109/><E109/><V66/><F66/><W84/><G122/><T20/><D44/><U28/><E28/><N who="2" m="17535" /><F103/><W16/><G67/><T98/><D20/><U72/><E72/><V82/><F106/><W48/><G47/><RYUUKYOKU ba="0,0" sc="240,15,260,15,250,-15,250,-15" hai0="2,5,10,19,22,50,52,59,91,92,97,98,99" hai1="6,8,24,25,26,61,64,69,116,118" /><INIT seed="3,1,0,0,5,68" ten="255,275,235,235" oya="3" hai0="135,13,81,41,34,122,129,64,86,31,63,79,53" hai1="78,131,117,56,133,50,52,100,91,9,4,49,43" hai2="127,58,36,73,40,21,12,57,23,44,28,98,38" hai3="14,114,97,30,93,27,65,94,69,80,66,29,85"/><W39/><G114/><T15/><D122/><U1/><E133/><V47/><F73/><W95/><G39/><T105/><D135/><U89/><E131/><V18/><F127/><W115/><G115/><T130/><D105/><U51/><E117/><V104/><F28/><N who="3" m="10859" /><G69/><T111/><D111/><U128/><E128/><N who="0" m="49257" /><D41/><U70/><E70/><V11/><F104/><W46/><G27/><N who="0" m="18815" /><D53/><U60/><E43/><V118/><F118/><W99/><G46/><T125/><D125/><U0/><E100/><V61/><F44/><W19/><G65/><T113/><D113/><U92/><E78/><V67/><F36/><W3/><G66/><T84/><D84/><U77/><E77/><V90/><REACH who="2" step="1"/><F58/><AGARI ba="1,0" hai="13,15,58,63,64,79,81,86" m="18815,49257" machi="58" ten="30,1000,0" yaku="19,1" doraHai="68" who="0" fromWho="2" sc="255,13,275,0,235,-13,235,0" /><INIT seed="4,0,0,2,0,114" ten="268,275,222,235" oya="0" hai0="55,34,50,110,80,28,4,64,87,93,103,54,7" hai1="53,120,91,111,126,79,20,67,33,5,78,46,18" hai2="58,39,47,86,36,118,90,77,100,8,52,82,51" hai3="128,23,43,76,49,104,44,106,115,59,84,68,101"/><T0/><D64/><U121/><E111/><V6/><F118/><W65/><G68/><T123/><D123/><U125/><E33/><V72/><F100/><W134/><G115/><T89/><D110/><U57/><E5/><N who="0" m="2121" /><D0/><U14/><E46/><V66/><F66/><W22/><G134/><T41/><D34/><U83/><E67/><V9/><F47/><W95/><G128/><T3/><D3/><U71/><E71/><V105/><F105/><W16/><G23/><T11/><D11/><U38/><E38/><V96/><F96/><W116/><G116/><T74/><D74/><U135/><E91/><V131/><F131/><W69/><G69/><T113/><D28/><U85/><E79/><V35/><F35/><W117/><G117/><T31/><D31/><U99/><E99/><V37/><REACH who="2" step="1"/><F6/><REACH who="2" ten="268,275,212,235" step="2"/><W1/><G101/><T24/><D113/><U40/><E135/><V32/><F32/><W30/><G104/><T112/><D112/><U107/><E107/><V61/><F61/><W92/><G106/><T73/><D73/><U15/><E121/><V10/><F10/><W2/><G65/><T19/><D41/><U26/><E40/><V45/><F45/><W124/><G43/><T102/><D54/><U81/><E120/><V17/><F17/><W12/><G44/><N who="0" m="28103" /><D80/><AGARI ba="0,1" hai="8,9,36,37,39,51,52,58,72,77,80,82,86,90" machi="80" ten="40,2600,0" yaku="1,1,54,1,53,0" doraHai="114" doraHaiUra="42" who="2" fromWho="0" sc="268,-26,275,0,212,36,235,0" /><INIT seed="5,0,0,5,0,119" ten="242,275,248,235" oya="1" hai0="85,118,49,5,57,7,21,28,81,97,114,53,93" hai1="95,35,63,39,0,54,133,129,91,125,73,86,56" hai2="10,17,70,124,83,75,15,128,66,47,99,55,113" hai3="18,30,59,16,120,36,20,62,105,109,121,13,131"/><U71/><E73/><V111/><F111/><W6/><G109/><T32/><D118/><U94/><E0/><V50/><F128/><W44/><G105/><T12/><D32/><U43/><E35/><V72/><F124/><W45/><G131/><T115/><D28/><U3/><E3/><V116/><F116/><W25/><G6/><T14/><D21/><U101/><E129/><V48/><F113/><N who="0" m="43018" /><D5/><U90/><E133/><V106/><F66/><W37/><G44/><T2/><D7/><U92/><E125/><V52/><F70/><W38/><G45/><T123/><D123/><U24/><E24/><V8/><F8/><W107/><G107/><T61/><D61/><U130/><E71/><V103/><REACH who="2" step="1"/><F83/><REACH who="2" ten="242,275,238,235" step="2"/><W4/><G4/><T19/><D81/><U31/><E130/><V29/><F29/><W122/><REACH who="3" step="1"/><G13/><REACH who="3" ten="242,275,238,225" step="2"/><T100/><D12/><U74/><E39/><V26/><F26/><W34/><G34/><T134/><D14/><U84/><E43/><V23/><F23/><W104/><G104/><T132/><D2/><U82/><E101/><V126/><F126/><W110/><G110/><T68/><D132/><U22/><E74/><V58/><AGARI ba="0,2" hai="10,15,17,47,48,50,52,55,58,72,75,99,103,106" machi="58" ten="20,5200,0" yaku="1,1,0,1,7,1,54,1,53,0" doraHai="119" doraHaiUra="112" who="2" fromWho="2" sc="242,-13,275,-26,238,72,225,-13" /><INIT seed="6,0,0,4,5,77" ten="229,249,310,212" oya="2" hai0="63,61,111,133,97,95,43,3,121,75,94,82,19" hai1="84,38,57,30,110,71,42,8,114,6,14,29,12" hai2="22,26,104,49,122,126,109,53,27,115,68,100,106" hai3="59,103,132,92,131,60,50,51,62,70,45,116,24"/><V15/><F122/><W34/><G116/><T41/><D3/><U2/><E110/><V87/><F115/><W69/><G103/><T91/><D111/><U79/><E71/><N who="3" m="27146" /><G92/><T16/><D121/><U33/><E38/><V72/><F72/><W56/><G24/><T88/><D133/><U81/><E114/><V125/><F109/><W129/><G34/><T118/><D75/><U40/><E2/><V83/><F68/><W127/><G132/><T124/><D124/><N who="2" m="47722" /><F15/><W7/><G7/><T25/><D25/><N who="2" m="9226" /><F22/><W112/><G127/><T31/><D118/><U108/><E108/><V13/><F13/><W58/><G112/><T120/><D120/><U123/><E123/><V66/><F66/><W85/><G85/><T44/><D44/><U128/><E14/><V80/><F87/><W99/><G99/><T48/><D97/><U65/><E33/><V86/><F86/><W5/><G5/><T23/><D23/><U67/><E30/><V21/><F21/><W102/><G102/><T4/><D4/><U89/><E29/><V20/><F20/><W35/><G35/><T119/><D119/><U54/><E79/><V130/><F100/><W135/><G135/><T90/><D31/><U78/><E78/><V76/><F76/><W73/><G73/><T113/><D90/><U28/><E28/><V117/><F117/><W107/><G107/><N who="2" m="41001" /><F130/><N who="3" m="49675" /><G45/><AGARI ba="0,0" hai="45,49,53,80,83" m="41001,9226,47722" machi="45" ten="30,5800,0" yaku="18,1,52,2" doraHai="77" who="2" fromWho="3" sc="229,0,249,0,310,58,212,-58" /><INIT seed="6,1,0,4,0,6" ten="229,249,368,154" oya="2" hai0="135,103,87,112,89,16,96,121,74,128,90,78,102" hai1="34,72,58,84,18,49,122,26,129,20,61,3,130" hai2="77,105,94,95,47,55,82,123,118,13,40,50,51" hai3="4,33,68,101,17,2,100,32,19,35,1,134,15"/><V5/><F118/><W52/><G68/><T107/><D121/><U31/><E72/><V63/><F105/><W113/><G52/><T59/><D112/><U7/><E122/><V99/><F123/><W67/><G67/><T93/><D59/><U117/><E117/><V81/><F63/><W36/><G36/><T115/><D115/><U110/><E110/><V71/><F71/><W65/><G65/><T76/><D128/><N who="1" m="49259" /><E49/><V62/><F62/><W126/><G113/><T46/><D46/><U56/><E84/><N who="2" m="48175" /><F82/><W92/><G92/><N who="0" m="54335" /><D16/><N who="3" m="6217" /><G101/><N who="0" m="38411" /><D135/><U22/><E18/><V24/><F24/><W28/><G100/><N who="0" m="62855" /><D74/><U125/><E58/><N who="2" m="33143" /><F99/><AGARI ba="1,0" hai="76,78,90,93,99" m="62855,38411,54335" machi="99" ten="30,8000,1" yaku="35,5" doraHai="6" who="0" fromWho="2" sc="229,83,249,0,368,-83,154,0" /><INIT seed="7,0,0,2,5,17" ten="312,249,285,154" oya="3" hai0="133,47,14,53,51,58,129,30,40,10,79,90,98" hai1="107,83,117,124,3,9,12,22,41,11,50,19,92" hai2="112,94,7,71,116,105,113,73,5,43,119,8,135" hai3="44,120,67,80,127,91,37,69,93,48,65,25,49"/><W38/><G120/><T82/><D133/><U101/><E107/><V28/><F105/><W104/><G104/><T134/><D134/><U96/><E124/><V55/><F135/><W54/><G127/><T21/><D129/><U59/><E117/><V42/><F73/><W99/><G38/><T36/><D98/><U102/><E102/><V4/><F8/><W61/><G37/><T72/><D30/><U27/><E3/><V33/><F71/><W63/><G80/><T52/><D90/><U131/><E131/><V110/><F110/><W34/><G34/><T29/><D29/><U75/><E75/><V1/><F1/><W85/><G25/><T106/><D53/><N who="1" m="32183" /><E41/><N who="2" m="15371" /><F94/><W100/><G48/><T46/><D106/><U128/><E128/><V125/><F55/><W77/><G77/><T111/><D111/><U18/><E83/><V0/><F0/><W66/><REACH who="3" step="1"/><G69/><REACH who="3" ten="312,249,285,144" step="2"/><T64/><D36/><U114/><E114/><N who="2" m="44139" /><F125/><W84/><G84/><T95/><D79/><U87/><E87/><V108/><F108/><W78/><G78/><T62/><D82/><U16/><E9/><V103/><F116/><W97/><G97/><T68/><D10/><U26/><E26/><V122/><F119/><W15/><G15/><T130/><D14/><U74/><E74/><V24/><F122/><W13/><G13/><T45/><D72/><U35/><E35/><V39/><F39/><W132/><G132/><T70/><D130/><U6/><AGARI ba="0,1" hai="6,11,12,16,18,19,22,27,92,96,101" m="32183" machi="6" ten="30,4000,0" yaku="8,1,52,1,54,1" doraHai="17" who="1" fromWho="1" sc="312,-10,249,50,285,-10,144,-20" owari="302,40.0,299,10.0,275,-12.0,124,-38.0" /></mjloggm>