<mjloggm ver="2.3"><GO type="169" lobby="0"/><UN n0="%E3%82%A6%E3%83%AB%E3%83%88%E3%83%A9%E7%AB%8B%E7%9B%B4" n1="%4D%72%2E%6E%69%6B%75%39" n2="%E7%84%9A%E3%81%8D%E7%81%AB" n3="%E5%AB%8C%E3%81%84%E3%81%98%E3%82%83%E3%81%AA%E3%81%84%E3%82%8F%EF%BC%81" dan="18,17,18,18" rate="2224.66,2212.96,2272.10,2188.00" sx="M,M,M,M"/><TAIKYOKU oya="0"/><INIT seed="0,0,0,2,4,73" ten="250,250,250,250" oya="0" hai0="93,17,109,52,100,29,116,107,1,47,114,16,88" hai1="35,65,15,84,34,48,3,11,56,118,70,43,64" hai2="105,63,83,122,19,94,36,98,120,75,27,53,45" hai3="62,110,33,14,92,39,119,0,77,90,10,112,123"/><T103/><D114/><U6/><E118/><V21/><F105/><W69/><G110/><T91/><D116/><U50/><E70/><V121/><F36/><W24/><G112/><T108/><D1/><U57/><E43/><V18/><F18/><N who="0" m="7274" /><D107/><U4/><E84/><V96/><F96/><W66/><G39/><T32/><D32/><U117/><E117/><V58/><F45/><W76/><G0/><T40/><D29/><U49/><E3/><V13/><F13/><W132/><G132/><T87/><D40/><U31/><E31/><V78/><REACH who="2" step="1"/><F121/><REACH who="2" ten="250,250,240,250" step="2"/><W68/><G123/><T102/><D109/><U2/><E2/><V115/><F115/><W41/><G14/><T113/><D113/><U131/><E15/><V135/><F135/><W101/><G119/><T59/><D108/><U28/><E6/><V54/><F54/><W74/><G24/><T72/><D72/><U133/><E4/><V22/><F22/><W25/><G25/><T82/><D47/><U97/><E35/><V7/><F7/><W55/><G74/><T124/><D124/><U125/><E125/><V127/><F127/><W26/><G26/><T44/><D44/><U130/><E133/><V42/><F42/><W99/><G41/><T67/><D67/><U30/><E65/><V12/><F12/><W23/><G33/><T129/><D129/><U37/><E64/><V111/><F111/><W5/><G55/><T86/><D103/><AGARI ba="0,1" hai="19,21,27,53,58,63,75,78,83,94,98,103,120,122" machi="103" ten="30,3900,0" yaku="1,1,7,1,52,1,53,0" doraHai="73" doraHaiUra="80" who="2" fromWho="0" sc="250,-39,250,0,240,49,250,0" /><INIT seed="1,0,0,2,5,4" ten="211,250,289,250" oya="1" hai0="102,1,78,2,108,106,62,13,17,25,40,81,123" hai1="3,42,117,91,33,74,18,8,38,112,76,109,49" hai2="134,5,70,87,83,52,97,58,94,20,92,80,41" hai3="23,47,105,12,43,126,11,51,30,110,133,44,65"/><U118/><E112/><V39/><F70/><W135/><G105/><T131/><D108/><U120/><E120/><V72/><F134/><N who="3" m="51211" /><G110/><T71/><D123/><U104/><E109/><V93/><F72/><W29/><G65/><T82/><D131/><U63/><E49/><V103/><F5/><N who="3" m="3183" /><G126/><T88/><D40/><U67/><E33/><V56/><F56/><W98/><G98/><T14/><D102/><U116/><E104/><V100/><F20/><W99/><G99/><T89/><D71/><U107/><E107/><V16/><F103/><W0/><G0/><T77/><D106/><U9/><E91/><V129/><F129/><W46/><G23/><T122/><D122/><U128/><E128/><V95/><F16/><W57/><G57/><T73/><D17/><U130/><E130/><V96/><F96/><W69/><G69/><T6/><D6/><U75/><E18/><V21/><F21/><W111/><G111/><T132/><D132/><U60/><E3/><V86/><F86/><W113/><G113/><T15/><D25/><U37/><E117/><V24/><F87/><W53/><G46/><T66/><D2/><U115/><E115/><V22/><F22/><W10/><G10/><T68/><REACH who="0" step="1"/><D1/><REACH who="0" ten="201,250,289,250" step="2"/><U35/><E42/><V19/><F19/><W84/><G29/><T127/><D127/><U28/><E28/><V26/><F24/><W48/><G30/><T55/><D55/><U7/><E7/><V59/><F26/><W85/><AGARI ba="0,1" hai="43,44,47,48,51,53,84,85" m="3183,51211" machi="85" ten="30,2000,0" yaku="20,1,52,1" doraHai="4" who="3" fromWho="3" sc="201,-5,250,-10,289,-5,250,30" /><INIT seed="2,0,0,0,3,11" ten="196,240,284,280" oya="2" hai0="53,22,124,20,108,65,122,72,21,43,67,73,40" hai1="129,10,41,86,80,18,34,70,48,106,84,74,81" hai2="1,85,60,93,27,47,98,116,94,29,57,78,135" hai3="30,109,12,17,26,15,119,115,24,51,126,123,13"/><V69/><F116/><W28/><G119/><T87/><D87/><U7/><E34/><V44/><F1/><W104/><G104/><T36/><D36/><U105/><E70/><V54/><F69/><W42/><G123/><T56/><D122/><U32/><E32/><V91/><F135/><W14/><G109/><T4/><D4/><U112/><E74/><N who="0" m="28777" /><D56/><U90/><E112/><V63/><F63/><W128/><G126/><T58/><D58/><U37/><E37/><V95/><F78/><W107/><G107/><T118/><D118/><U0/><E129/><V88/><REACH who="2" step="1"/><F95/><REACH who="2" ten="196,240,274,280" step="2"/><W5/><G128/><T114/><D114/><U49/><E105/><V38/><F38/><W59/><G115/><T76/><D76/><U52/><E106/><V111/><F111/><W110/><G110/><T3/><D108/><U9/><E0/><V39/><F39/><W64/><G5/><T134/><D3/><U113/><E7/><V117/><F117/><W71/><G71/><T96/><D134/><U82/><E113/><V131/><F131/><W68/><G68/><T16/><D124/><U23/><E49/><V100/><F100/><W125/><G125/><T127/><D127/><U55/><E48/><V133/><F133/><W130/><G130/><T92/><D92/><U25/><E81/><V120/><F120/><W8/><G51/><T35/><D67/><U61/><E61/><V77/><F77/><W89/><G64/><T79/><D65/><U31/><E82/><V19/><F19/><W83/><G17/><T121/><D16/><U101/><E18/><V97/><F97/><RYUUKYOKU ba="0,1" sc="196,-10,240,-10,274,30,280,-10" hai2="27,29,44,47,54,57,60,85,88,91,93,94,98" /><INIT seed="2,1,1,4,1,69" ten="186,230,304,270" oya="2" hai0="84,120,39,130,99,59,0,7,36,90,123,109,11" hai1="77,131,81,44,17,134,119,93,100,32,75,21,116" hai2="118,34,23,104,121,67,14,76,82,55,73,91,35" hai3="6,60,65,88,95,25,68,66,63,37,18,16,47"/><V42/><F118/><W50/><G37/><T98/><D109/><U111/><E32/><V92/><F121/><W33/><G6/><T31/><D130/><U49/><E111/><V102/><F67/><W71/><G33/><T124/><D124/><U105/><E105/><V103/><F103/><W4/><G4/><T52/><D31/><U79/><E134/><V107/><F107/><W41/><G25/><T110/><D110/><U86/><E131/><V12/><F55/><W24/><G24/><T56/><D56/><U117/><E79/><V126/><F126/><W78/><G78/><T106/><D123/><U135/><E135/><V43/><F35/><W96/><AGARI ba="1,1" hai="16,18,41,47,50,60,63,65,66,68,71,88,95,96" machi="96" ten="20,8000,1" yaku="0,1,7,1,9,1,54,2" doraHai="69" who="3" fromWho="3" sc="186,-21,230,-21,304,-41,270,93" /><INIT seed="3,0,0,0,2,21" ten="165,209,263,363" oya="3" hai0="116,23,49,101,22,19,95,81,99,14,135,134,48" hai1="73,67,79,11,53,96,125,5,28,7,37,45,24" hai2="51,122,106,89,52,38,131,83,126,94,90,54,110" hai3="33,31,47,32,124,82,39,77,66,121,111,108,62"/><W72/><G121/><T102/><D116/><U69/><E125/><V63/><F126/><W55/><G124/><T26/><D102/><U46/><E37/><V87/><F122/><W119/><G119/><T100/><D100/><U59/><E69/><V114/><F114/><W88/><G88/><T65/><D65/><U71/><E71/><V6/><F38/><W17/><G17/><T76/><D135/><U84/><E73/><V56/><F106/><W61/><G61/><T10/><D134/><U60/><E96/><V127/><F127/><W97/><G97/><T40/><D40/><U9/><E53/><V34/><F110/><N who="3" m="42027" /><G31/><T25/><D76/><U107/><E107/><V104/><F104/><W113/><G113/><T8/><D81/><U43/><E7/><V128/><F6/><W123/><G123/><T132/><D132/><U12/><E9/><V29/><F29/><W0/><G0/><T93/><D93/><U15/><E28/><V20/><F20/><N who="0" m="7722" /><D8/><U57/><E11/><V30/><F30/><W129/><G129/><T44/><D44/><U42/><E46/><V27/><F90/><W105/><G105/><T4/><D4/><U103/><E45/><N who="2" m="27759" /><F94/><W41/><G55/><T98/><D98/><U130/><E5/><V13/><F13/><W120/><G120/><T86/><D86/><U70/><E12/><V75/><F75/><W115/><G115/><T133/><D133/><U3/><E15/><V64/><F54/><W109/><N who="3" m="42035" /><W78/><DORA hai="91" /><G78/><T68/><D68/><AGARI ba="0,0" hai="32,33,39,41,47,62,66,68,72,77,82" m="42035" machi="68" ten="40,7700,0" yaku="14,1,10,1,23,1" doraHai="21,91" who="3" fromWho="0" sc="165,-77,209,0,263,0,363,77" /><INIT seed="3,1,0,0,1,68" ten="88,209,263,440" oya="3" hai0="51,1,118,87,106,95,27,123,53,75,76,26,88" hai1="121,65,108,69,2,40,90,6,111,57,39,32,13" hai2="0,15,128,17,103,71,107,66,3,92,10,81,124" hai3="112,117,7,24,31,115,86,62,134,63,110,41,67"/><W9/><G117/><T83/><D1/><U96/><E121/><V14/><F107/><W130/><G134/><T5/><D5/><U77/><E32/><V30/><F81/><W82/><G130/><T70/><D123/><U72/><E13/><V4/><F71/><W133/><G133/><T114/><D118/><U98/><E57/><V125/><F66/><W113/><G41/><T52/><D70/><U25/><E25/><V79/><F79/><W73/><G73/><T23/><D114/><U105/><E90/><V84/><F84/><W61/><G110/><T74/><D106/><U42/><E42/><V38/><F38/><W64/><G9/><T135/><D135/><U37/><E98/><V99/><F128/><W85/><G7/><T8/><D8/><N who="1" m="2135" /><E40/><V80/><F80/><W55/><G55/><T21/><D75/><U19/><E19/><V78/><F78/><W49/><G49/><T47/><REACH who="0" step="1"/><D53/><REACH who="0" ten="78,209,263,440" step="2"/><U89/><E72/><V46/><F0/><W119/><G119/><T33/><D33/><U100/><E69/><V102/><F3/><W122/><G122/><T45/><D45/><U94/><E108/><V43/><F46/><W12/><G112/><T132/><D132/><U129/><E111/><V20/><F4/><W56/><G113/><T34/><D34/><U131/><E65/><V48/><F10/><W109/><G67/><T120/><D120/><U60/><E131/><V116/><F116/><W22/><G64/><T44/><D44/><U29/><E129/><V35/><F35/><W11/><G115/><T18/><D18/><U126/><E105/><RYUUKYOKU ba="1,1" sc="78,30,209,-10,263,-10,440,-10" hai0="21,23,26,27,47,51,52,74,76,83,87,88,95" /><INIT seed="4,2,1,2,1,6" ten="108,199,253,430" oya="0" hai0="89,120,64,74,83,46,1,110,48,56,2,35,11" hai1="16,131,72,133,42,18,34,126,17,22,59,127,117" hai2="87,45,132,84,23,104,97,38,122,40,123,55,114" hai3="15,20,60,98,47,63,4,9,106,107,115,108,76"/><T67/><D120/><U77/><E117/><V68/><F132/><W54/><G108/><T71/><D110/><U66/><E34/><V21/><F114/><W102/><G115/><T85/><D35/><U116/><E116/><V130/><F130/><W79/><G107/><T65/><D71/><U32/><E32/><V7/><F123/><W121/><G121/><T91/><D74/><U93/><E133/><V73/><F73/><W0/><G63/><T10/><D56/><U70/><E70/><V95/><F122/><W58/><G47/><T103/><D103/><U61/><E131/><V109/><F109/><W30/><G0/><T99/><D1/><U75/><E42/><V96/><F104/><W29/><G20/><T33/><D33/><U90/><E22/><V52/><F97/><W128/><G128/><T51/><D2/><U28/><E28/><V62/><F7/><W134/><G134/><T5/><D5/><U82/><REACH who="1" step="1"/><E72/><REACH who="1" ten="108,189,253,430" step="2"/><V129/><F23/><W43/><G43/><N who="0" m="24671" /><D51/><U119/><E119/><V19/><F129/><W36/><G36/><T37/><D37/><U112/><E112/><V81/><F68/><W124/><G30/><T26/><D26/><U25/><E25/><V101/><F38/><W69/><G29/><T53/><D53/><U78/><E78/><N who="3" m="29738" /><G69/><T80/><D80/><U135/><E135/><V118/><F118/><W12/><G54/><N who="2" m="20521" /><F81/><W111/><G111/><T105/><D105/><U13/><E13/><N who="2" m="9455" /><F62/><W41/><G60/><T94/><AGARI ba="2,2" hai="10,11,64,65,67,83,85,89,91,94,99" m="24671" machi="94" ten="30,6000,0" yaku="8,1,52,2" doraHai="6" who="0" fromWho="0" sc="108,86,189,-22,253,-22,430,-22" /><INIT seed="4,3,0,5,0,33" ten="194,167,231,408" oya="0" hai0="42,106,48,98,112,115,26,44,61,27,52,9,93" hai1="86,16,79,21,67,14,99,125,109,85,75,135,119" hai2="18,117,6,105,17,87,19,53,104,31,101,90,65" hai3="123,81,73,8,74,35,47,13,120,57,121,127,118"/><T46/><D106/><U23/><E109/><V60/><F117/><W102/><G118/><T76/><D76/><U66/><E119/><V77/><F53/><W95/><G35/><T116/><D116/><U64/><E135/><V5/><F31/><W41/><G127/><T15/><D112/><U113/><E113/><V54/><F54/><W128/><G128/><T39/><D61/><U51/><E125/><V122/><F122/><W103/><G57/><T84/><D84/><U50/><E75/><N who="3" m="28682" /><G95/><T37/><D37/><U131/><E131/><V2/><F77/><W91/><G91/><T69/><D69/><U68/><E68/><V114/><F114/><W63/><G63/><T133/><D133/><U58/><E99/><V4/><F2/><W71/><G81/><T100/><REACH who="0" step="1"/><D115/><REACH who="0" ten="184,167,231,408" step="2"/><U49/><E79/><V10/><F105/><W32/><G71/><T25/><D25/><U111/><E111/><V80/><F104/><W124/><G120/><T97/><D97/><U108/><E108/><V110/><F110/><W134/><G134/><T72/><D72/><U0/><E86/><V24/><F24/><W30/><G121/><T29/><D29/><U62/><E85/><V107/><F60/><W20/><G123/><T12/><D12/><U59/><E0/><N who="2" m="263" /><F65/><N who="1" m="25193" /><E59/><V1/><F1/><W40/><G13/><T89/><D89/><U34/><E34/><V83/><F80/><W43/><G32/><T130/><D130/><U129/><E129/><V36/><F36/><W3/><G3/><T70/><D70/><U126/><E126/><V45/><F45/><W82/><G47/><RYUUKYOKU ba="3,1" sc="184,10,167,10,231,10,408,-30" hai0="9,15,26,27,39,42,44,46,48,52,93,98,100" hai1="14,16,21,23,49,50,51,58,62,67" hai2="5,6,17,18,19,83,87,90,101,107" /><INIT seed="4,4,1,1,0,24" ten="194,177,241,378" oya="0" hai0="76,134,93,103,73,123,37,69,16,26,83,5,19" hai1="97,115,50,105,18,65,59,108,42,46,22,35,6" hai2="130,36,131,0,101,13,117,15,91,84,55,114,135" hai3="14,61,64,34,38,32,100,121,20,28,47,118,4"/><T104/><D123/><U63/><E108/><V99/><F0/><W49/><G118/><T27/><D37/><U2/><E35/><V41/><F55/><W79/><G38/><T54/><D69/><U80/><E115/><V51/><F36/><W94/><G79/><T96/><D134/><U78/><E2/><V125/><F117/><W74/><G74/><T23/><D5/><U122/><E6/><V9/><F114/><W12/><G12/><T10/><D54/><U11/><E11/><V102/><F125/><W113/><G121/><T87/><D10/><U39/><E122/><V129/><F135/><W86/><G86/><T85/><REACH who="0" step="1"/><D104/><REACH who="0" ten="184,177,241,378" step="2"/><U72/><E39/><V81/><F9/><W124/><G4/><T43/><D43/><U116/><E116/><V33/><F41/><W8/><G8/><T58/><D58/><U31/><E105/><V88/><F131/><W71/><G113/><T67/><D67/><U120/><E120/><V109/><F130/><W29/><G64/><T53/><D53/><U57/><E57/><V17/><F129/><W132/><G71/><T40/><D40/><U3/><E3/><V127/><F127/><W111/><G124/><T66/><D66/><U119/><E119/><V60/><F109/><W126/><G132/><T25/><D25/><U106/><E106/><V52/><F52/><N who="3" m="29759" /><G111/><T90/><D90/><U89/><E89/><V128/><F91/><W92/><G126/><T30/><D30/><U82/><E31/><V7/><F128/><W48/><G28/><T112/><D112/><U110/><E110/><V44/><F7/><RYUUKYOKU ba="4,2" sc="184,30,177,-10,241,-10,378,-10" hai0="16,19,23,26,27,73,76,83,85,87,93,96,103" /><INIT seed="4,5,2,2,2,86" ten="214,167,231,368" oya="0" hai0="124,133,0,79,66,53,25,83,9,114,125,19,76" hai1="47,60,62,10,120,75,29,8,71,50,65,131,41" hai2="119,67,49,109,6,97,51,39,105,98,93,44,128" hai3="58,45,13,74,106,80,90,5,72,88,69,70,130"/><T7/><D66/><U20/><E120/><V92/><F109/><W32/><G32/><T56/><D114/><U123/><E123/><V31/><F105/><W103/><G58/><T132/><D25/><U48/><E75/><V38/><F6/><W87/><G103/><T61/><D19/><U112/><E112/><V52/><F128/><W99/><G106/><T14/><D0/><U28/><E131/><V127/><F127/><N who="0" m="48714" /><D79/><U12/><E60/><V11/><F11/><W117/><G117/><T121/><D121/><U54/><E20/><V36/><F119/><W110/><G110/><T134/><D133/><U23/><E23/><V82/><F82/><W24/><G24/><T46/><D46/><U84/><E84/><AGARI ba="5,2" hai="7,9,14,53,56,61,76,83,84,132,134" m="48714" machi="84" ten="30,1500,0" yaku="18,1" doraHai="86" who="0" fromWho="1" sc="214,50,167,-30,231,0,368,0" /><INIT seed="4,6,0,1,3,58" ten="264,137,231,368" oya="0" hai0="126,13,120,30,28,64,29,69,12,56,131,59,94" hai1="6,20,41,106,133,111,55,130,70,33,91,66,53" hai2="38,4,122,27,92,62,37,82,112,104,26,108,119" hai3="8,5,135,19,79,3,15,124,75,45,100,96,73"/><T98/><D120/><U74/><E74/><V50/><F104/><W105/><G124/><T87/><D131/><U81/><E33/><V107/><F107/><W11/><G135/><T85/><D126/><U67/><E106/><V44/><F108/><W89/><G79/><T129/><D69/><U102/><E111/><V86/><F119/><W60/><G45/><T125/><D125/><U18/><E133/><V22/><F112/><W128/><G128/><T83/><D129/><U115/><E115/><V101/><F4/><W14/><G89/><N who="0" m="55631" /><D87/><N who="1" m="50671" /><E70/><V114/><F122/><W47/><G47/><T90/><D59/><U61/><E102/><V110/><F110/><W113/><G113/><T39/><D39/><U118/><E118/><V132/><F132/><W31/><G31/><T63/><AGARI ba="6,0" hai="12,13,28,29,30,56,63,64,83,85,90" m="55631" machi="63" ten="30,3000,0" yaku="8,1,52,1" doraHai="58" who="0" fromWho="0" sc="264,48,137,-16,231,-16,368,-16" /><INIT seed="4,7,0,4,0,67" ten="312,121,215,352" oya="0" hai0="19,59,39,90,109,35,18,94,91,47,30,98,27" hai1="54,77,28,130,24,99,118,34,69,42,113,17,120" hai2="9,80,78,5,127,117,50,106,125,32,26,10,103" hai3="100,110,83,111,52,0,14,62,55,38,119,87,86"/><T68/><D68/><U66/><E118/><V128/><F117/><W82/><G0/><T23/><D109/><U2/><E120/><V97/><F128/><W122/><G119/><T33/><D59/><U84/><E130/><V43/><F26/><W102/><G38/><T88/><D19/><U1/><E113/><V107/><F106/><W53/><G14/><T6/><D6/><U41/><E54/><V57/><F32/><W76/><G62/><T48/><D39/><U15/><E99/><V74/><F10/><W93/><G122/><T104/><D104/><U64/><E64/><V85/><F74/><W63/><G63/><T25/><REACH who="0" step="1"/><D35/><REACH who="0" ten="302,121,215,352" step="2"/><U61/><E2/><V115/><F57/><W123/><G123/><T44/><D44/><U108/><E1/><V4/><F4/><W12/><G110/><T131/><D131/><U58/><E58/><V126/><F115/><W92/><G111/><T124/><D124/><U21/><E108/><V81/><F5/><W95/><G12/><T133/><D133/><U31/><E31/><V134/><F134/><W71/><G71/><T114/><D114/><U129/><E129/><V40/><F127/><W56/><G56/><T72/><D72/><U89/><REACH who="1" step="1"/><E77/><AGARI ba="7,1" hai="52,53,55,76,77,82,83,86,87,92,93,95,100,102" machi="77" ten="40,5200,0" yaku="9,1,8,1,54,1" doraHai="67" who="3" fromWho="1" sc="302,0,121,-73,215,0,352,83" /><INIT seed="5,0,0,5,4,111" ten="302,48,215,435" oya="1" hai0="106,121,104,126,78,13,18,96,123,50,61,20,70" hai1="122,34,62,59,130,26,91,66,75,63,52,36,115" hai2="97,55,33,110,15,88,38,82,25,101,133,49,5" hai3="128,35,69,19,119,8,127,12,11,57,125,10,46"/><U100/><E122/><N who="0" m="46601" /><D126/><N who="3" m="48137" /><G69/><T84/><D50/><U98/><E75/><V16/><F110/><W99/><G35/><T65/><D96/><U42/><E130/><V68/><F38/><W54/><G128/><T79/><D84/><U58/><E115/><V21/><F68/><W9/><G99/><T85/><D85/><U112/><E112/><V86/><F133/><W47/><G119/><T113/><D113/><U45/><E91/><V77/><F33/><W135/><G135/><T129/><D129/><U118/><E118/><V92/><F5/><W4/><G4/><T72/><D72/><U109/><E109/><V29/><F29/><W71/><G71/><T124/><D124/><U132/><E132/><V32/><F32/><W48/><AGARI ba="0,0" hai="8,9,10,11,12,19,46,47,48,54,57" m="48137" machi="48" ten="30,1100,0" yaku="18,1" doraHai="111" who="3" fromWho="3" sc="302,-3,48,-5,215,-3,435,11" /><INIT seed="6,0,0,4,3,11" ten="299,43,212,446" oya="2" hai0="78,55,122,97,20,73,45,114,16,121,91,26,23" hai1="61,92,123,66,8,104,120,93,85,74,56,3,5" hai2="30,53,77,126,64,4,80,79,115,59,2,130,25" hai3="24,29,62,42,113,108,14,133,52,44,103,129,75"/><V39/><F64/><W13/><G108/><T43/><D114/><U15/><E74/><V88/><F39/><W96/><G75/><T128/><D128/><U102/><E104/><V49/><F115/><W118/><G118/><T81/><D55/><U46/><E46/><V101/><F130/><W12/><G133/><T17/><D91/><U19/><E102/><V119/><F119/><W21/><G129/><T32/><D32/><U109/><E109/><V111/><F111/><W22/><G113/><T117/><D97/><U36/><E36/><V38/><F38/><W69/><G42/><T110/><D110/><U125/><E125/><V54/><F126/><W83/><G83/><T132/><D132/><U6/><E6/><V135/><F135/><W87/><G87/><T40/><D117/><U76/><E76/><V35/><F101/><W9/><G9/><T86/><D73/><U131/><E131/><V134/><F134/><W116/><G44/><T99/><D99/><U94/><REACH who="1" step="1"/><E85/><REACH who="1" ten="299,33,212,446" step="2"/><N who="2" m="50215" /><F79/><W72/><G103/><T57/><D78/><U58/><E58/><N who="2" m="33071" /><F77/><W51/><G72/><T18/><D45/><U98/><E98/><V90/><F4/><W112/><G96/><T48/><D57/><U0/><E0/><V60/><F2/><W106/><G106/><T84/><D86/><U67/><E67/><V33/><F90/><W10/><G112/><T50/><D84/><U63/><E63/><V28/><F60/><W71/><G62/><T70/><D81/><U27/><E27/><N who="2" m="18591" /><F59/><N who="3" m="33183" /><G116/><T34/><D26/><U1/><E1/><V82/><F25/><W68/><G24/><RYUUKYOKU ba="0,1" sc="299,-10,33,30,212,-10,446,-10" hai1="3,5,8,15,19,56,61,66,92,93,94,120,123" /><INIT seed="7,1,1,0,4,60" ten="289,63,202,436" oya="3" hai0="2,67,134,131,55,58,59,92,109,110,120,86,15" hai1="130,12,66,132,78,101,49,38,96,44,103,98,118" hai2="94,35,73,42,26,10,11,102,25,99,63,23,114" hai3="41,6,128,117,28,64,5,0,29,32,37,123,72"/><W50/><G117/><T80/><D2/><U95/><E38/><V19/><F114/><W108/><G37/><T22/><D120/><U75/><E118/><V3/><F73/><W34/><G72/><T16/><D131/><U106/><E130/><V61/><F42/><W53/><G41/><T20/><D134/><U52/><E132/><V39/><F39/><W33/><G123/><T56/><D109/><U13/><E75/><V84/><F84/><W104/><G0/><T47/><D110/><U91/><E78/><V87/><F87/><W77/><G104/><T9/><D92/><U125/><E125/><V82/><F82/><W18/><G18/><T97/><D97/><U30/><E30/><V100/><F35/><W88/><G53/><T45/><D67/><U126/><E126/><V46/><F46/><N who="0" m="17418" /><D55/><U48/><E48/><V57/><F63/><W27/><G50/><T36/><D36/><U43/><E43/><V69/><F69/><W129/><G27/><T4/><D4/><U83/><E83/><V71/><F71/><W89/><G89/><AGARI ba="1,1" hai="9,15,16,20,22,56,58,59,80,86,89" m="17418" machi="89" ten="30,2000,0" yaku="8,1,54,1" doraHai="60" who="0" fromWho="3" sc="289,33,63,0,202,0,436,-23" owari="322,12.0,63,-44.0,202,-20.0,413,52.0" /></mjloggm>