<mjloggm ver="2.3"><GO type="169" lobby="0"/><UN n0="%E8%8A%B1%E6%A1%9C%E9%87%8C" n1="%E7%90%B4%E5%90%B9%E3%83%92%E3%82%AB%E3%83%AA" n2="%E3%83%88%E3%83%88%E3%83%AA%E5%85%88%E7%94%9F%31%39%E6%AD%B3" n3="%73%61%6E%64%69%72%69%73" dan="16,17,19,19" rate="2121.31,2116.49,2314.43,2308.36" sx="M,F,F,M"/><TAIKYOKU oya="0"/><INIT seed="0,0,0,4,5,86" ten="250,250,250,250" oya="0" hai0="131,11,128,77,10,100,20,122,115,95,47,70,48" hai1="40,96,80,113,24,118,12,38,9,117,132,4,81" hai2="14,49,69,103,8,129,85,18,76,73,32,62,106" hai3="72,2,112,59,21,79,123,83,135,56,116,3,102"/><T65/><D122/><U87/><E132/><V0/><F32/><W93/><G112/><T61/><D115/><U6/><E113/><V89/><F129/><N who="0" m="49738" /><D77/><U52/><E4/><V25/><F0/><W133/><G116/><T23/><D95/><U74/><E74/><V94/><F25/><W31/><G123/><T30/><D100/><U119/><E96/><V50/><F62/><W64/><G2/><T104/><D104/><U57/><E24/><V36/><F36/><W66/><G3/><T98/><D98/><U88/><E38/><V53/><F69/><W71/><G71/><T101/><D101/><U28/><E40/><V43/><F43/><W44/><G44/><T45/><D45/><U111/><E111/><V127/><F53/><W130/><G130/><T37/><D23/><U121/><E121/><V17/><F127/><W68/><G93/><T109/><D37/><U114/><E114/><V19/><F103/><W54/><G102/><T108/><D20/><U63/><REACH who="1" step="1"/><E81/><REACH who="1" ten="250,240,250,250" step="2"/><N who="2" m="47271" /><F73/><W15/><G135/><T125/><D30/><AGARI ba="0,1" hai="6,9,12,28,30,52,57,63,80,87,88,117,118,119" machi="30" ten="40,8000,1" yaku="1,1,52,1,54,2,53,0" doraHai="86" doraHaiUra="33" who="1" fromWho="0" sc="250,-80,240,90,250,0,250,0" /><INIT seed="1,0,0,4,1,111" ten="170,330,250,250" oya="1" hai0="134,7,81,13,82,29,69,27,132,58,44,104,119" hai1="92,0,99,20,14,100,105,79,62,53,30,90,6" hai2="130,2,107,15,10,121,8,67,83,129,89,135,106" hai3="31,128,74,126,93,115,48,40,113,70,108,101,42"/><U1/><E79/><V32/><F121/><W98/><G70/><T68/><D104/><U24/><E6/><N who="2" m="1111" /><F32/><W43/><G74/><T50/><D58/><U78/><E78/><V22/><F22/><W125/><G108/><T9/><D119/><U59/><REACH who="1" step="1"/><E14/><REACH who="1" ten="170,320,250,250" step="2"/><V56/><F15/><W77/><G77/><T34/><D68/><U47/><E47/><V39/><F129/><W49/><G128/><T114/><D69/><U94/><E94/><V116/><F107/><W102/><G102/><T21/><D82/><U16/><E16/><V87/><F106/><W63/><G31/><T61/><D81/><U124/><E124/><N who="3" m="47722" /><G63/><T97/><D61/><U112/><E112/><AGARI ba="0,1" hai="40,42,43,48,49,93,98,101,112,113,115" m="47722" machi="112" ten="40,8000,1" yaku="18,1,52,3" doraHai="111" who="3" fromWho="1" sc="170,0,320,-80,250,0,250,90" /><INIT seed="2,0,0,4,1,73" ten="170,240,250,340" oya="2" hai0="85,50,28,12,1,80,43,111,33,101,96,47,11" hai1="119,23,75,25,78,4,62,88,134,81,35,100,7" hai2="114,22,84,51,64,104,53,31,36,21,87,27,121" hai3="26,113,117,95,49,45,106,118,110,44,130,17,10"/><V91/><F114/><W109/><G106/><T123/><D1/><U59/><E119/><V9/><F121/><W89/><G130/><T57/><D123/><U107/><E35/><V99/><F36/><W133/><G133/><T115/><D115/><U55/><E134/><V3/><F64/><W77/><G113/><T66/><D33/><U132/><E132/><V37/><F37/><W52/><G45/><T61/><D28/><U6/><E107/><V126/><F126/><W127/><G127/><T108/><D96/><U72/><E100/><V79/><F21/><N who="3" m="13615" /><G10/><T42/><D101/><U13/><E72/><V82/><F104/><W60/><G60/><T74/><D74/><U56/><E56/><V125/><F125/><W90/><G77/><T98/><D98/><U92/><E13/><V58/><F99/><N who="3" m="57839" /><G90/><T30/><D30/><U116/><E116/><V105/><F105/><W103/><G103/><T39/><D39/><U24/><REACH who="1" step="1"/><E23/><REACH who="1" ten="170,230,250,340" step="2"/><V16/><F3/><W120/><G120/><T40/><D111/><AGARI ba="0,1" hai="44,49,52,109,110,111,117,118" m="57839,13615" machi="111" ten="30,2000,0" yaku="14,1,54,1" doraHai="73" who="3" fromWho="0" sc="170,-20,230,0,250,0,340,30" /><INIT seed="3,0,0,1,3,99" ten="150,230,250,370" oya="3" hai0="103,10,131,71,32,24,73,67,68,53,125,34,91" hai1="93,104,37,88,43,19,101,56,8,12,61,39,92" hai2="108,13,55,134,2,85,130,126,45,22,23,95,5" hai3="90,16,124,106,77,51,44,121,58,94,35,50,117"/><W38/><G117/><T1/><D91/><U47/><E39/><V40/><F2/><W114/><G121/><T65/><D53/><U74/><E74/><V105/><F105/><W107/><G114/><T0/><D73/><U26/><E26/><V54/><F108/><W135/><G35/><T132/><D24/><U17/><E19/><V84/><F130/><W4/><G4/><T122/><D10/><U111/><E111/><V60/><F134/><W83/><G124/><T59/><D59/><U110/><E110/><V6/><F126/><W48/><G135/><T66/><D125/><U63/><E56/><V42/><F95/><W21/><G38/><T9/><D9/><U100/><E104/><V41/><F41/><W33/><G33/><N who="0" m="12907" /><D132/><U89/><E63/><V28/><F45/><W120/><G120/><T118/><D122/><U7/><E61/><V18/><F60/><W80/><G44/><T64/><D118/><U14/><E14/><V70/><F18/><W46/><G46/><T119/><D119/><U81/><E17/><V27/><F27/><N who="3" m="14759" /><G77/><T115/><D115/><U75/><E75/><V127/><F127/><W3/><G3/><N who="0" m="1099" /><D131/><U129/><E129/><V82/><F13/><W113/><G113/><T31/><D31/><U15/><E15/><V20/><F20/><W96/><G58/><T78/><D78/><U25/><E25/><V72/><F72/><W109/><G109/><T98/><N who="0" m="16384" /><DORA hai="133" /><T52/><D52/><U62/><E12/><V79/><F79/><W49/><G49/><T36/><D36/><U11/><E37/><V30/><F82/><AGARI ba="0,0" hai="48,50,51,80,82,83,90,94,96,106,107" m="14759" machi="82" ten="30,2900,0" yaku="6,1,54,1" doraHai="99,133" who="3" fromWho="2" sc="150,0,230,0,250,-29,370,29" /><INIT seed="3,1,0,1,0,4" ten="150,230,221,399" oya="3" hai0="40,121,66,77,122,82,27,6,33,3,0,14,46" hai1="125,133,62,31,58,129,116,59,114,102,90,25,98" hai2="11,104,109,43,30,100,74,115,57,106,32,24,8" hai3="89,112,118,85,23,126,36,29,94,99,56,41,101"/><W64/><G112/><T13/><D66/><U28/><E114/><V69/><F115/><W124/><G118/><T73/><D0/><U113/><E113/><V22/><F69/><W37/><G41/><T26/><D14/><U123/><E123/><V39/><F74/><W63/><G37/><N who="0" m="21775" /><D13/><U52/><E116/><V111/><F32/><W128/><G36/><T81/><D81/><U20/><E129/><V107/><F100/><W135/><G128/><T96/><D96/><U45/><E125/><V76/><F76/><W75/><G75/><T68/><D27/><U127/><E127/><V61/><F43/><W84/><G135/><T47/><D47/><U19/><E133/><V21/><F21/><W53/><G53/><T87/><D87/><N who="3" m="33353" /><G89/><T88/><D88/><U132/><E132/><V86/><F86/><W12/><G12/><T117/><D68/><U2/><E2/><V35/><F35/><W131/><G131/><T78/><D78/><U119/><E119/><V38/><F39/><W17/><G17/><T95/><D95/><N who="1" m="56695" /><E102/><V97/><F97/><W48/><G48/><T9/><D117/><U16/><E19/><V18/><F18/><W92/><G92/><T42/><D42/><U93/><E93/><V34/><F34/><W105/><G105/><T55/><D55/><N who="1" m="34175" /><E45/><V51/><F38/><W110/><G110/><N who="2" m="41993" /><F51/><AGARI ba="1,0" hai="16,20,25,28,31,51,52,58" m="34175,56695" machi="51" ten="30,7700,0" yaku="25,1,8,1,54,2" doraHai="4" who="1" fromWho="2" sc="150,0,230,80,221,-80,399,0" /><INIT seed="4,0,0,0,3,26" ten="150,310,141,399" oya="0" hai0="117,76,102,109,36,31,11,107,63,74,122,15,24" hai1="22,66,40,39,55,2,6,60,133,62,100,81,85" hai2="95,5,0,20,93,54,82,59,45,35,14,72,91" hai3="80,88,128,135,1,134,65,111,78,120,89,129,79"/><T58/><D117/><U104/><E104/><V64/><F35/><W114/><G1/><T121/><D36/><U67/><E100/><V23/><F0/><W48/><G65/><T3/><D3/><U118/><E118/><V130/><F130/><N who="3" m="50283" /><G48/><T25/><D25/><U86/><E39/><V10/><F72/><N who="3" m="43079" /><G111/><T84/><D74/><U27/><E40/><V83/><F45/><W132/><G114/><T50/><D50/><U75/><E66/><V124/><F124/><W77/><G120/><T119/><D119/><U113/><E113/><V57/><F95/><W131/><N who="3" m="50291" /><W125/><DORA hai="19" /><G125/><T115/><D109/><U98/><E67/><V70/><F70/><W47/><G47/><T29/><D115/><U56/><E60/><N who="2" m="37919" /><F82/><W127/><G127/><T53/><D122/><U51/><E81/><V34/><F34/><W103/><G103/><T17/><D121/><U12/><E2/><V44/><F83/><W126/><G126/><T101/><D107/><U108/><E75/><V61/><F44/><W42/><G42/><T49/><D76/><AGARI ba="0,0" hai="76,77,79,88,89,132,134,135" m="43079,50291" machi="76" ten="50,8000,1" yaku="20,1,19,1,34,2,54,1" doraHai="26,19" who="3" fromWho="0" sc="150,-80,310,0,141,0,399,80" /><INIT seed="5,0,0,5,3,29" ten="70,310,141,479" oya="1" hai0="69,83,128,88,72,34,50,31,2,64,132,57,126" hai1="36,74,80,78,3,13,116,70,89,46,114,20,117" hai2="4,104,123,54,122,129,53,109,32,124,59,21,24" hai3="101,135,45,112,120,52,49,33,10,25,11,79,19"/><U115/><E3/><V17/><F109/><W103/><G120/><T99/><D2/><U35/><E70/><V86/><F104/><W75/><G112/><N who="1" m="43050" /><E89/><V119/><F119/><N who="1" m="45641" /><E13/><V105/><F105/><W95/><G135/><T15/><D132/><U102/><E20/><V130/><F124/><W55/><G79/><T118/><D126/><U100/><E35/><V37/><F37/><W96/><G75/><T61/><D15/><U85/><E46/><V30/><F86/><W65/><G65/><T93/><D128/><N who="2" m="49258" /><F4/><W66/><G66/><T41/><D118/><U84/><E36/><V67/><F67/><W77/><G77/><T68/><D72/><U51/><E51/><N who="2" m="31167" /><F54/><W23/><G103/><AGARI ba="0,0" hai="74,78,80,84,85,100,102,103" m="45641,43050" machi="103" ten="30,5800,0" yaku="15,1,34,2" doraHai="29" who="1" fromWho="3" sc="70,0,310,58,141,0,479,-58" /><INIT seed="5,1,0,2,4,119" ten="70,368,141,421" oya="1" hai0="131,71,31,123,77,32,101,36,23,34,54,120,78" hai1="3,63,94,74,38,11,124,60,122,1,110,9,99" hai2="57,103,92,61,80,29,135,67,72,76,20,45,84" hai3="4,89,24,43,114,64,100,46,107,75,98,25,79"/><U8/><E38/><V118/><F118/><W14/><G114/><T83/><D36/><U82/><E124/><V27/><F135/><W127/><G127/><T19/><D71/><U62/><E110/><V10/><F10/><W42/><G64/><T81/><D101/><U117/><E117/><V104/><F104/><W5/><G43/><T125/><D54/><U86/><E74/><V108/><F108/><W0/><G89/><T95/><D95/><U102/><REACH who="1" step="1"/><E122/><REACH who="1" ten="70,358,141,421" step="2"/><N who="0" m="46633" /><D125/><U15/><E15/><V126/><F72/><W93/><G14/><N who="0" m="9719" /><D131/><U91/><AGARI ba="1,1" hai="1,3,8,9,11,60,62,63,82,86,91,94,99,102" machi="91" ten="30,12000,1" yaku="1,1,0,1,53,3" doraHai="119" doraHaiUra="7" who="1" fromWho="1" sc="70,-41,358,133,141,-41,421,-41" /><INIT seed="5,2,0,2,2,121" ten="29,491,100,380" oya="1" hai0="43,83,41,15,48,90,117,132,103,102,37,42,122" hai1="94,35,36,22,31,20,39,70,97,78,29,68,119" hai2="73,71,11,108,54,58,32,45,25,109,110,135,5" hai3="91,84,112,17,34,100,50,13,60,89,101,59,115"/><U93/><E35/><V130/><F73/><W123/><G123/><T120/><D37/><U72/><E72/><V63/><F130/><W75/><G34/><T85/><D117/><U28/><E78/><V76/><F76/><W38/><G38/><T56/><D132/><U79/><E79/><V62/><F135/><W7/><G7/><T2/><D2/><U98/><REACH who="1" step="1"/><E31/><REACH who="1" ten="29,481,100,380" step="2"/><V12/><F32/><W51/><G75/><T24/><D122/><U127/><E127/><V96/><F109/><W30/><G30/><T133/><D120/><U95/><E95/><V47/><F110/><W129/><G129/><T49/><D133/><U64/><E64/><V44/><F108/><W87/><G115/><T27/><D15/><U66/><E66/><V116/><F116/><AGARI ba="2,1" hai="20,22,28,29,36,39,68,70,93,94,97,98,116,119" machi="116" ten="25,4800,0" yaku="1,1,22,2,53,0" doraHai="121" doraHaiUra="81" who="1" fromWho="2" sc="29,0,481,64,100,-54,380,0" /><INIT seed="5,3,0,2,4,103" ten="29,545,46,380" oya="1" hai0="75,106,39,111,118,126,125,20,101,124,71,8,135" hai1="22,37,102,89,117,33,134,92,115,69,14,94,73" hai2="130,85,47,108,62,35,55,65,61,74,0,44,36" hai3="46,133,43,21,17,48,63,113,30,4,59,105,87"/><U10/><E117/><V50/><F108/><W28/><G105/><T90/><D111/><U32/><E37/><V45/><F74/><W109/><G109/><T52/><D118/><U1/><E69/><N who="2" m="42159" /><F85/><W132/><G113/><T16/><D71/><U80/><E115/><V23/><F23/><W5/><G87/><T13/><D39/><U91/><E134/><N who="3" m="51818" /><G4/><T129/><D75/><U131/><E131/><V7/><F35/><W27/><G5/><T70/><D70/><U72/><E22/><V127/><F0/><W81/><G81/><T123/><D123/><U98/><E1/><V97/><F7/><W49/><G49/><T84/><D129/><U53/><E80/><V18/><F18/><W77/><G77/><T57/><D135/><U42/><E73/><V58/><F97/><W11/><G11/><T64/><D64/><AGARI ba="3,0" hai="17,21,27,28,30,43,46,48,59,63,64" m="51818" machi="64" ten="30,1000,0" yaku="20,1" doraHai="103" who="3" fromWho="0" sc="29,-19,545,0,46,0,380,19" /><INIT seed="6,0,0,1,4,126" ten="10,545,46,399" oya="2" hai0="135,34,77,106,88,18,125,86,0,41,110,112,7" hai1="78,62,70,131,12,98,123,22,8,66,28,11,105" hai2="69,67,93,134,84,2,5,122,115,51,23,37,31" hai3="109,99,76,19,95,48,108,83,73,38,130,21,3"/><V57/><F122/><W60/><G38/><T14/><D110/><U81/><E131/><V35/><F37/><W26/><G130/><T82/><D125/><U80/><E80/><V20/><F115/><W107/><G3/><T49/><D112/><U68/><E68/><V16/><F134/><W10/><G48/><T117/><D135/><U100/><E123/><V129/><F129/><W63/><G107/><T74/><D106/><U25/><E12/><N who="2" m="9223" /><F69/><W127/><G127/><T45/><D34/><U89/><E89/><N who="2" m="53415" /><F2/><W29/><G63/><T64/><D64/><U87/><AGARI ba="0,0" hai="8,11,22,25,28,62,66,70,78,81,87,98,100,105" machi="87" ten="20,1500,0" yaku="0,1,7,1" doraHai="126" who="1" fromWho="1" sc="10,-4,545,15,46,-7,399,-4" /><INIT seed="7,0,0,2,1,98" ten="6,560,39,395" oya="3" hai0="66,104,67,24,90,14,94,119,36,123,99,125,0" hai1="132,115,70,65,18,111,12,11,51,114,30,117,16" hai2="27,17,116,59,44,10,73,22,108,9,3,60,2" hai3="107,1,31,52,105,109,106,92,43,63,41,55,134"/><W74/><G74/><T57/><D0/><U81/><E111/><V93/><F108/><W35/><G109/><T91/><D36/><U101/><E132/><V135/><F116/><W13/><G1/><T39/><D39/><U85/><E101/><V71/><F71/><W129/><G134/><T37/><D37/><U50/><E30/><V64/><F73/><W23/><G35/><T48/><D104/><U121/><E121/><V49/><F135/><W32/><G32/><T102/><D119/><U29/><E29/><V62/><F2/><W131/><G92/><T112/><D123/><U75/><E18/><N who="2" m="12759" /><F3/><W47/><G55/><N who="0" m="31975" /><D125/><U89/><E117/><V8/><F60/><W83/><G83/><T120/><D120/><U4/><E4/><V86/><F86/><W113/><G113/><N who="1" m="43018" /><E75/><V118/><F118/><W72/><G72/><T133/><D133/><U46/><E46/><V28/><F28/><W80/><G80/><T110/><D110/><U21/><E21/><V130/><F93/><W19/><G31/><T95/><D112/><U77/><E89/><N who="0" m="33801" /><D24/><U56/><E70/><V33/><F33/><W79/><G79/><T127/><D127/><U6/><E6/><V40/><F130/><N who="3" m="49675" /><G47/><T84/><D14/><AGARI ba="0,0" hai="8,9,10,14,17,40,44,49,59,62,64" m="12759" machi="14" ten="30,1000,0" yaku="8,1" doraHai="98" who="2" fromWho="0" sc="6,-10,560,0,39,10,395,0" owari="-4,-50.0,560,65.0,49,-35.0,395,20.0" /></mjloggm>