<mjloggm ver="2.3"><GO type="169" lobby="0"/><UN n0="%E4%BA%94%E3%81%B2%E3%82%83%E3%81%90%E3%81%88%E3%82%93" n1="%E3%83%88%E3%83%88%E3%83%AA%E5%85%88%E7%94%9F%31%39%E6%AD%B3" n2="%E3%83%AF%E3%82%A4%E5%B0%86" n3="%E3%81%B6%E3%81%A3%E3%81%A8%E3%81%B3%E3%82%AB%E3%83%BC%E3%83%89" dan="16,19,16,16" rate="2051.61,2280.11,2187.70,2202.19" sx="M,F,F,F"/><TAIKYOKU oya="0"/><INIT seed="0,0,0,0,5,18" ten="250,250,250,250" oya="0" hai0="115,68,91,117,103,79,26,120,97,23,32,99,89" hai1="65,60,98,4,55,35,67,27,80,33,108,130,134" hai2="114,0,52,9,64,135,30,92,51,95,40,75,34" hai3="96,1,41,25,78,104,50,81,11,111,133,58,88"/><T53/><D115/><U37/><E37/><V7/><F114/><W46/><G111/><T71/><D117/><U73/><E108/><V47/><F75/><W123/><G133/><T87/><D120/><U10/><E134/><V124/><F135/><W113/><G113/><T3/><D32/><U63/><E130/><V14/><F124/><W106/><G123/><T129/><D3/><U42/><E42/><V107/><F107/><W70/><G70/><T38/><D38/><U127/><E127/><V118/><F118/><W90/><G25/><T76/><D129/><U12/><E55/><V39/><F64/><W13/><G58/><T110/><D110/><U125/><E125/><V24/><REACH who="2" step="1"/><F0/><REACH who="2" ten="250,250,240,250" step="2"/><W29/><G1/><T20/><D103/><U59/><E73/><V83/><F83/><W36/><G106/><T82/><D82/><U15/><E80/><V62/><F62/><W54/><G78/><T132/><D132/><U56/><E27/><V8/><F8/><W69/><G81/><T22/><D26/><U112/><E112/><V61/><F61/><W31/><G90/><N who="0" m="34315" /><D87/><U105/><E15/><V48/><F48/><W43/><G104/><T122/><D122/><U85/><E85/><V21/><F21/><W126/><G126/><T84/><D84/><U57/><E33/><V100/><F100/><W77/><G77/><N who="0" m="29771" /><D53/><U66/><E35/><V45/><AGARI ba="0,1" hai="7,9,14,24,30,34,39,40,45,47,51,52,92,95" machi="45" ten="20,5200,0" yaku="1,1,0,1,7,1,54,1,53,0" doraHai="18" doraHaiUra="131" who="2" fromWho="2" sc="250,-26,250,-13,240,62,250,-13" /><INIT seed="1,0,0,1,2,17" ten="224,237,302,237" oya="1" hai0="88,112,7,53,19,106,105,3,55,10,117,35,5" hai1="50,125,71,6,11,101,40,115,133,85,45,65,20" hai2="47,104,44,28,21,56,126,42,103,51,48,63,13" hai3="82,93,124,34,120,94,77,84,128,131,43,86,107"/><U74/><E115/><V69/><F126/><W41/><G34/><T26/><D112/><U16/><E74/><V83/><F69/><W67/><G67/><T123/><D117/><U91/><E125/><V116/><F116/><W22/><G124/><T76/><D123/><U90/><E133/><V80/><F104/><W39/><G107/><T25/><D7/><U130/><E130/><N who="3" m="49706" /><G120/><T61/><D76/><U110/><E110/><V70/><F103/><W14/><G39/><T38/><D38/><U114/><E114/><V24/><F70/><W111/><G111/><T37/><D37/><U81/><E101/><V113/><F113/><W118/><G118/><T57/><D26/><U46/><E46/><V4/><F13/><W119/><G86/><T66/><D106/><U0/><E65/><N who="2" m="39143" /><F4/><W100/><G119/><T36/><D36/><U129/><E71/><V109/><F109/><W72/><G94/><T8/><D105/><U127/><E129/><V33/><F33/><W54/><G54/><AGARI ba="0,0" hai="21,24,28,42,44,47,48,51,54,80,83" m="39143" machi="54" ten="30,2000,0" yaku="8,1,52,1" doraHai="17" who="2" fromWho="3" sc="224,0,237,0,302,20,237,-20" /><INIT seed="2,0,0,0,1,124" ten="224,237,322,217" oya="2" hai0="1,61,34,127,40,78,68,89,30,83,4,131,62" hai1="118,110,38,133,88,42,5,98,117,48,101,28,32" hai2="73,27,69,116,87,41,18,84,128,109,82,12,46" hai3="77,50,112,120,52,23,130,80,121,53,134,2,39"/><V45/><F116/><W126/><G39/><T25/><D127/><U57/><E38/><V99/><F69/><W95/><G126/><T51/><D89/><U72/><E72/><V20/><F73/><W108/><G2/><T65/><D62/><U6/><E110/><V132/><F132/><W135/><G108/><T14/><D1/><U8/><E133/><N who="3" m="50698" /><G112/><T100/><D100/><U91/><E118/><V113/><F113/><W123/><G95/><T56/><D68/><U17/><E28/><V47/><F109/><W93/><G93/><T21/><D34/><U63/><E32/><V26/><F41/><W71/><G71/><T3/><D3/><U81/><E17/><V75/><F75/><N who="3" m="43071" /><G23/><T59/><D21/><U22/><E22/><V49/><F99/><W31/><G31/><T114/><D30/><U90/><E81/><V43/><F84/><W125/><G53/><T35/><D83/><U58/><E117/><V70/><F70/><W15/><G15/><T96/><D14/><U86/><E86/><V33/><F33/><W37/><G37/><T10/><D35/><U105/><E8/><V79/><F27/><W97/><G97/><T60/><D96/><U0/><E0/><V54/><F54/><W115/><G115/><T11/><D10/><U64/><E42/><V19/><F26/><W16/><G16/><T74/><D25/><U29/><E29/><V9/><F19/><W24/><G24/><T13/><D11/><U104/><E104/><V7/><F20/><W119/><G119/><T92/><D114/><U122/><E122/><N who="3" m="31234" /><W67/><DORA hai="129" /><G125/><RYUUKYOKU ba="0,0" sc="224,-10,237,30,322,-10,217,-10" hai1="5,6,48,57,58,63,64,88,90,91,98,101,105" /><INIT seed="3,1,0,5,4,2" ten="214,267,312,207" oya="3" hai0="11,128,114,52,134,105,82,106,85,42,69,65,32" hai1="113,44,96,116,108,132,55,110,130,124,131,129,94" hai2="93,47,97,89,49,4,102,73,127,36,60,115,33" hai3="101,120,98,27,90,14,86,41,48,30,104,112,107"/><W18/><G112/><T99/><D32/><U61/><E113/><V91/><F115/><W126/><G120/><T9/><D134/><U7/><E116/><V70/><F73/><W59/><G126/><T84/><D128/><U24/><E132/><V29/><F36/><W71/><G71/><T54/><D42/><U88/><E124/><V12/><F127/><W13/><G107/><T83/><D114/><U125/><E125/><V26/><F70/><W20/><G41/><T119/><D69/><U66/><E7/><V123/><F60/><W81/><REACH who="3" step="1"/><G30/><REACH who="3" ten="214,267,312,197" step="2"/><T62/><D119/><U67/><E129/><V117/><F123/><W63/><G63/><T1/><D62/><U53/><E130/><V51/><F117/><W103/><G103/><T43/><D43/><U5/><E131/><V78/><F102/><W35/><G35/><T22/><D106/><U19/><E61/><V109/><F29/><W57/><G57/><T21/><D105/><U133/><E133/><V16/><F33/><W38/><G38/><T100/><D100/><U15/><E66/><V40/><F40/><W72/><G72/><T79/><D65/><U34/><E67/><V74/><F74/><W39/><G39/><T80/><D54/><AGARI ba="1,1" hai="13,14,18,20,27,48,54,59,81,86,90,98,101,104" machi="54" ten="40,2000,0" yaku="1,1,53,0" doraHai="2" doraHaiUra="3" who="3" fromWho="0" sc="214,-23,267,0,312,0,197,33" /><INIT seed="3,2,0,2,4,40" ten="191,267,312,230" oya="3" hai0="65,80,133,127,117,38,135,6,119,85,74,106,11" hai1="75,82,126,71,92,132,57,35,81,55,67,103,90" hai2="39,91,128,73,17,5,34,12,33,0,29,63,118" hai3="115,59,44,110,113,130,97,22,7,51,95,124,42"/><W77/><G130/><T134/><D38/><U86/><E35/><V9/><F73/><W21/><G124/><T76/><D65/><U13/><E126/><V4/><F39/><W27/><G110/><T109/><D127/><U62/><E132/><V100/><F100/><W47/><G77/><T19/><D19/><U88/><E103/><V10/><F91/><N who="3" m="55551" /><G115/><T96/><D109/><U23/><E75/><V68/><F118/><W70/><G70/><T3/><REACH who="0" step="1"/><D85/><REACH who="0" ten="181,267,312,230" step="2"/><N who="1" m="52239" /><E71/><V52/><F68/><W58/><G113/><T20/><D20/><U112/><E112/><V46/><F17/><N who="3" m="12719" /><G7/><T87/><D87/><U36/><E36/><V30/><F34/><W61/><G22/><T37/><D37/><U102/><E23/><V2/><F33/><W14/><G14/><T15/><D15/><U120/><E13/><V131/><F12/><W121/><G121/><T48/><D48/><U84/><E120/><V69/><F69/><W31/><G31/><T105/><D105/><U104/><E104/><V43/><F30/><W18/><G18/><T45/><D45/><N who="3" m="17481" /><G61/><T129/><D129/><N who="2" m="49738" /><F29/><W79/><G79/><T101/><AGARI ba="2,1" hai="3,6,11,74,76,80,96,101,106,117,119,133,134,135" machi="101" ten="40,8000,1" yaku="1,1,0,1,20,1,23,2,53,0" doraHai="40" doraHaiUra="122" who="0" fromWho="0" sc="181,96,267,-22,312,-22,230,-42" /><INIT seed="4,0,0,3,4,91" ten="277,245,290,188" oya="0" hai0="27,122,95,119,80,123,130,41,68,131,31,66,28" hai1="57,48,76,19,106,116,112,62,46,99,134,71,10" hai2="53,5,18,58,11,102,125,38,3,26,34,129,87" hai3="63,44,94,52,96,127,9,16,92,89,88,121,29"/><T36/><D119/><U55/><E116/><V13/><F38/><W135/><G135/><T39/><D80/><U98/><E106/><V100/><F129/><N who="0" m="49162" /><D66/><U103/><E71/><V82/><F125/><W77/><G127/><T78/><D68/><U72/><E134/><V64/><F64/><W120/><G29/><N who="0" m="11339" /><D27/><U85/><E72/><V114/><F114/><W35/><G35/><T117/><D117/><U47/><E112/><V49/><F34/><W6/><G77/><T69/><D69/><U126/><E126/><V21/><REACH who="2" step="1"/><F3/><REACH who="2" ten="277,245,280,188" step="2"/><W50/><G63/><T97/><D39/><U56/><E62/><V45/><F45/><W110/><G110/><T12/><D36/><U67/><E46/><V30/><F30/><W132/><G132/><T51/><D123/><U79/><E47/><V54/><F54/><W20/><G121/><T23/><D122/><U105/><E67/><V108/><F108/><W109/><G109/><T59/><D41/><U107/><E57/><V8/><F8/><W81/><G120/><T33/><D33/><U32/><E32/><V75/><F75/><W0/><G81/><T84/><D59/><U74/><E74/><V124/><F124/><W86/><REACH who="3" step="1"/><G16/><REACH who="3" ten="277,245,280,178" step="2"/><N who="0" m="10631" /><D51/><U40/><E48/><V17/><F17/><W73/><G73/><T113/><D113/><U133/><E19/><V101/><F101/><W90/><G90/><AGARI ba="0,2" hai="5,11,13,18,21,26,49,53,58,82,87,90,100,102" machi="90" ten="30,3900,0" yaku="1,1,7,1,8,1,53,0" doraHai="91" doraHaiUra="115" who="2" fromWho="3" sc="277,0,245,0,280,59,178,-39" /><INIT seed="5,0,0,0,5,8" ten="277,245,339,139" oya="1" hai0="98,2,49,127,135,99,115,21,58,85,29,44,30" hai1="10,52,4,116,100,129,83,53,110,50,23,107,22" hai2="133,69,92,124,105,111,46,32,103,11,66,75,101" hai3="17,57,7,33,41,37,68,65,90,81,106,35,119"/><U51/><E116/><V67/><F75/><W61/><G119/><T72/><D72/><U15/><E129/><V45/><F111/><W78/><G90/><T131/><D115/><U104/><E110/><V95/><F11/><W20/><G7/><T6/><D135/><U13/><E100/><V123/><F32/><W62/><G106/><T73/><D73/><U54/><E83/><V38/><F38/><W36/><G35/><T102/><D127/><U70/><E70/><V74/><F69/><W96/><G96/><T120/><D58/><U126/><E126/><V132/><F74/><W55/><G33/><T19/><D98/><U71/><E71/><V34/><F34/><W109/><G109/><T88/><D6/><U108/><E108/><V94/><F94/><W63/><G17/><T28/><D2/><U1/><E107/><V118/><F118/><W24/><G24/><T14/><D131/><U130/><E104/><V80/><F105/><W93/><G78/><T0/><D0/><U47/><E130/><V39/><F39/><N who="3" m="14923" /><G20/><N who="1" m="7722" /><E1/><V48/><F80/><W91/><G91/><T76/><D76/><U112/><E112/><V113/><F113/><W5/><G5/><T27/><D120/><U89/><E89/><V86/><F123/><W87/><G93/><N who="0" m="54415" /><D102/><U26/><E26/><V77/><F77/><W122/><G122/><T56/><D99/><U18/><E51/><V3/><F3/><W128/><G128/><T117/><D117/><U114/><E114/><V60/><F124/><W79/><G41/><N who="0" m="24719" /><D27/><U25/><E25/><V12/><F103/><W134/><G134/><RYUUKYOKU ba="0,0" sc="277,10,245,10,339,-30,139,10" hai0="14,19,21,28,29,30,56" hai1="4,10,13,15,18,47,50,52,53,54" hai3="55,57,61,62,63,65,68,79,81,87" /><INIT seed="5,1,0,2,2,133" ten="287,255,309,149" oya="1" hai0="99,110,66,103,108,121,20,43,79,0,42,118,90" hai1="112,101,84,123,38,27,69,135,65,86,120,131,26" hai2="18,119,83,97,95,98,85,130,46,91,14,11,22" hai3="125,7,71,35,19,73,94,92,68,80,47,6,56"/><U16/><E38/><V63/><F130/><W40/><G35/><T3/><D118/><U59/><E69/><V76/><F119/><W60/><G19/><T29/><D121/><U104/><E131/><V132/><F132/><W82/><G56/><T58/><D79/><U30/><E135/><V15/><F63/><W28/><G60/><T134/><D90/><U88/><E112/><V53/><F53/><W8/><G8/><T107/><D134/><U49/><E86/><N who="2" m="52727" /><F46/><W13/><G73/><T72/><D72/><U116/><E116/><V55/><F55/><W23/><G23/><T39/><D58/><U45/><E120/><V32/><F32/><W106/><G106/><T33/><D66/><U44/><E123/><V111/><F111/><W51/><G13/><T81/><D20/><N who="1" m="15719" /><E104/><V5/><AGARI ba="1,0" hai="5,11,14,15,18,22,76,83,85,97,98" m="52727" machi="5" ten="30,1100,0" yaku="8,1" doraHai="133" who="2" fromWho="2" sc="287,-4,255,-6,309,14,149,-4" /><INIT seed="6,0,0,2,1,119" ten="283,249,323,145" oya="2" hai0="127,26,83,13,111,134,103,51,5,120,36,7,110" hai1="124,84,65,116,52,82,81,90,95,20,72,0,132" hai2="98,85,25,99,50,91,108,130,126,17,10,62,78" hai3="33,2,46,97,92,64,30,67,88,125,21,59,16"/><V76/><F130/><W3/><G125/><T75/><D120/><U66/><E0/><V47/><F126/><W61/><G67/><N who="1" m="25610" /><E72/><V112/><F112/><W86/><G33/><T6/><D51/><U54/><E132/><V14/><F62/><W117/><G117/><T49/><D83/><N who="1" m="31755" /><E116/><V89/><F108/><W122/><G30/><T11/><D49/><U27/><E124/><V19/><F25/><W79/><G46/><T107/><D103/><U44/><E44/><V135/><F19/><AGARI ba="0,0" hai="19,20,27,52,54,84,90,95" m="31755,25610" machi="19" ten="30,2000,0" yaku="8,1,54,1" doraHai="119" who="1" fromWho="2" sc="283,0,249,20,323,-20,145,0" /><INIT seed="7,0,0,4,4,19" ten="283,269,303,145" oya="3" hai0="83,110,34,129,132,22,101,97,31,80,77,16,14" hai1="96,99,52,76,57,24,11,38,90,47,122,100,92" hai2="104,49,64,125,55,51,85,63,0,48,115,106,118" hai3="45,8,18,119,17,103,26,93,71,59,4,1,120"/><W128/><G119/><T61/><D110/><U95/><E122/><V6/><F118/><W35/><G120/><T39/><D39/><U67/><E76/><V116/><F116/><W10/><G71/><T56/><D132/><U32/><E38/><V70/><F55/><W36/><G128/><T130/><D34/><U109/><E109/><V78/><F115/><W111/><G111/><T135/><D31/><U127/><E127/><V126/><F6/><W3/><G59/><T124/><D135/><U79/><E79/><V13/><F13/><N who="3" m="7351" /><G103/><T112/><D112/><U108/><E108/><V2/><F0/><N who="3" m="7" /><G93/><N who="0" m="58543" /><D124/><N who="2" m="47722" /><F2/><N who="3" m="523" /><G45/><T46/><D46/><U82/><E82/><AGARI ba="0,0" hai="48,49,51,63,64,70,78,82,85,104,106" m="47722" machi="82" ten="30,1000,0" yaku="18,1" doraHai="19" who="2" fromWho="1" sc="283,0,269,-10,303,10,145,0" owari="283,8.0,259,-14.0,313,41.0,145,-35.0" /></mjloggm>