<mjloggm ver="2.3"><GO type="169" lobby="0"/><UN n0="%E4%B8%80%E5%9B%9B%E5%9B%9B" n1="%E3%83%A2%E3%83%AD%E3%83%98%E3%82%A4%E3%83%A4" n2="%E3%82%A6%E3%83%AB%E3%83%88%E3%83%A9%E7%AB%8B%E7%9B%B4" n3="%E3%81%BE%E3%81%82%E3%81%BC%E3%81%86%E5%A4%A7%E4%BD%90" dan="16,17,18,17" rate="2084.42,2223.71,2229.20,2152.98" sx="M,M,M,F"/><TAIKYOKU oya="0"/><INIT seed="0,0,0,1,3,68" ten="250,250,250,250" oya="0" hai0="87,133,72,116,94,98,131,27,66,78,44,5,95" hai1="47,64,43,63,62,80,17,77,93,39,6,22,124" hai2="11,108,7,29,91,19,70,128,119,2,26,67,102" hai3="41,97,13,109,121,90,65,71,59,96,122,107,83"/><T20/><D116/><U32/><E32/><V42/><F91/><W76/><G71/><T40/><D72/><U28/><E28/><V134/><F42/><W81/><G65/><T4/><D66/><U106/><E106/><V53/><F53/><W100/><G59/><T31/><D133/><U105/><E105/><V74/><F74/><N who="3" m="43159" /><G13/><T110/><D131/><U130/><E130/><V92/><F92/><N who="3" m="56343" /><G41/><T12/><D12/><U24/><E124/><V115/><F67/><W129/><G129/><T112/><D112/><U57/><E93/><V45/><F45/><W55/><G55/><T23/><D23/><U123/><E123/><N who="3" m="47114" /><G83/><N who="0" m="47607" /><D110/><AGARI ba="0,0" hai="97,100,107,109,110" m="47114,56343,43159" machi="110" ten="30,3900,0" yaku="13,1,34,2" doraHai="68" who="3" fromWho="0" sc="250,-39,250,0,250,0,250,39" /><INIT seed="1,0,0,1,5,73" ten="211,250,250,289" oya="1" hai0="133,65,36,69,0,78,110,67,85,114,54,43,42" hai1="80,105,84,99,94,107,108,109,9,24,126,128,5" hai2="83,95,104,71,88,56,48,64,52,32,132,4,55" hai3="34,96,58,44,113,33,45,17,74,25,117,118,77"/><U66/><E66/><N who="0" m="25097" /><D0/><U3/><E24/><V125/><F104/><W127/><G113/><T60/><D85/><U47/><E128/><V129/><F32/><W27/><G96/><T19/><D19/><U51/><E126/><V124/><F129/><W111/><G127/><N who="2" m="48713" /><F132/><W35/><G58/><N who="0" m="34903" /><D78/><U57/><E57/><V50/><F64/><W38/><G34/><T75/><D75/><U28/><E28/><V8/><F71/><W41/><G17/><T1/><D1/><U131/><E131/><V49/><F56/><W79/><G74/><T97/><D69/><U6/><E6/><V106/><F83/><W102/><G102/><T18/><D114/><U103/><E80/><V14/><F106/><W134/><G134/><T63/><D63/><U61/><E61/><V70/><F70/><W30/><G30/><T122/><D122/><U37/><E37/><V135/><F135/><W40/><G38/><T81/><D36/><U76/><E76/><V20/><F20/><W26/><G25/><T93/><D81/><U91/><REACH who="1" step="1"/><E107/><REACH who="1" ten="211,240,250,289" step="2"/><V16/><F4/><W22/><G27/><T119/><D133/><U100/><E100/><V31/><F31/><W121/><G26/><T116/><D116/><U87/><E87/><AGARI ba="0,1" hai="8,14,16,48,49,50,52,55,87,88,95" m="48713" machi="87" ten="30,7700,0" yaku="18,1,54,3" doraHai="73" who="2" fromWho="1" sc="211,0,240,-77,250,87,289,0" /><INIT seed="2,0,0,4,3,40" ten="211,163,337,289" oya="2" hai0="119,33,46,77,9,48,60,68,127,26,29,11,123" hai1="93,32,55,59,30,73,42,96,109,34,98,115,89" hai2="8,116,128,76,99,134,92,66,70,67,71,80,6" hai3="51,85,7,121,110,37,87,20,97,50,75,107,61"/><V15/><F116/><W43/><G121/><T36/><D123/><U38/><E73/><V4/><F128/><W103/><G75/><T118/><D36/><U131/><E115/><V24/><F134/><W13/><G110/><T105/><D105/><U65/><E65/><V56/><F4/><W120/><G120/><T49/><D49/><U58/><E109/><V83/><F71/><W101/><G37/><T52/><D127/><U12/><E59/><V28/><F70/><W132/><G132/><T1/><D77/><U133/><E133/><V14/><F14/><W135/><G135/><T18/><D18/><U17/><E131/><V94/><F94/><W117/><G103/><T54/><D54/><U3/><E3/><V22/><F76/><W5/><G5/><T129/><D129/><U41/><E98/><V2/><F2/><W95/><G117/><N who="0" m="44555" /><D1/><U108/><E108/><V16/><F6/><W0/><G0/><T74/><D74/><U114/><E114/><V53/><F67/><AGARI ba="0,0" hai="9,11,26,29,33,46,48,52,60,67,68" m="44555" machi="67" ten="30,3900,0" yaku="12,1,52,1,54,1" doraHai="40" who="0" fromWho="2" sc="211,39,163,0,337,-39,289,0" /><INIT seed="3,0,0,3,3,102" ten="250,163,298,289" oya="3" hai0="33,73,32,43,89,38,12,85,28,69,45,10,22" hai1="121,27,18,20,36,48,54,123,37,124,117,52,30" hai2="3,62,68,6,50,105,82,88,94,59,122,77,74" hai3="1,87,116,80,15,134,92,29,132,101,25,99,44"/><W35/><G116/><T109/><D73/><U79/><E117/><V119/><F119/><W56/><G15/><T21/><D69/><U127/><E79/><V57/><F122/><W2/><G56/><T113/><D109/><U5/><E5/><V114/><F114/><W107/><G92/><T47/><D47/><U39/><E54/><V118/><F118/><W49/><G87/><T26/><D32/><U65/><E65/><V14/><F3/><W108/><G80/><T97/><D97/><U7/><E7/><V100/><F50/><W125/><G108/><T111/><D111/><U129/><E30/><V81/><F81/><W91/><G91/><T84/><D84/><U60/><E60/><V112/><F112/><W86/><G86/><T98/><D98/><U58/><REACH who="1" step="1"/><E129/><REACH who="1" ten="250,153,298,289" step="2"/><V103/><F62/><W66/><G66/><T11/><D113/><U126/><AGARI ba="0,1" hai="18,20,27,36,37,39,48,52,58,121,123,124,126,127" machi="126" ten="40,12000,2" yaku="1,1,2,1,0,1,18,1,54,1,53,1" doraHai="102" doraHaiUra="53" who="1" fromWho="1" sc="250,-30,153,130,298,-30,289,-60" /><INIT seed="4,0,0,5,3,45" ten="220,283,268,229" oya="0" hai0="52,55,95,117,92,135,78,94,90,41,57,93,2" hai1="23,103,17,131,37,29,15,38,119,71,3,11,27" hai2="47,80,127,121,70,75,33,105,73,81,120,114,122" hai3="72,126,125,1,124,108,87,35,107,22,113,12,74"/><T104/><D2/><U44/><E71/><V115/><F70/><W102/><G35/><T98/><D117/><U6/><E119/><V112/><F33/><W5/><G1/><T85/><D135/><U10/><E131/><V60/><F60/><W89/><G5/><T111/><D111/><U88/><E103/><V96/><F47/><W63/><G12/><T84/><D41/><U4/><E44/><V109/><F109/><W64/><G22/><T82/><D104/><U42/><E42/><V56/><F56/><W91/><G108/><T39/><D39/><U110/><E110/><V14/><F14/><W54/><G54/><N who="0" m="20523" /><D57/><U99/><REACH who="1" step="1"/><E4/><REACH who="1" ten="220,273,268,229" step="2"/><V133/><F133/><W100/><G102/><AGARI ba="0,1" hai="78,82,84,85,90,92,93,94,95,98,102" m="20523" machi="102" ten="30,2900,0" yaku="8,1,54,1" doraHai="45" who="0" fromWho="3" sc="220,39,273,0,268,0,229,-29" /><INIT seed="4,1,0,2,2,7" ten="259,273,268,200" oya="0" hai0="17,80,94,59,15,74,98,93,127,85,4,86,55" hai1="84,37,24,40,66,132,65,39,100,102,3,120,42" hai2="57,61,90,38,124,107,28,10,20,22,68,53,54" hai3="25,129,115,130,101,14,67,64,125,35,34,9,56"/><T103/><D127/><U95/><E3/><V62/><F107/><W83/><G125/><T87/><D4/><U31/><E120/><V19/><F38/><W32/><G115/><T135/><D135/><U45/><E132/><V99/><F124/><W82/><G25/><T108/><D108/><U126/><E126/><V112/><F112/><W49/><G101/><T69/><D69/><U113/><E113/><V11/><F68/><W29/><G29/><T134/><D134/><U51/><E84/><V91/><F28/><W114/><G114/><T96/><D74/><U16/><E95/><N who="0" m="36361" /><D80/><N who="3" m="30761" /><G49/><N who="0" m="31215" /><D103/><U36/><E42/><V30/><F30/><W52/><G52/><N who="2" m="20073" /><F22/><AGARI ba="1,0" hai="15,17,22,85,86,87,96,98" m="31215,36361" machi="22" ten="30,1500,0" yaku="8,1" doraHai="7" who="0" fromWho="2" sc="259,18,273,0,268,-18,200,0" /><INIT seed="4,2,0,1,1,130" ten="277,273,250,200" oya="0" hai0="87,80,102,113,29,124,55,16,21,13,132,10,50" hai1="11,89,123,126,81,20,61,74,69,15,93,42,121" hai2="128,117,25,65,94,131,68,99,44,111,46,36,78" hai3="86,56,91,5,134,24,100,135,96,63,122,39,119"/><T101/><D113/><U112/><E112/><V90/><F111/><W114/><G114/><T26/><D124/><U0/><E0/><V103/><F117/><W27/><G119/><T19/><D29/><U52/><E126/><V66/><F78/><W43/><G5/><T77/><REACH who="0" step="1"/><D132/><REACH who="0" ten="267,273,250,200" step="2"/><N who="3" m="50729" /><G122/><T31/><D31/><U37/><E123/><V127/><F127/><W18/><G39/><T71/><D71/><U49/><E69/><V76/><F68/><W72/><G72/><T108/><D108/><U109/><E37/><V75/><F36/><W58/><G18/><T115/><D115/><U67/><E74/><V59/><F75/><W125/><G125/><T82/><D82/><U3/><E81/><V12/><F131/><W53/><G56/><AGARI ba="2,1" hai="10,13,16,19,21,26,50,55,56,77,80,87,101,102" machi="56" ten="30,11600,0" yaku="1,1,7,1,8,1,54,1,53,0" doraHai="130" doraHaiUra="104" who="0" fromWho="3" sc="267,132,273,0,250,0,200,-122" /><INIT seed="4,3,0,4,4,89" ten="399,273,250,78" oya="0" hai0="57,109,92,46,73,67,8,21,70,68,126,99,130" hai1="33,90,54,80,14,125,36,22,11,77,115,88,42" hai2="116,69,45,10,118,9,86,65,16,15,78,107,94" hai3="41,24,56,29,28,133,6,62,20,87,64,104,19"/><T129/><D73/><U60/><E33/><V5/><F107/><W97/><G133/><T76/><D76/><U79/><E125/><V95/><F45/><W4/><G41/><T114/><D114/><U23/><E79/><V117/><F65/><W25/><G19/><T55/><D46/><U131/><E131/><N who="0" m="50185" /><D67/><U74/><E115/><V3/><F69/><W26/><G26/><T91/><D109/><U122/><E122/><V50/><F50/><W2/><G2/><T40/><D40/><U63/><E42/><V7/><F7/><W102/><REACH who="3" step="1"/><G87/><REACH who="3" ten="399,273,250,68" step="2"/><T59/><D126/><U134/><E134/><V44/><F44/><W27/><G27/><T1/><D1/><U110/><E110/><V35/><F35/><AGARI ba="3,1" hai="4,6,20,24,25,28,29,35,56,62,64,97,102,104" machi="35" ten="30,3900,0" yaku="1,1,7,1,53,1" doraHai="89" doraHaiUra="96" who="3" fromWho="2" sc="399,0,273,0,250,-48,68,58" /><INIT seed="5,0,0,5,3,125" ten="399,273,202,126" oya="1" hai0="73,36,131,71,120,49,21,51,12,26,8,85,134" hai1="97,104,23,90,27,53,31,4,59,44,94,10,18" hai2="128,47,9,67,7,39,115,109,119,88,117,129,45" hai3="54,2,13,81,22,11,105,77,123,40,5,52,86"/><U72/><E72/><V82/><F67/><W32/><G123/><T63/><D36/><U29/><E104/><V101/><F101/><W34/><G105/><T33/><D33/><U68/><E44/><V124/><F109/><W83/><G40/><T46/><D73/><U111/><E68/><V43/><F47/><W113/><G113/><T102/><D102/><U20/><E20/><V35/><F35/><W37/><G37/><T1/><D1/><U127/><E111/><V96/><F124/><W42/><G42/><T93/><D51/><U56/><E56/><V118/><F115/><W0/><G34/><T112/><D49/><U84/><E84/><V55/><F55/><W106/><G106/><T99/><D85/><U3/><REACH who="1" step="1"/><E127/><REACH who="1" ten="399,263,202,126" step="2"/><V30/><F30/><W28/><G32/><T58/><D46/><U16/><E16/><V74/><F74/><W60/><G28/><T103/><D71/><U48/><AGARI ba="0,1" hai="3,4,10,18,23,27,29,31,48,53,59,90,94,97" machi="48" ten="20,7800,0" yaku="1,1,0,1,7,1,53,1" doraHai="125" doraHaiUra="89" who="1" fromWho="1" sc="399,-26,263,88,202,-26,126,-26" /><INIT seed="5,1,0,2,4,65" ten="373,351,176,100" oya="1" hai0="70,52,17,46,50,48,121,79,25,127,119,93,73" hai1="110,30,2,81,53,87,26,128,60,27,130,98,40" hai2="55,69,6,57,134,71,38,1,24,61,115,16,89" hai3="41,85,12,123,94,120,78,104,35,92,5,72,22"/><U74/><E74/><V99/><F38/><W95/><G35/><T108/><D70/><U58/><E2/><V97/><F97/><W101/><G41/><T7/><D108/><U19/><E110/><V77/><F77/><W131/><G5/><T100/><D7/><U33/><E40/><V111/><F111/><W107/><G12/><T105/><D105/><N who="3" m="40521" /><G22/><T42/><D119/><U8/><E98/><V67/><F67/><W62/><G62/><T32/><D127/><U45/><E45/><V75/><F75/><W118/><G72/><T39/><D39/><U96/><E96/><V31/><F31/><W21/><G21/><T103/><D32/><U113/><E113/><V51/><F51/><W9/><G9/><T59/><D50/><U132/><E132/><V4/><F134/><W116/><G131/><T102/><D48/><U15/><REACH who="1" step="1"/><E27/><REACH who="1" ten="373,341,176,100" step="2"/><V114/><F1/><W68/><G116/><T3/><D3/><U11/><E11/><V117/><F117/><W44/><G44/><T13/><D46/><U43/><E43/><V37/><F115/><W76/><G118/><T28/><D42/><U47/><E47/><V135/><F114/><W20/><G123/><T49/><D25/><U10/><E10/><V133/><F133/><W122/><G120/><T66/><D121/><U109/><E109/><V90/><F135/><W88/><G122/><T83/><D73/><U36/><E36/><V126/><F37/><W91/><G101/><T86/><D103/><U82/><E82/><V14/><F24/><W112/><G112/><T34/><D102/><U29/><E29/><RYUUKYOKU ba="1,1" sc="373,-10,341,30,176,-10,100,-10" hai1="8,15,19,26,30,33,53,58,60,81,87,128,130" /><INIT seed="5,2,1,2,3,19" ten="363,371,166,90" oya="1" hai0="102,89,11,69,51,24,21,129,2,17,33,104,50" hai1="6,109,58,133,64,66,100,81,67,44,37,101,12" hai2="135,98,130,70,73,36,56,32,18,7,13,5,43" hai3="116,63,42,83,112,65,52,26,68,22,131,46,71"/><U49/><E37/><V103/><F70/><W127/><G112/><T38/><D38/><U23/><E133/><V62/><F73/><W121/><G131/><T105/><D69/><U29/><E58/><V74/><F74/><W113/><G113/><T35/><D89/><U39/><E39/><V55/><F32/><W3/><G127/><T25/><D129/><U20/><E109/><V41/><F130/><W120/><G3/><T28/><D35/><U85/><E29/><V96/><F96/><W132/><G71/><T9/><D102/><N who="1" m="39531" /><E12/><V87/><F87/><W82/><G116/><T99/><D99/><U92/><E92/><N who="2" m="58823" /><F36/><W114/><G114/><T117/><D117/><U79/><E6/><N who="2" m="2059" /><F135/><W48/><G132/><T134/><D134/><U110/><E110/><V45/><F45/><W95/><G95/><T0/><D0/><U54/><AGARI ba="2,1" hai="20,23,44,49,54,64,66,67,79,81,85" m="39531" machi="54" ten="30,6000,0" yaku="8,1,52,2" doraHai="19" who="1" fromWho="1" sc="363,-22,371,76,166,-22,90,-22" /><INIT seed="5,3,0,3,5,38" ten="341,447,144,68" oya="1" hai0="13,84,92,85,50,117,109,71,59,30,81,67,10" hai1="41,103,61,73,91,3,102,12,64,45,9,116,32" hai2="87,129,18,112,82,79,113,72,24,127,76,16,26" hai3="123,124,130,53,104,88,33,48,66,31,20,80,126"/><U5/><E32/><V7/><F7/><W119/><G123/><T75/><D75/><U78/><E116/><V54/><F129/><W107/><G130/><T70/><D109/><U0/><E91/><V133/><F127/><N who="3" m="48683" /><G33/><T47/><D30/><U46/><E46/><V106/><F106/><W17/><G31/><T89/><D59/><U23/><E78/><V11/><F133/><W52/><G66/><T93/><D93/><U135/><E73/><V29/><F54/><N who="3" m="21099" /><G48/><T1/><D67/><U94/><E135/><V27/><F29/><W35/><G35/><T56/><D56/><U4/><E94/><V14/><REACH who="2" step="1"/><F18/><REACH who="2" ten="341,447,134,68" step="2"/><W42/><G119/><T120/><D117/><U121/><E5/><V34/><F34/><W37/><G42/><T105/><D105/><U95/><E41/><V98/><F98/><W36/><G104/><T86/><D120/><U15/><E121/><V97/><F97/><W58/><G107/><T68/><D68/><U128/><E128/><V63/><F63/><W43/><G43/><T25/><D71/><U77/><E61/><V44/><F44/><W118/><G58/><T55/><D47/><U100/><E45/><V22/><F22/><W90/><G118/><T39/><D70/><U99/><E23/><V101/><F101/><W2/><G2/><T134/><D134/><U115/><E103/><V108/><F108/><W111/><G111/><T122/><D1/><U110/><E0/><V125/><F125/><W74/><G17/><T19/><D19/><U40/><E3/><V28/><F28/><W96/><G20/><T132/><D132/><RYUUKYOKU ba="3,1" sc="341,-10,447,-10,134,30,68,-10" hai2="11,14,16,24,26,27,72,76,79,82,87,112,113" /><INIT seed="6,4,1,0,3,113" ten="331,437,164,58" oya="2" hai0="7,125,116,95,3,53,42,85,109,55,27,56,30" hai1="87,74,71,66,94,36,39,35,98,77,128,134,124" hai2="13,111,22,72,103,119,62,17,89,65,47,70,117" hai3="34,78,126,92,102,104,68,24,129,20,131,5,96"/><V51/><F111/><W58/><G68/><T121/><D121/><U50/><E35/><V31/><F72/><W127/><G34/><T46/><D55/><U114/><E74/><V4/><F103/><W59/><G5/><T75/><D75/><U76/><E114/><V48/><F31/><W106/><G59/><T105/><D105/><U69/><E134/><V15/><F89/><W52/><G78/><T108/><D125/><N who="3" m="47625" /><G20/><T18/><D7/><U41/><E124/><V118/><REACH who="2" step="1"/><F47/><REACH who="2" ten="331,437,154,58" step="2"/><W38/><G106/><T8/><D46/><U132/><E132/><V19/><F19/><W88/><G104/><T107/><D18/><U57/><E77/><V0/><F0/><W54/><G102/><T100/><D3/><U37/><E76/><V64/><F64/><W80/><G131/><T120/><D100/><U12/><E66/><V60/><F60/><W49/><G129/><T40/><D30/><U122/><E128/><V11/><AGARI ba="4,2" hai="4,11,13,15,17,22,48,51,62,65,70,117,118,119" machi="11" ten="40,24000,3" yaku="1,1,0,1,52,3,53,3" doraHai="113" doraHaiUra="112" who="2" fromWho="2" sc="331,-84,437,-84,154,272,58,-84" owari="247,-15.0,353,15.0,426,53.0,-26,-53.0" /></mjloggm>