<mjloggm ver="2.3"><GO type="169" lobby="0"/><UN n0="%E3%82%8A%E3%81%B5%E3%82%8C%E3%81%8F" n1="%74%73%75%72%75%68%6F" n2="%E4%BF%A1%E6%BF%83%E3%81%AE%E8%8D%92%E6%B3%95%E5%B8%AB" n3="%E3%82%A6%E3%83%AB%E3%83%88%E3%83%A9%E7%AB%8B%E7%9B%B4" dan="16,17,16,18" rate="2147.83,2181.14,2131.92,2248.34" sx="M,M,M,M"/><TAIKYOKU oya="0"/><INIT seed="0,0,0,5,1,117" ten="250,250,250,250" oya="0" hai0="48,108,103,56,15,14,125,131,81,96,119,78,52" hai1="77,121,112,93,101,95,41,71,8,73,36,75,38" hai2="102,0,1,107,59,100,45,94,11,115,114,26,7" hai3="128,44,132,3,120,17,104,113,19,90,68,46,23"/><T50/><D119/><U22/><E71/><V31/><F0/><W43/><G104/><T16/><D131/><U86/><E8/><V13/><F107/><W6/><G68/><T79/><D125/><U76/><E22/><V129/><F129/><W130/><G6/><T69/><D69/><U28/><E41/><V62/><F45/><W37/><G3/><T49/><D108/><U122/><E86/><V65/><F1/><W35/><G35/><T5/><D5/><U24/><E24/><V30/><F30/><W66/><G66/><T98/><D15/><U82/><E28/><V85/><F100/><W57/><G57/><T10/><D81/><U51/><E51/><N who="0" m="19529" /><D103/><U106/><E106/><V127/><F85/><W29/><G113/><T39/><D39/><N who="1" m="14891" /><E101/><V72/><F72/><N who="1" m="27721" /><E82/><V12/><F12/><W116/><G37/><T18/><D18/><U33/><E33/><V58/><F58/><W80/><G17/><T99/><AGARI ba="0,0" hai="10,14,16,50,52,56,78,79,96,98,99" m="19529" machi="99" ten="30,6000,0" yaku="8,1,54,2" doraHai="117" who="0" fromWho="0" sc="250,60,250,-20,250,-20,250,-20" /><INIT seed="0,1,0,3,0,106" ten="310,230,230,230" oya="0" hai0="43,128,15,10,124,75,61,37,72,127,22,107,55" hai1="60,132,27,3,135,57,12,130,116,102,40,105,101" hai2="64,78,34,52,45,5,126,117,28,92,1,11,91" hai3="88,84,76,33,113,6,14,70,112,111,56,73,122"/><T2/><D107/><U85/><E116/><V109/><F109/><W49/><G33/><T68/><D128/><U9/><E3/><V110/><F110/><W100/><G70/><T21/><D2/><U86/><E130/><V13/><F126/><N who="0" m="48170" /><D43/><U23/><E40/><V44/><F117/><W38/><G38/><T98/><D98/><U81/><E105/><V134/><F134/><N who="1" m="51241" /><E23/><N who="0" m="8713" /><D37/><U32/><E27/><V97/><F1/><W104/><G111/><T19/><D55/><N who="1" m="33855" /><E32/><V131/><F131/><W108/><G108/><T29/><D29/><U46/><E46/><V80/><F52/><W26/><G26/><T62/><D62/><U31/><E31/><V89/><F28/><W47/><G47/><T53/><D53/><U90/><E86/><N who="2" m="48407" /><F34/><W58/><G104/><T0/><D0/><U63/><E63/><V94/><F64/><AGARI ba="1,0" hai="10,15,19,61,64,68,72,75" m="8713,48170" machi="64" ten="30,5800,0" yaku="18,1,52,2" doraHai="106" who="0" fromWho="2" sc="310,61,230,0,230,-61,230,0" /><INIT seed="0,2,0,4,0,31" ten="371,230,169,230" oya="0" hai0="123,96,30,58,126,38,66,44,24,98,88,21,129" hai1="15,32,25,4,41,49,130,39,74,35,23,36,70" hai2="3,78,84,8,9,111,107,5,11,53,12,120,20" hai3="61,22,135,69,80,13,113,89,16,83,65,125,112"/><T76/><D123/><U116/><E116/><V85/><F120/><W133/><G125/><T108/><D126/><U99/><E70/><V45/><F107/><W28/><G28/><T68/><D68/><U40/><E74/><V6/><F111/><W124/><G124/><T26/><D108/><U109/><E109/><V81/><F20/><W104/><G104/><T94/><D129/><U77/><E77/><V121/><F121/><W33/><G33/><T27/><D76/><U119/><E119/><V55/><F84/><W102/><G102/><T64/><D98/><U14/><E130/><V97/><F97/><W62/><G62/><N who="0" m="37975" /><D38/><U1/><E99/><V103/><F103/><W17/><G17/><T72/><D72/><U128/><E128/><V10/><F53/><W131/><G131/><T82/><D82/><U18/><E1/><V127/><F127/><W71/><G71/><T43/><D66/><U91/><E91/><V57/><REACH who="2" step="1"/><F45/><REACH who="2" ten="371,230,159,230" step="2"/><W37/><G22/><T60/><D44/><U95/><E23/><V51/><AGARI ba="2,1" hai="3,5,6,8,9,10,11,12,51,55,57,78,81,85" machi="51" ten="20,5200,0" yaku="1,1,2,1,0,1,7,1,53,0" doraHai="31" doraHaiUra="101" who="2" fromWho="2" sc="371,-28,230,-15,159,68,230,-15" /><INIT seed="1,0,0,4,1,59" ten="343,215,227,215" oya="1" hai0="35,71,84,38,93,72,37,65,30,129,107,55,14" hai1="124,62,86,100,134,7,85,56,133,15,96,54,20" hai2="75,82,97,52,50,95,131,88,103,57,44,105,90" hai3="28,108,0,23,36,127,49,98,34,66,53,5,19"/><U6/><E124/><V81/><F131/><W67/><G36/><T132/><D132/><N who="1" m="50795" /><E20/><V101/><F75/><W89/><G108/><T104/><D129/><U40/><E40/><V120/><F120/><W8/><G127/><T11/><D55/><U18/><E18/><V102/><F105/><N who="0" m="40522" /><D93/><N who="1" m="58383" /><E15/><V48/><F90/><W46/><G89/><T12/><D84/><AGARI ba="0,0" hai="6,7,54,56,62,84,85,86" m="58383,50795" machi="84" ten="30,2900,0" yaku="20,1,52,1" doraHai="59" who="1" fromWho="0" sc="343,-29,215,29,227,0,215,0" /><INIT seed="1,1,0,3,0,96" ten="314,244,227,215" oya="1" hai0="107,68,122,24,120,34,16,57,71,101,54,3,21" hai1="134,63,44,81,25,30,14,87,70,115,5,75,65" hai2="79,67,133,76,105,42,104,10,73,124,2,69,36" hai3="126,48,100,33,64,52,90,80,6,66,113,84,109"/><U35/><E134/><V19/><F124/><W50/><G33/><T62/><D3/><U129/><E129/><V82/><F79/><W88/><G113/><T117/><D34/><U119/><E115/><V18/><F133/><W108/><G126/><T112/><D117/><U59/><E119/><V9/><F9/><W7/><G100/><T53/><D53/><U51/><E75/><V38/><F38/><W60/><G90/><T110/><D110/><N who="3" m="42601" /><G50/><T43/><D43/><U27/><E27/><V0/><F0/><W23/><G23/><T127/><D127/><U128/><E128/><V22/><F22/><W86/><G86/><T13/><D13/><U111/><E111/><V123/><F104/><W94/><G80/><T45/><D45/><U28/><E28/><V61/><F105/><W58/><G66/><T93/><D107/><U56/><E14/><V32/><F123/><N who="0" m="47146" /><D112/><U72/><E72/><V78/><F78/><W106/><G106/><T132/><D132/><U125/><E125/><V95/><F95/><W31/><G31/><T83/><D83/><U11/><E11/><V77/><F77/><W103/><G103/><T92/><D92/><U29/><E29/><V37/><F32/><W121/><G121/><T89/><D101/><U20/><E35/><V116/><F116/><W39/><G39/><N who="2" m="14921" /><F42/><W41/><G41/><T49/><D49/><U17/><E30/><V97/><F97/><AGARI ba="1,0" hai="16,21,24,54,57,62,68,71,89,93,97" m="47146" machi="97" ten="30,3900,0" yaku="25,1,13,1,54,1" doraHai="96" who="0" fromWho="2" sc="314,42,244,0,227,-42,215,0" /><INIT seed="2,0,0,4,0,12" ten="356,244,185,215" oya="2" hai0="36,9,91,1,2,44,63,42,127,52,71,24,19" hai1="99,54,106,103,96,83,128,25,33,101,45,70,57" hai2="14,77,81,112,69,84,109,66,123,130,79,119,49" hai3="125,18,38,124,41,86,64,62,20,134,76,92,116"/><V10/><F112/><W107/><G107/><T3/><D127/><N who="3" m="48713" /><G116/><T85/><D71/><U105/><E128/><V4/><F123/><W108/><G108/><T7/><D24/><U90/><E70/><V56/><F119/><W60/><G134/><T120/><D120/><U133/><E133/><V82/><F130/><W0/><G0/><T95/><REACH who="0" step="1"/><D19/><REACH who="0" ten="346,244,185,215" step="2"/><U68/><E68/><V114/><F69/><W40/><G18/><T132/><D132/><U121/><E121/><V22/><F109/><W31/><G31/><T113/><D113/><U53/><E25/><V29/><F114/><W118/><G118/><T13/><D13/><U78/><E33/><V89/><F29/><W80/><G38/><T8/><D8/><U61/><E45/><V28/><F28/><W23/><G23/><T135/><D135/><U46/><E46/><V88/><F22/><W73/><G20/><T131/><D131/><U27/><E27/><V129/><F129/><W35/><G35/><T67/><D67/><U50/><E57/><AGARI ba="0,1" hai="1,2,3,7,9,36,42,44,52,57,63,85,91,95" machi="57" ten="40,5200,0" yaku="1,1,54,1,53,1" doraHai="12" doraHaiUra="43" who="0" fromWho="1" sc="346,62,244,-52,185,0,215,0" /><INIT seed="3,0,0,0,2,62" ten="408,192,185,215" oya="3" hai0="58,91,77,83,106,18,12,111,131,69,8,130,31" hai1="45,114,55,52,13,42,132,56,84,80,16,74,22" hai2="24,92,26,70,15,124,128,30,94,73,32,129,81" hai3="19,41,120,105,48,96,126,85,119,127,101,10,116"/><W103/><G10/><T66/><D111/><U134/><E114/><V40/><F70/><W14/><G14/><T65/><D69/><U118/><E74/><V63/><F124/><N who="3" m="47659" /><G19/><T110/><D110/><U107/><E107/><V53/><F40/><W93/><G48/><T122/><D106/><U46/><E118/><N who="3" m="45098" /><G41/><T21/><D122/><U117/><E117/><V51/><F63/><W0/><G0/><T7/><D91/><N who="1" m="51591" /><E56/><N who="2" m="32831" /><F15/><W87/><G120/><T68/><D68/><U89/><E89/><V5/><F24/><W100/><G105/><T135/><D135/><N who="1" m="51755" /><E45/><V59/><F59/><W109/><G109/><T37/><D37/><AGARI ba="0,0" hai="13,16,22,37,42,46,52,55" m="51755,51591" machi="37" ten="30,3900,0" yaku="20,1,54,2" doraHai="62" who="1" fromWho="0" sc="408,-39,192,39,185,0,215,0" /><INIT seed="4,0,0,5,4,92" ten="369,231,185,215" oya="0" hai0="132,23,84,4,89,80,86,34,88,69,45,66,72" hai1="109,81,117,79,11,76,74,38,48,113,100,9,0" hai2="73,104,58,50,21,122,103,131,17,96,121,110,127" hai3="25,83,28,13,46,68,51,119,7,5,53,57,63"/><T41/><D34/><U64/><E109/><V37/><F110/><W115/><G115/><T27/><D132/><U77/><E117/><V108/><F108/><W129/><G129/><T105/><D105/><U56/><E38/><V55/><F131/><W128/><G128/><T118/><D118/><U123/><E123/><V35/><F35/><W3/><G3/><T14/><D72/><U97/><E113/><V30/><F30/><W120/><G120/><T134/><D134/><U19/><E0/><V49/><F37/><W95/><G68/><T59/><D69/><U2/><E2/><V133/><F133/><W15/><G83/><T43/><D45/><U107/><E19/><V111/><F111/><W102/><G119/><T54/><D66/><U16/><E9/><V65/><F127/><W31/><G7/><T39/><D39/><U36/><E36/><V22/><F73/><W91/><G102/><T12/><D4/><U62/><REACH who="1" step="1"/><E48/><REACH who="1" ten="369,221,185,215" step="2"/><V126/><F50/><W42/><G5/><T26/><D14/><AGARI ba="0,1" hai="11,14,16,56,62,64,74,76,77,79,81,97,100,107" machi="14" ten="40,8000,1" yaku="1,1,2,1,52,1,54,1,53,0" doraHai="92" doraHaiUra="114" who="1" fromWho="0" sc="369,-80,221,90,185,0,215,0" /><INIT seed="5,0,0,4,4,1" ten="289,311,185,215" oya="1" hai0="95,4,38,2,97,114,122,24,22,13,73,10,39" hai1="12,104,11,103,59,20,106,15,75,85,28,44,30" hai2="130,109,6,62,25,115,133,55,92,74,60,31,33" hai3="116,47,18,32,58,57,26,127,51,119,9,41,67"/><U35/><E75/><V48/><F109/><W45/><G32/><T66/><D73/><U42/><E35/><V108/><F108/><W3/><G26/><T71/><D114/><U117/><E117/><N who="3" m="45130" /><G18/><T129/><D129/><U134/><E134/><V78/><F130/><W52/><G9/><T61/><D2/><U100/><E59/><N who="3" m="22538" /><G3/><T23/><D122/><U36/><E85/><V99/><F133/><W84/><G84/><T101/><REACH who="0" step="1"/><D22/><REACH who="0" ten="279,311,185,215" step="2"/><U29/><E20/><V72/><F115/><W118/><G118/><T90/><D90/><U21/><E21/><V111/><F111/><W123/><G123/><T14/><D14/><U93/><E15/><V46/><F74/><W65/><G127/><T8/><D8/><U110/><E110/><V87/><F72/><W76/><G76/><T125/><D125/><U54/><E12/><V64/><F64/><W107/><G107/><T83/><D83/><U27/><E11/><V124/><F124/><W40/><G40/><T82/><D82/><U77/><E77/><V105/><F105/><N who="1" m="40553" /><E27/><V121/><F121/><W80/><G80/><T88/><D88/><U43/><E42/><V126/><F126/><W50/><AGARI ba="0,1" hai="41,45,47,50,51,52,65,67" m="22538,45130" machi="50" ten="30,7900,0" yaku="12,1,34,2,54,1" doraHai="1" who="3" fromWho="3" sc="279,-20,311,-39,185,-20,215,89" /><INIT seed="6,0,0,0,1,119" ten="259,272,165,304" oya="2" hai0="18,28,106,117,31,3,135,116,97,57,114,21,55" hai1="7,54,25,133,85,122,101,20,110,121,94,8,23" hai2="45,24,134,32,64,105,16,71,93,83,95,34,51" hai3="102,84,80,11,73,1,27,58,124,15,30,26,126"/><V100/><F134/><W37/><G37/><T118/><D114/><U107/><E110/><V59/><F71/><W125/><G73/><T103/><D3/><U129/><E133/><V63/><F83/><W38/><G38/><T88/><D88/><N who="1" m="53519" /><E54/><V91/><F105/><W66/><G102/><T92/><D106/><U74/><E74/><V29/><F100/><W13/><G1/><T17/><D135/><U61/><E61/><V52/><F34/><N who="3" m="20823" /><G27/><T96/><D96/><N who="1" m="61863" /><E25/><V0/><F0/><W68/><G58/><T75/><D75/><U99/><E99/><V22/><REACH who="2" step="1"/><F91/><REACH who="2" ten="259,272,155,304" step="2"/><W49/><G80/><T46/><D117/><U76/><E76/><V89/><F89/><W115/><G68/><T60/><D118/><U128/><E23/><V50/><F50/><W47/><G49/><T41/><D21/><U86/><E20/><V104/><F104/><W42/><G125/><T40/><D116/><U14/><E86/><V72/><F72/><W53/><G84/><T82/><D82/><U112/><E112/><V12/><AGARI ba="0,1" hai="12,16,22,24,29,32,45,51,52,59,63,64,93,95" machi="12" ten="20,18000,2" yaku="1,1,0,1,7,1,54,2,53,1" doraHai="119" doraHaiUra="10" who="2" fromWho="2" sc="259,-60,272,-60,155,190,304,-60" /><INIT seed="6,1,0,4,3,106" ten="199,212,345,244" oya="2" hai0="36,116,58,92,19,37,84,18,31,86,125,133,85" hai1="74,114,26,130,44,22,65,15,110,127,80,75,11" hai2="77,47,100,32,70,16,122,79,20,33,63,131,89" hai3="13,103,104,72,113,118,82,101,21,96,14,30,62"/><V27/><F122/><W45/><G118/><T48/><D133/><U81/><E110/><V8/><F131/><W71/><G103/><T90/><D125/><U54/><E65/><V4/><F100/><W91/><G113/><T38/><D116/><U2/><E2/><V120/><F120/><W52/><G71/><T1/><D1/><U43/><E130/><V9/><F89/><W5/><G5/><T69/><D69/><U87/><E127/><V102/><F102/><W35/><G35/><T135/><D135/><U34/><E34/><V111/><F111/><W95/><G30/><T124/><D31/><U99/><E99/><V23/><F23/><W78/><G21/><T3/><D3/><U105/><E105/><V64/><F9/><W17/><G17/><T93/><D124/><U12/><E54/><V129/><F129/><W126/><G126/><T98/><D93/><U109/><E109/><V117/><F117/><W10/><G10/><T94/><D94/><U51/><E114/><V40/><F33/><W73/><G73/><N who="1" m="27658" /><E11/><V123/><F32/><W41/><G52/><T83/><D83/><N who="1" m="31819" /><E87/><V7/><F123/><W107/><G107/><T49/><REACH who="0" step="1"/><D58/><REACH who="0" ten="189,212,345,244" step="2"/><U66/><E66/><V134/><F134/><W108/><G108/><T128/><D128/><U132/><E132/><V46/><F4/><W0/><G0/><T60/><D60/><U24/><E24/><V25/><F25/><W88/><G62/><T42/><D42/><U121/><E121/><V28/><F40/><W61/><G61/><T57/><D57/><U50/><E43/><V67/><F67/><RYUUKYOKU ba="1,1" sc="189,30,212,-10,345,-10,244,-10" hai0="18,19,36,37,38,48,49,84,85,86,90,92,98" /><INIT seed="7,2,1,4,4,10" ten="219,202,335,234" oya="3" hai0="103,107,119,7,22,21,67,134,2,31,5,9,98" hai1="11,14,65,23,32,68,13,75,117,78,45,110,122" hai2="116,34,18,42,8,35,126,16,24,121,113,59,83" hai3="96,100,62,111,127,37,89,101,58,54,30,90,94"/><W71/><G37/><T120/><D119/><U52/><E32/><V128/><F42/><W20/><G71/><T73/><D73/><U74/><E110/><V51/><F116/><W56/><G127/><T84/><D120/><U49/><E117/><V88/><F113/><W102/><G111/><T1/><D134/><U4/><E122/><V115/><F128/><W123/><G123/><T19/><D67/><U57/><E68/><V72/><F115/><W39/><G39/><T69/><D69/><U97/><E78/><V0/><F126/><W93/><G58/><T130/><D130/><U64/><E97/><V60/><F51/><W36/><G36/><T70/><D70/><U28/><E75/><V25/><F25/><N who="3" m="16679" /><G90/><T125/><D125/><U76/><E76/><V131/><F88/><W15/><G15/><T41/><D41/><N who="1" m="24751" /><E74/><V132/><F0/><W129/><G129/><T40/><D40/><U106/><E106/><V77/><F131/><W80/><G80/><T26/><D84/><AGARI ba="2,1" hai="54,56,62,84,89,93,94,96,100,101,102" m="16679" machi="84" ten="30,1500,0" yaku="8,1" doraHai="10" who="3" fromWho="0" sc="219,-21,202,0,335,0,234,31" /><INIT seed="7,3,0,4,4,88" ten="198,202,335,265" oya="3" hai0="116,50,69,55,29,65,101,11,16,82,0,36,60" hai1="15,94,122,59,95,130,111,47,118,90,23,37,63" hai2="105,71,87,33,9,86,52,121,129,135,24,19,62" hai3="12,78,31,74,32,30,2,34,80,25,64,119,134"/><W40/><G12/><T51/><D116/><U76/><E111/><V107/><F129/><W127/><G119/><T133/><D36/><U58/><E118/><V13/><F135/><W83/><G83/><T132/><D29/><U114/><E122/><V91/><F87/><W81/><G81/><T89/><D101/><U41/><E130/><V28/><F121/><W123/><G123/><T46/><D50/><U98/><E114/><V27/><F27/><W110/><G127/><T48/><D48/><N who="1" m="26735" /><E76/><V104/><F104/><W45/><G134/><N who="0" m="51819" /><D82/><U7/><E37/><V39/><F39/><W49/><G110/><T108/><D108/><U124/><E124/><V17/><F17/><W93/><G31/><T128/><D89/><N who="1" m="55631" /><E63/><V14/><F62/><W115/><G78/><T117/><D117/><U67/><E67/><V72/><F72/><W100/><G64/><T44/><D128/><U102/><E102/><V73/><F73/><W38/><G100/><T68/><D44/><U3/><E3/><V84/><F91/><W120/><G2/><T103/><D103/><U21/><E7/><V106/><F106/><W61/><G38/><T18/><D68/><U126/><E126/><V96/><F71/><W112/><G74/><T79/><D79/><U42/><E42/><V4/><F107/><W8/><G40/><T92/><D92/><U131/><E131/><V53/><F105/><W125/><G125/><T57/><D69/><U66/><E66/><V56/><F4/><AGARI ba="3,0" hai="0,4,11,16,18,46,51,55,57,60,65" m="51819" machi="4" ten="30,2000,0" yaku="20,1,54,1" doraHai="88" who="0" fromWho="2" sc="198,29,202,0,335,-29,265,0" owari="227,-17.0,202,-30.0,306,40.0,265,7.0" /></mjloggm>