<mjloggm ver="2.3"><GO type="169" lobby="0"/><UN n0="%47%4F%4B%49%47%45%4E" n1="%E3%82%A6%E3%83%AB%E3%83%88%E3%83%A9%E7%AB%8B%E7%9B%B4" n2="%E3%81%A9%E3%81%86%E3%81%A7%E3%81%97%E3%82%88%E3%81%86" n3="%E5%9D%8A%E3%82%84%E3%82%A2%E3%83%84" dan="16,18,16,16" rate="2100.26,2201.92,2106.68,2106.43" sx="M,M,M,M"/><TAIKYOKU oya="0"/><INIT seed="0,0,0,3,4,111" ten="250,250,250,250" oya="0" hai0="79,94,83,24,56,72,21,68,86,106,89,82,110" hai1="29,55,126,22,8,128,78,100,46,77,47,51,116" hai2="12,85,48,98,18,123,74,43,92,13,6,4,3" hai3="63,1,127,119,81,45,42,65,50,66,14,70,101"/><T114/><D68/><U75/><E116/><V52/><F74/><W60/><G1/><T54/><D110/><U130/><E100/><V109/><F123/><W134/><G119/><T9/><D106/><U124/><E8/><V33/><F33/><W117/><G117/><T132/><D132/><U67/><E75/><V91/><F3/><W99/><G134/><T88/><D9/><U71/><E22/><V121/><F43/><W27/><G127/><N who="1" m="48682" /><E29/><V41/><F41/><W59/><G81/><T103/><D114/><U5/><E5/><V57/><F121/><W23/><G14/><T69/><D69/><U87/><E87/><V15/><F109/><W112/><G112/><T36/><D36/><U104/><E104/><V84/><REACH who="2" step="1"/><F18/><REACH who="2" ten="250,250,240,250" step="2"/><W105/><G42/><T30/><D103/><U19/><E19/><V31/><F31/><W61/><G101/><T28/><D28/><U108/><E108/><V26/><F26/><W39/><G27/><T93/><REACH who="0" step="1"/><D89/><REACH who="0" ten="240,250,240,250" step="2"/><U17/><E17/><V0/><F0/><W118/><G118/><T135/><D135/><U120/><E120/><V25/><F25/><W125/><G125/><T40/><D40/><U122/><E122/><V64/><F64/><W133/><G133/><T10/><D10/><U95/><E67/><V53/><F53/><W96/><G66/><T49/><AGARI ba="0,2" hai="21,24,30,49,54,56,72,79,82,83,86,88,93,94" machi="49" ten="20,7800,0" yaku="1,1,0,1,7,1,54,1,53,0" doraHai="111" doraHaiUra="115" who="0" fromWho="0" sc="240,98,250,-26,240,-26,250,-26" /><INIT seed="0,1,0,1,4,41" ten="338,224,214,224" oya="0" hai0="102,59,76,81,66,35,111,60,20,44,28,78,135" hai1="52,53,55,7,39,29,112,132,14,3,2,49,19" hai2="47,84,72,124,103,43,67,77,130,34,65,74,38" hai3="95,24,46,113,1,90,121,61,120,108,127,11,50"/><T51/><D135/><U6/><E39/><V0/><F130/><W106/><G106/><T131/><D131/><U91/><E132/><V80/><F124/><W23/><G113/><T62/><D35/><U109/><E109/><V57/><F103/><W45/><G108/><T110/><D102/><U71/><E71/><V129/><F129/><W126/><G61/><T54/><D110/><U48/><E29/><V4/><F34/><W40/><G11/><T116/><D116/><U17/><E91/><V25/><F25/><W27/><G1/><N who="1" m="10" /><E14/><V119/><F119/><W70/><G70/><T133/><D133/><U98/><E98/><V92/><F57/><W42/><G95/><T104/><D104/><U36/><E36/><V93/><F93/><W117/><G90/><T58/><D111/><U88/><E88/><N who="2" m="53255" /><F74/><W97/><G97/><T63/><D63/><U64/><E64/><V118/><F118/><W125/><G117/><T8/><D8/><AGARI ba="1,0" hai="0,4,8,38,43,47,65,67,72,77,80" m="53255" machi="8" ten="30,3900,0" yaku="25,1,52,1,54,1" doraHai="41" who="2" fromWho="0" sc="338,-42,224,0,214,42,224,0" /><INIT seed="1,0,0,3,0,92" ten="296,224,256,224" oya="1" hai0="90,8,113,37,135,3,114,27,127,126,76,45,83" hai1="101,107,95,96,133,111,122,2,62,35,7,64,78" hai2="81,117,53,66,48,46,34,28,30,89,120,24,9" hai3="1,79,87,10,71,74,119,110,56,88,50,80,25"/><U65/><E122/><V19/><F120/><W57/><G110/><T18/><D90/><U100/><E133/><V109/><F117/><W131/><G131/><T106/><D18/><U70/><E111/><V91/><F109/><W115/><G71/><T44/><D27/><U5/><E65/><V85/><F66/><W60/><G115/><T99/><D45/><U14/><E2/><V103/><F103/><W38/><G38/><T112/><D135/><U124/><E124/><N who="0" m="47657" /><D106/><U32/><E78/><V26/><F89/><W134/><G134/><T21/><D21/><U40/><E40/><V43/><F43/><W104/><G104/><T121/><D99/><U4/><REACH who="1" step="1"/><E14/><REACH who="1" ten="296,214,256,224" step="2"/><N who="2" m="7631" /><F34/><W20/><G79/><T63/><D121/><U102/><E102/><V128/><F128/><W86/><G1/><T41/><D114/><U73/><E73/><V59/><F28/><W108/><G74/><T77/><D113/><U12/><E12/><V93/><F30/><W31/><G108/><T15/><D112/><U54/><E54/><V68/><F68/><W16/><G119/><T17/><D3/><U0/><E0/><V75/><F75/><W49/><G31/><T42/><D42/><U36/><E36/><V67/><F67/><W23/><G25/><T129/><D129/><U51/><E51/><V82/><F24/><W13/><G49/><T11/><D63/><U125/><E125/><V33/><F26/><W52/><G60/><T123/><D123/><U132/><E132/><V39/><F33/><W29/><G29/><T55/><D55/><U6/><N who="1" m="1024" /><DORA hai="84" /><U69/><E69/><RYUUKYOKU ba="0,1" sc="296,-15,214,15,256,15,224,-15" hai1="32,35,62,64,70,95,96,100,101,107" hai2="39,46,48,53,59,81,82,85,91,93" /><INIT seed="1,1,1,4,1,129" ten="281,229,271,209" oya="1" hai0="113,43,127,12,108,13,99,117,44,42,18,60,25" hai1="107,132,94,114,30,76,63,3,84,1,135,125,19" hai2="22,39,103,51,45,61,85,88,5,100,123,38,49" hai3="34,9,57,27,75,17,79,21,95,104,7,106,20"/><U96/><E30/><V112/><F123/><W33/><G95/><T16/><D113/><U98/><E114/><V23/><F112/><W28/><G57/><T29/><D117/><U35/><E35/><V68/><F68/><W133/><G79/><T97/><D108/><U47/><E107/><V32/><F32/><N who="3" m="12395" /><G75/><T102/><D127/><U70/><E47/><V131/><F131/><W73/><G73/><T10/><D60/><U36/><E36/><V93/><F39/><W54/><G54/><T8/><D25/><U55/><E19/><V6/><F38/><W50/><G50/><N who="2" m="18953" /><F61/><W4/><G106/><T128/><D29/><U2/><E125/><V86/><F45/><W110/><G104/><T82/><D128/><U41/><E41/><V92/><F85/><W116/><G116/><T72/><D44/><U59/><E70/><V105/><F105/><W62/><G62/><T80/><REACH who="0" step="1"/><D72/><REACH who="0" ten="271,229,271,209" step="2"/><U52/><E55/><V119/><F119/><W15/><G110/><T81/><D81/><N who="1" m="47143" /><E94/><V74/><F74/><W0/><G7/><N who="2" m="2569" /><F93/><W130/><G130/><T126/><D126/><U53/><E53/><V121/><F121/><W109/><G109/><T71/><D71/><U48/><E63/><V69/><F69/><W83/><G83/><T66/><D66/><U120/><E120/><V90/><F92/><W46/><G46/><T58/><D58/><U31/><E31/><V26/><F100/><AGARI ba="1,2" hai="8,10,12,13,16,18,42,43,80,82,97,99,100,102" machi="100" ten="25,8000,1" yaku="1,1,22,2,8,1,54,1,53,0" doraHai="129" doraHaiUra="87" who="0" fromWho="2" sc="271,103,229,0,271,-83,209,0" /><INIT seed="2,0,0,3,4,107" ten="374,229,188,209" oya="2" hai0="70,98,46,24,108,8,89,84,130,35,21,115,2" hai1="53,38,113,86,57,3,49,17,31,51,55,124,109" hai2="15,81,135,67,25,56,45,97,43,18,29,71,74" hai3="34,100,7,114,9,122,32,77,106,134,112,91,33"/><V65/><F135/><W78/><G122/><T133/><D115/><N who="3" m="44073" /><G134/><T121/><D70/><U52/><E113/><V13/><F71/><W61/><G91/><T88/><D121/><U92/><E38/><V116/><F116/><W131/><G131/><T23/><D35/><U117/><E117/><V44/><F97/><N who="3" m="61711" /><G61/><T87/><D130/><U6/><E109/><V27/><F56/><W36/><G36/><T118/><D98/><U123/><E123/><V66/><F29/><W99/><G99/><T22/><D108/><U101/><E101/><V4/><F4/><W5/><G5/><T54/><D118/><U119/><E31/><V110/><F110/><W79/><G79/><T80/><D24/><U95/><E6/><V82/><F66/><W127/><G127/><T39/><D39/><U132/><E124/><V0/><F0/><AGARI ba="0,0" hai="0,7,9,32,33,34,77,78" m="61711,44073" machi="0" ten="40,1300,0" yaku="11,1" doraHai="107" who="3" fromWho="2" sc="374,0,229,0,188,-13,209,13" /><INIT seed="3,0,0,5,0,3" ten="374,229,175,222" oya="3" hai0="14,111,0,121,33,120,66,106,60,98,95,65,20" hai1="99,2,133,70,18,12,113,35,36,24,114,58,1" hai2="116,97,11,126,10,79,30,61,93,75,104,110,103" hai3="94,56,37,62,115,109,90,39,100,45,123,131,132"/><W31/><G123/><T41/><D111/><U46/><E70/><V67/><F116/><W59/><G115/><T83/><D0/><U130/><E58/><V73/><F110/><W84/><G109/><T124/><D124/><U72/><E72/><V49/><F126/><W78/><G132/><T28/><D41/><U21/><E133/><V105/><F105/><W53/><G131/><T76/><D66/><U91/><E130/><V119/><F119/><W74/><G31/><T32/><D14/><U34/><E91/><V13/><F10/><W38/><G100/><T108/><D108/><U86/><E86/><V85/><F49/><W29/><G29/><T102/><D32/><N who="1" m="12331" /><E99/><V57/><F30/><W47/><REACH who="3" step="1"/><G59/><REACH who="3" ten="374,229,175,212" step="2"/><N who="0" m="37023" /><D33/><U7/><E114/><V71/><F57/><W19/><G19/><T112/><D112/><U125/><E113/><V42/><F103/><W9/><G9/><T27/><D106/><U43/><E125/><V129/><F11/><W40/><G40/><T4/><D4/><U92/><E7/><V118/><F42/><W68/><G68/><T88/><D121/><U54/><E43/><V16/><F118/><W101/><G101/><T52/><D120/><U117/><E18/><V80/><F129/><W81/><AGARI ba="0,1" hai="37,38,39,45,47,53,56,62,74,78,81,84,90,94" machi="81" ten="40,3900,0" yaku="1,1,0,1,53,0" doraHai="3" doraHaiUra="134" who="3" fromWho="3" sc="374,-13,229,-13,175,-13,212,49" /><INIT seed="3,1,0,5,5,127" ten="361,216,162,261" oya="3" hai0="109,98,68,69,36,119,35,88,20,45,66,103,47" hai1="12,2,79,38,44,8,34,4,89,26,123,37,105" hai2="54,106,25,51,50,83,31,102,96,56,1,94,78" hai3="120,72,13,133,113,9,91,55,0,134,135,99,17"/><W71/><G120/><T21/><D35/><U77/><E123/><V70/><F70/><W85/><G113/><T130/><D66/><U76/><E105/><V116/><F1/><W41/><G72/><T11/><D11/><U33/><E89/><V7/><F7/><W112/><G112/><T5/><D5/><U125/><E125/><V23/><F116/><W32/><G32/><T27/><D27/><U53/><E2/><V52/><F106/><W93/><G71/><T82/><D36/><U101/><E101/><V131/><F131/><W86/><G41/><T111/><D82/><U80/><E80/><V128/><F128/><W64/><G64/><T92/><D130/><U108/><E108/><V40/><F40/><W124/><G124/><T110/><D103/><U95/><E95/><V104/><F104/><W39/><G39/><T28/><D28/><U22/><E38/><V14/><F14/><W65/><G65/><T18/><D18/><U129/><E129/><V74/><REACH who="2" step="1"/><F54/><REACH who="2" ten="361,216,152,261" step="2"/><W100/><G0/><T6/><D6/><U62/><E53/><V122/><F122/><W61/><G135/><T10/><D119/><U117/><E117/><V57/><F57/><N who="3" m="35007" /><G134/><T43/><D43/><U87/><E4/><V58/><F58/><W60/><G133/><T30/><D68/><U75/><E12/><V118/><F118/><W126/><G126/><T81/><D69/><U15/><E15/><V132/><F132/><W90/><G13/><T29/><D111/><U59/><E8/><V46/><F46/><W84/><G9/><T3/><D10/><U24/><E44/><RYUUKYOKU ba="1,1" sc="361,-10,216,-10,152,30,261,-10" hai2="23,25,31,50,51,52,56,74,78,83,94,96,102" /><INIT seed="4,2,1,0,0,33" ten="351,206,182,251" oya="0" hai0="7,127,0,27,124,56,89,66,34,108,71,125,122" hai1="43,68,83,1,102,115,21,81,134,49,113,29,105" hai2="6,35,12,53,11,55,97,58,25,20,69,84,119" hai3="36,54,95,135,132,38,116,44,86,126,98,16,123"/><T120/><D56/><U114/><E68/><V50/><F119/><W82/><G116/><T111/><D66/><U32/><E32/><V80/><F69/><W78/><G126/><T100/><D71/><U5/><E134/><N who="3" m="51242" /><G123/><N who="0" m="47147" /><D89/><U91/><E21/><V51/><F35/><W63/><G16/><T129/><D100/><U104/><E29/><N who="2" m="17575" /><F97/><W73/><G73/><T61/><D61/><U85/><E83/><V72/><F72/><W60/><G54/><N who="2" m="20489" /><F58/><W23/><G23/><T3/><D129/><U26/><E26/><V64/><F64/><W40/><G38/><T65/><D65/><U79/><E102/><AGARI ba="2,1" hai="36,40,44,60,63,78,82,86,95,98,102" m="51242" machi="102" ten="30,1000,0" yaku="20,1" doraHai="33" who="3" fromWho="1" sc="351,0,206,-16,182,0,251,26" /><INIT seed="5,0,0,0,4,65" ten="351,190,182,277" oya="1" hai0="126,95,99,75,2,6,113,71,57,66,88,20,49" hai1="69,102,94,116,74,125,109,37,70,18,13,29,87" hai2="47,33,117,127,98,11,35,67,42,22,24,38,100" hai3="106,90,92,54,128,133,77,60,118,9,52,14,26"/><U104/><E37/><V32/><F117/><W86/><G106/><T51/><D75/><U83/><E29/><V111/><F111/><W115/><G115/><T119/><D119/><U85/><E116/><V36/><F127/><W72/><G118/><T76/><D76/><N who="1" m="44439" /><E87/><V93/><F11/><W39/><G39/><T7/><D113/><U48/><E48/><V30/><F38/><W21/><G72/><T123/><D126/><U96/><E125/><V46/><F46/><W62/><G77/><T110/><D123/><U34/><E34/><V43/><F43/><W40/><G40/><T121/><D110/><U45/><E45/><V58/><REACH who="2" step="1"/><F33/><REACH who="2" ten="351,190,172,277" step="2"/><W107/><G9/><T19/><D121/><U114/><E109/><V8/><F8/><W56/><G133/><T134/><D134/><U12/><E114/><V0/><F0/><W53/><G128/><T80/><D2/><U44/><E44/><V1/><F1/><W124/><G124/><T91/><D6/><U89/><E13/><V79/><F79/><W105/><G14/><T84/><D7/><U101/><E101/><V81/><F81/><W3/><G3/><T112/><D112/><U17/><E12/><V78/><F78/><W63/><G21/><T31/><D20/><U103/><E103/><V41/><F41/><W108/><G108/><T50/><D80/><U25/><E25/><V129/><F129/><W5/><G26/><T15/><D15/><U4/><E4/><V82/><F82/><W131/><G131/><T61/><D31/><U122/><E122/><V135/><F135/><W55/><G5/><RYUUKYOKU ba="0,1" sc="351,-30,190,10,172,10,277,10" hai1="17,18,69,70,85,89,94,96,102,104" hai2="22,24,30,32,35,36,42,47,58,67,93,98,100" hai3="52,53,54,55,56,60,62,63,86,90,92,105,107" /><INIT seed="5,1,1,5,4,24" ten="321,200,182,287" oya="1" hai0="50,118,26,91,3,85,121,36,129,4,14,12,43" hai1="110,39,48,109,6,0,123,30,8,128,62,22,107" hai2="98,90,67,115,44,56,40,20,131,125,77,75,76" hai3="127,86,133,23,122,25,73,71,89,97,74,33,105"/><U46/><E39/><V134/><F131/><W87/><G122/><T102/><D118/><U54/><E107/><V126/><F75/><W27/><G133/><T15/><D102/><U135/><E123/><V70/><F70/><W11/><G127/><N who="2" m="48649" /><F134/><W81/><G71/><T119/><D119/><U130/><E135/><V5/><F5/><W19/><G11/><T37/><D129/><N who="1" m="49771" /><E62/><N who="2" m="38343" /><F115/><W132/><G132/><T57/><D37/><U113/><E113/><V88/><F20/><W108/><G108/><N who="1" m="41578" /><E22/><V59/><F59/><W16/><G33/><T61/><D36/><U47/><E47/><V35/><F35/><W72/><G105/><T101/><D121/><U29/><AGARI ba="1,1" hai="0,6,8,29,30,46,48,54" m="41578,49771" machi="29" ten="40,12000,1" yaku="19,1,10,1,52,2" doraHai="24" who="1" fromWho="1" sc="321,-41,200,133,182,-41,287,-41" /><INIT seed="5,2,0,0,5,33" ten="280,333,141,246" oya="1" hai0="7,64,70,21,68,99,55,88,43,59,72,117,52" hai1="1,79,87,61,41,125,14,104,20,0,130,19,100" hai2="66,105,73,112,37,11,108,54,34,53,115,38,85" hai3="31,121,15,119,109,82,26,32,30,50,110,128,101"/><U40/><E104/><V94/><F34/><W103/><G121/><T46/><D117/><U23/><E100/><V29/><F105/><W118/><G82/><T62/><D72/><U107/><E107/><V2/><F73/><W106/><G50/><T6/><D68/><U131/><E125/><V80/><F66/><W57/><G57/><T75/><D75/><U116/><E116/><N who="3" m="44586" /><G106/><T124/><D21/><U71/><E23/><V65/><F65/><W16/><G103/><T4/><D124/><U96/><E96/><V45/><F94/><W18/><G101/><T120/><D120/><U89/><E79/><V51/><F108/><N who="3" m="41579" /><G128/><N who="1" m="49194" /><E61/><V22/><F53/><W84/><G84/><T24/><D24/><U12/><E71/><V113/><F22/><N who="3" m="11551" /><G18/><T102/><D70/><U42/><E87/><V78/><REACH who="2" step="1"/><F29/><AGARI ba="2,0" hai="26,29,30,31,32" m="11551,41579,44586" machi="29" ten="30,7700,0" yaku="12,1,34,2,54,1" doraHai="33" who="3" fromWho="2" sc="280,0,333,0,141,-83,246,83" /><INIT seed="6,0,0,1,0,9" ten="280,333,58,329" oya="2" hai0="113,73,58,75,18,41,49,38,124,24,103,118,90" hai1="35,132,64,23,52,39,131,67,42,100,13,65,104" hai2="109,59,68,21,112,14,121,76,6,93,47,17,110" hai3="115,98,53,48,0,107,43,5,74,12,28,129,88"/><V89/><F121/><W79/><G0/><T135/><D124/><U97/><E35/><V8/><F68/><W26/><G43/><T130/><D24/><U133/><E131/><V63/><F76/><W95/><G107/><T31/><D18/><U78/><E78/><V69/><F69/><W108/><G108/><T116/><D31/><U102/><E102/><V1/><F47/><W99/><G129/><T44/><D90/><U117/><E117/><N who="0" m="45161" /><D103/><U55/><E42/><V84/><REACH who="2" step="1"/><F112/><REACH who="2" ten="280,333,48,329" step="2"/><W91/><G115/><T11/><D113/><U81/><E133/><V10/><F10/><N who="3" m="4175" /><G79/><T29/><D11/><U57/><E132/><V60/><F60/><W92/><G74/><T122/><D122/><U128/><E128/><V123/><F123/><W101/><G101/><T82/><D135/><U114/><E100/><V30/><F30/><W3/><G3/><T71/><D29/><U77/><E114/><V127/><F127/><W37/><G37/><T56/><D71/><U32/><E39/><V119/><F119/><W66/><G28/><T126/><D126/><U134/><E134/><V19/><F19/><W36/><G36/><T61/><D130/><U105/><E77/><V7/><F7/><W22/><G22/><T20/><D20/><U125/><E23/><V50/><F50/><W85/><G48/><T80/><D38/><U72/><E125/><V86/><F86/><W16/><G16/><T40/><D61/><U54/><E72/><V15/><F15/><W83/><G85/><T70/><D70/><U45/><E13/><V120/><F120/><W33/><G33/><RYUUKYOKU ba="0,1" sc="280,-10,333,-10,48,30,329,-10" hai2="1,6,8,14,17,21,59,63,84,89,93,109,110" /><INIT seed="6,1,1,2,4,51" ten="270,323,78,319" oya="2" hai0="12,6,39,102,35,133,90,68,96,123,121,46,103" hai1="21,26,33,118,131,79,49,0,134,29,122,25,105" hai2="109,115,31,114,18,100,64,126,13,56,55,125,99" hai3="59,74,128,110,54,8,120,124,67,77,113,10,85"/><V57/><F31/><W98/><G110/><T71/><D35/><U130/><E105/><V27/><F27/><W14/><G120/><T73/><D90/><U135/><E79/><V48/><F109/><W36/><G36/><T15/><D133/><U92/><E118/><V44/><F13/><W95/><G74/><T38/><D46/><U94/><E0/><V69/><F18/><W119/><G119/><T4/><D96/><U30/><E122/><V41/><F69/><W89/><G128/><N who="1" m="49194" /><E49/><N who="2" m="26767" /><F99/><W3/><G124/><N who="2" m="47721" /><F100/><W52/><G3/><T93/><REACH who="0" step="1"/><D93/><AGARI ba="1,1" hai="21,25,26,29,30,33,92,93,94,134,135" m="49194" machi="93" ten="30,1000,0" yaku="19,1" doraHai="51" who="1" fromWho="0" sc="270,-13,323,23,78,0,319,0" /><INIT seed="7,0,0,0,1,132" ten="257,346,78,319" oya="3" hai0="131,110,77,7,56,35,30,113,65,81,61,16,108" hai1="20,38,55,66,37,87,72,23,83,57,94,3,6" hai2="71,4,0,102,43,5,85,8,129,34,18,98,44" hai3="2,48,63,26,111,95,134,1,133,114,123,119,10"/><W124/><G119/><T127/><D7/><U33/><E33/><V117/><F85/><W96/><G123/><T99/><D131/><U27/><E66/><V106/><F117/><W41/><G114/><T74/><D113/><U73/><E6/><V122/><F122/><W36/><G36/><T46/><D46/><U45/><E3/><V115/><F115/><W89/><G111/><T112/><D112/><U82/><E94/><V32/><F129/><W28/><G124/><T103/><D127/><U76/><E45/><V92/><F92/><W21/><G63/><T17/><D108/><U25/><E57/><V68/><F18/><W120/><G120/><T31/><D31/><U53/><E87/><V39/><F5/><W90/><G90/><T58/><D58/><U128/><E76/><V42/><F42/><W67/><G67/><T13/><D13/><U24/><E24/><V116/><F116/><W64/><G64/><T91/><D91/><U118/><E118/><V93/><REACH who="2" step="1"/><F93/><REACH who="2" ten="257,346,68,319" step="2"/><W97/><G97/><T70/><D110/><U11/><E128/><V40/><F40/><W60/><G60/><T51/><D56/><U135/><E135/><N who="3" m="51722" /><G10/><AGARI ba="0,1" hai="10,11,20,23,25,27,37,38,53,55,72,73,82,83" machi="10" ten="25,1600,0" yaku="22,2" doraHai="132" who="1" fromWho="3" sc="257,0,346,26,68,0,319,-16" owari="257,-14.0,372,47.0,68,-43.0,303,10.0" /></mjloggm>