<mjloggm ver="2.3"><GO type="169" lobby="0"/><UN n0="%E3%81%A9%E3%81%86%E3%81%A7%E3%81%97%E3%82%88%E3%81%86" n1="%E3%82%A6%E3%83%AB%E3%83%88%E3%83%A9%E7%AB%8B%E7%9B%B4" n2="%E3%81%82%E3%81%84%E3%81%A0%E3%81%A6" n3="%E3%82%86%E3%81%84%E3%81%A1%E3%82%83%E3%82%93%E3%81%AE%E3%83%91%E3%83%91" dan="16,18,16,17" rate="2091.68,2236.16,2102.00,2171.50" sx="M,M,M,M"/><TAIKYOKU oya="0"/><INIT seed="0,0,0,4,3,81" ten="250,250,250,250" oya="0" hai0="118,71,9,111,102,23,98,127,30,126,67,78,75" hai1="62,124,16,107,15,34,24,93,76,128,90,97,50" hai2="5,33,55,6,88,130,44,26,68,74,8,46,115" hai3="104,82,129,47,32,56,89,109,86,77,54,114,100"/><T85/><D118/><U110/><E110/><V4/><F74/><W96/><G114/><T43/><D111/><U84/><E128/><V40/><F68/><W116/><G109/><T18/><D43/><U21/><E124/><V106/><F106/><W36/><G116/><T99/><D75/><U20/><E34/><V0/><F130/><W7/><G129/><T25/><D71/><U28/><E62/><V132/><F46/><W64/><G32/><T69/><D69/><U39/><E39/><V122/><F55/><W66/><G7/><T13/><D67/><U123/><E123/><V63/><F63/><W31/><G31/><T49/><D49/><U17/><E50/><V22/><F33/><W2/><G2/><T42/><D42/><U38/><E38/><V60/><F60/><W65/><G47/><T125/><REACH who="0" step="1"/><D102/><REACH who="0" ten="240,250,250,250" step="2"/><U27/><E107/><V83/><F115/><W37/><G37/><T112/><D112/><U12/><E28/><V103/><F103/><W134/><G36/><T108/><D108/><U10/><E10/><V35/><F8/><W87/><G54/><T131/><D131/><U58/><E58/><V70/><F70/><W135/><REACH who="3" step="1"/><G56/><REACH who="3" ten="240,250,250,240" step="2"/><T121/><D121/><U57/><E57/><V91/><F40/><W105/><G105/><T113/><D113/><U120/><E120/><V117/><F122/><W79/><G79/><T48/><D48/><U94/><E76/><V51/><F51/><W14/><G14/><T80/><AGARI ba="0,2" hai="9,13,18,23,25,30,78,80,85,98,99,125,126,127" machi="80" ten="40,12000,1" yaku="1,1,0,1,18,1,52,1,53,0" doraHai="81" doraHaiUra="1" who="0" fromWho="0" sc="240,140,250,-40,250,-40,240,-40" /><INIT seed="0,1,0,5,5,46" ten="380,210,210,200" oya="0" hai0="116,48,84,117,36,108,22,4,126,59,85,0,3" hai1="14,30,52,39,19,34,76,114,33,88,111,132,38" hai2="133,122,23,92,18,120,43,5,131,1,97,110,17" hai3="15,87,64,71,47,104,102,98,96,8,60,41,75"/><T32/><D32/><U37/><E76/><V95/><F110/><W125/><G125/><T55/><D36/><U109/><E132/><V89/><F131/><W54/><G96/><T24/><D126/><U86/><E114/><V94/><F133/><W25/><G75/><T128/><D128/><U50/><E30/><V77/><F77/><W130/><G130/><T62/><D108/><N who="1" m="41547" /><E14/><V56/><F43/><W16/><G87/><T134/><D134/><U81/><E19/><V119/><F18/><W82/><G82/><T65/><D85/><U99/><E99/><V68/><F68/><W31/><G54/><T10/><D84/><U13/><E13/><V90/><F94/><W27/><REACH who="3" step="1"/><G31/><REACH who="3" ten="380,210,210,190" step="2"/><T78/><D78/><U28/><E28/><V106/><F97/><W29/><G29/><T127/><D127/><U9/><E9/><V63/><F106/><W80/><G80/><T79/><D79/><U105/><E105/><V107/><F107/><W115/><G115/><T129/><D129/><U91/><E91/><V83/><F83/><W135/><G135/><T49/><D116/><U67/><E67/><V121/><F90/><W26/><G26/><T113/><D117/><U61/><E61/><V11/><F89/><W70/><G70/><T2/><D113/><U58/><AGARI ba="1,1" hai="33,34,37,38,39,50,52,58,81,86,88" m="41547" machi="58" ten="40,8000,1" yaku="14,1,52,1,54,2" doraHai="46" who="1" fromWho="1" sc="380,-41,210,93,210,-21,190,-21" /><INIT seed="1,0,0,3,2,56" ten="339,303,189,169" oya="1" hai0="18,8,131,99,91,2,38,78,80,26,53,12,89" hai1="68,94,40,90,92,76,3,105,127,74,116,130,107" hai2="118,82,125,72,104,57,37,119,10,101,59,115,44" hai3="112,22,41,71,96,14,39,28,121,66,47,55,27"/><U15/><E3/><V88/><F125/><W48/><G112/><T122/><D38/><U132/><E40/><V17/><F59/><W31/><G121/><T77/><D122/><U0/><E0/><V5/><F17/><W109/><G109/><T20/><D131/><U9/><E15/><V120/><F120/><W75/><G75/><T32/><D99/><U97/><E9/><V114/><F57/><N who="3" m="32999" /><G96/><T128/><D128/><U54/><E54/><V58/><F58/><W135/><G14/><T63/><D78/><U62/><E62/><V64/><F64/><W102/><G102/><T21/><D21/><U46/><E46/><V93/><F101/><W111/><G111/><T19/><D63/><U70/><E70/><V134/><F104/><N who="1" m="40009" /><E68/><V24/><F24/><W85/><G31/><N who="0" m="19575" /><D53/><U98/><E130/><V129/><F129/><W16/><G28/><T67/><D67/><U23/><E23/><V86/><F44/><W25/><G25/><T126/><D2/><U4/><E4/><V36/><F10/><W49/><G49/><T1/><D18/><U7/><E7/><V29/><F5/><W34/><G34/><T11/><D11/><U123/><E123/><V69/><F69/><W60/><G66/><T45/><D1/><U106/><N who="1" m="40017" /><U100/><DORA hai="87" /><E127/><V35/><F29/><W84/><G71/><T51/><D126/><U110/><E110/><V43/><F36/><W6/><G6/><T83/><D8/><U124/><E124/><V73/><F37/><W79/><G60/><T113/><D20/><U13/><E100/><V33/><F33/><RYUUKYOKU ba="0,0" sc="339,0,303,0,189,0,169,0" /><INIT seed="2,1,0,0,1,26" ten="339,303,189,169" oya="2" hai0="16,93,28,133,91,21,30,78,34,15,32,81,122" hai1="19,64,100,130,131,134,118,46,117,80,12,86,75" hai2="106,53,56,0,2,120,25,5,96,47,84,67,109" hai3="45,44,79,115,74,87,127,20,58,17,36,110,92"/><V97/><F120/><W76/><G74/><T8/><D122/><U132/><E64/><V77/><F109/><W59/><G110/><T18/><D133/><N who="1" m="51307" /><E46/><N who="3" m="18026" /><G36/><T54/><D32/><U22/><E75/><V121/><F121/><W88/><G127/><T38/><D38/><U72/><E72/><V108/><F108/><W29/><G115/><T113/><D34/><U50/><E50/><V63/><F106/><W23/><G23/><T119/><D113/><U9/><E100/><V111/><F111/><W101/><G101/><T107/><D107/><U69/><E69/><V61/><F0/><W7/><G7/><T73/><D119/><N who="1" m="45579" /><E86/><V104/><F2/><W112/><G112/><T62/><D62/><U68/><E80/><N who="2" m="47119" /><F5/><W99/><G29/><T11/><D11/><U90/><E90/><V10/><F10/><W128/><G128/><N who="1" m="49194" /><E68/><V70/><F70/><W37/><G37/><T52/><D91/><U35/><E35/><V83/><F83/><N who="3" m="47615" /><G76/><T123/><D123/><U116/><E116/><V40/><F104/><W126/><G59/><T24/><D93/><U1/><E1/><V60/><F47/><W102/><G58/><T43/><D81/><U71/><E71/><N who="2" m="42471" /><F40/><W95/><G95/><T3/><D43/><U55/><E55/><N who="0" m="21033" /><D73/><U31/><E9/><V42/><F42/><W39/><G39/><T13/><D78/><U85/><E85/><V51/><F61/><W103/><G103/><T4/><D3/><U33/><E33/><V125/><F63/><W66/><G66/><T65/><D65/><U98/><E98/><V27/><F56/><W124/><G102/><RYUUKYOKU ba="1,0" sc="339,10,303,10,189,-30,169,10" hai0="4,8,13,15,16,18,21,24,28,30" hai1="12,19,22,31" hai3="17,20,88,92,99,124,126" /><INIT seed="3,2,0,2,3,120" ten="349,313,159,179" oya="3" hai0="124,3,51,114,109,82,62,40,88,86,69,126,107" hai1="131,121,135,45,76,90,58,55,49,22,21,1,130" hai2="113,75,134,63,106,16,110,108,27,23,79,67,94" hai3="31,46,116,32,59,78,92,117,68,66,87,71,102"/><W44/><G78/><T43/><D3/><U100/><E121/><V6/><F113/><W28/><G87/><T99/><D114/><U91/><E1/><V4/><F106/><W9/><G92/><T14/><D14/><U36/><E100/><V64/><F134/><W84/><G84/><T26/><D26/><U89/><E76/><V93/><F79/><W98/><G9/><T33/><D33/><U85/><E85/><V103/><F75/><W39/><G59/><T54/><D69/><U80/><E80/><V128/><F128/><N who="1" m="49193" /><E135/><V81/><F81/><W61/><G68/><T20/><D20/><U30/><E30/><V133/><F133/><W122/><G28/><T132/><D62/><N who="1" m="36191" /><E36/><V35/><F35/><W52/><G122/><T73/><D132/><U129/><E129/><V47/><F47/><W41/><G98/><T11/><D73/><U0/><E0/><V123/><F123/><W37/><G102/><T56/><D11/><U12/><E12/><V101/><F101/><W8/><G8/><T127/><D107/><U25/><E25/><V70/><F67/><W74/><G74/><T17/><D99/><U48/><E48/><V83/><F83/><W18/><G31/><T72/><D72/><U104/><E104/><V2/><F2/><W115/><G115/><T15/><D15/><U19/><E19/><V77/><F77/><W65/><G18/><T7/><D17/><U24/><E24/><V111/><F103/><W5/><G39/><T53/><D82/><U57/><E57/><V105/><F105/><W50/><G37/><T95/><D56/><RYUUKYOKU ba="2,0" sc="349,-15,313,15,159,15,179,-15" hai1="21,22,45,49,89,90,91" hai2="4,6,16,23,27,63,64,70,93,94,108,110,111" /><INIT seed="4,3,0,2,4,120" ten="334,328,174,164" oya="0" hai0="45,114,119,55,104,111,97,98,75,71,103,3,42" hai1="44,52,117,82,116,122,5,20,77,68,51,49,57" hai2="125,36,90,43,74,27,123,37,86,38,48,14,126" hai3="124,19,72,133,18,65,34,102,29,110,80,39,25"/><T132/><D3/><U84/><E122/><V95/><F123/><W28/><G39/><T92/><D119/><U47/><E68/><V62/><F74/><W83/><G124/><T113/><D75/><U99/><E5/><V60/><F14/><W106/><G29/><T21/><D132/><U96/><E117/><V41/><F27/><W131/><G133/><T100/><D71/><U115/><E116/><V107/><F107/><W26/><G131/><T6/><D6/><U46/><E115/><N who="0" m="44041" /><D55/><U4/><E4/><V24/><F24/><W13/><G26/><T73/><D73/><U127/><E127/><N who="2" m="48651" /><F48/><N who="1" m="18505" /><E20/><V129/><F129/><W79/><G65/><T8/><D8/><U31/><E31/><V88/><F90/><W56/><G102/><T69/><D69/><U23/><E23/><V94/><F94/><W1/><G106/><T40/><D21/><U15/><E15/><V85/><F85/><W2/><G13/><T58/><D92/><U22/><E22/><V87/><F87/><W128/><G128/><T10/><D10/><U118/><E118/><V50/><F50/><AGARI ba="3,0" hai="44,46,47,50,52,57,77,82,84,96,99" m="18505" machi="50" ten="30,2000,0" yaku="8,1,54,1" doraHai="120" who="1" fromWho="2" sc="334,0,328,29,174,-29,164,0" /><INIT seed="5,0,0,3,4,93" ten="334,357,145,164" oya="1" hai0="106,65,4,43,2,42,1,120,63,88,9,64,47" hai1="126,35,96,39,17,71,111,121,15,12,3,114,76" hai2="122,99,72,57,68,49,84,128,37,28,0,131,103" hai3="70,132,52,115,58,117,134,27,62,18,101,10,41"/><U33/><E39/><V73/><F122/><W82/><G115/><T130/><D106/><U13/><E71/><V91/><F37/><W123/><G123/><T24/><D130/><N who="2" m="49706" /><F68/><W104/><G117/><T107/><D120/><U69/><E69/><V75/><F0/><W100/><G70/><T29/><D107/><U30/><E76/><V129/><N who="2" m="49714" /><V22/><DORA hai="112" /><F28/><W46/><G82/><T23/><D2/><U48/><E48/><V20/><F57/><W60/><G60/><T135/><D135/><N who="3" m="51753" /><G104/><T25/><D25/><U116/><E30/><V108/><F49/><N who="3" m="26831" /><G27/><T44/><D24/><U94/><E121/><V5/><F5/><W86/><G86/><T125/><D29/><U34/><E114/><V95/><F108/><W7/><G18/><T31/><D31/><U102/><E111/><V26/><F26/><W118/><G118/><T61/><D61/><U45/><E116/><V81/><AGARI ba="0,0" hai="20,22,72,73,75,81,84,91,95,99,103" m="49714" machi="81" ten="50,3200,0" yaku="19,1,52,1" doraHai="93,112" who="2" fromWho="2" sc="334,-8,357,-16,145,32,164,-8" /><INIT seed="6,0,0,4,1,114" ten="326,341,177,156" oya="2" hai0="37,83,90,61,91,93,89,58,39,72,9,18,97" hai1="52,126,135,73,16,15,62,130,40,117,122,10,85" hai2="4,74,124,77,30,19,45,116,23,33,38,107,121" hai3="24,8,125,13,111,70,63,115,25,104,112,27,59"/><V123/><F107/><W50/><G111/><T100/><D72/><U46/><E73/><V6/><F74/><W60/><G104/><T35/><D35/><U119/><E130/><V113/><F77/><W1/><G1/><T31/><D31/><U7/><E135/><V132/><F38/><W95/><G125/><T48/><D48/><U0/><E126/><V32/><F45/><W129/><G129/><T118/><D118/><U29/><E29/><V110/><F124/><W103/><G70/><T75/><D75/><U127/><E127/><V133/><F116/><W134/><G134/><N who="2" m="51817" /><F30/><W54/><G103/><T49/><D49/><U81/><E122/><N who="2" m="46603" /><F110/><W131/><G131/><T41/><D41/><U68/><E40/><V43/><F43/><W84/><G112/><T99/><D39/><U21/><E46/><V64/><F64/><W55/><G115/><T22/><D37/><U120/><E120/><V36/><F36/><W44/><G60/><T86/><D97/><U65/><E52/><V2/><F113/><W5/><REACH who="3" step="1"/><G27/><REACH who="3" ten="326,341,177,146" step="2"/><T128/><D128/><U28/><E28/><V66/><F2/><W56/><G56/><T82/><D58/><U76/><AGARI ba="0,1" hai="0,7,10,15,16,21,62,65,68,76,81,85,117,119" machi="76" ten="20,8000,1" yaku="0,1,7,1,52,2,54,1" doraHai="114" who="1" fromWho="1" sc="326,-20,341,90,177,-40,146,-20" /><INIT seed="7,0,0,4,4,79" ten="306,431,137,126" oya="3" hai0="63,117,124,48,37,120,43,44,23,130,97,68,57" hai1="118,30,128,39,123,69,17,59,126,38,115,66,112" hai2="34,83,8,87,2,32,11,102,7,60,106,28,13" hai3="76,119,14,94,84,52,18,12,135,108,131,104,85"/><W21/><G119/><T42/><D97/><U116/><E123/><V109/><F109/><W71/><G104/><T98/><D98/><U47/><E69/><V103/><F106/><W89/><G71/><T92/><D92/><U82/><E128/><V73/><F73/><W114/><G131/><T122/><D23/><U40/><E126/><V90/><F60/><W45/><G108/><T19/><D19/><U16/><E39/><V35/><REACH who="2" step="1"/><F28/><REACH who="2" ten="306,431,127,126" step="2"/><W99/><G114/><T29/><D29/><U111/><E30/><V127/><F127/><W50/><G135/><T27/><D124/><U31/><E31/><V72/><F72/><W110/><G110/><T70/><D130/><U15/><E17/><AGARI ba="0,1" hai="2,7,8,11,13,17,32,34,35,83,87,90,102,103" machi="17" ten="40,8000,1" yaku="1,1,52,1,53,2" doraHai="79" doraHaiUra="5" who="2" fromWho="1" sc="306,0,431,-80,127,90,126,0" owari="306,11.0,351,44.0,217,-18.0,126,-37.0" /></mjloggm>