<mjloggm ver="2.3"><GO type="169" lobby="0"/><UN n0="%E5%AE%8C%E5%85%A8%E7%84%A1%E6%95%B5%E5%B0%91%E5%A5%B3%45%58" n1="%E3%81%A9%E3%81%84%E3%83%BC%E3%82%93" n2="%E3%82%A6%E3%83%AB%E3%83%88%E3%83%A9%E7%AB%8B%E7%9B%B4" n3="%E3%82%B7%E3%83%B3%E3%83%95%E3%82%A9%E3%83%8B%E3%82%A2" dan="17,16,18,16" rate="2206.40,2124.35,2242.81,2082.77" sx="F,M,M,M"/><TAIKYOKU oya="0"/><INIT seed="0,0,0,5,5,21" ten="250,250,250,250" oya="0" hai0="101,1,45,69,22,68,27,10,112,132,76,104,32" hai1="80,3,120,64,121,58,5,91,70,11,41,25,97" hai2="85,94,107,124,99,93,96,110,88,108,8,106,114" hai3="29,92,35,13,31,17,12,82,36,16,109,77,50"/><T130/><D112/><U78/><E70/><V0/><F0/><W49/><G36/><T98/><D130/><U24/><E121/><V90/><F8/><W63/><G109/><N who="2" m="42089" /><F114/><W52/><G92/><T119/><D119/><U14/><E120/><V122/><F122/><W2/><G2/><T42/><D132/><U43/><E3/><V15/><F15/><W111/><G111/><T74/><D74/><U73/><E43/><V39/><F39/><W53/><G63/><T33/><D76/><U20/><E20/><V34/><F34/><N who="0" m="13418" /><D22/><U62/><REACH who="1" step="1"/><E41/><REACH who="1" ten="250,240,250,250" step="2"/><V54/><F54/><W51/><G35/><T81/><D1/><U79/><E79/><V103/><F124/><W6/><G77/><T126/><D126/><U47/><E47/><V100/><F100/><W59/><G6/><T118/><D101/><U95/><AGARI ba="0,1" hai="5,11,14,24,25,58,62,64,73,78,80,91,95,97" machi="95" ten="30,7900,0" yaku="1,1,0,1,52,2,53,0" doraHai="21" doraHaiUra="113" who="1" fromWho="1" sc="250,-39,240,89,250,-20,250,-20" /><INIT seed="1,0,0,2,0,2" ten="211,329,230,230" oya="1" hai0="13,116,6,118,59,121,67,35,52,5,113,50,128" hai1="16,39,8,15,41,79,75,91,84,68,73,20,102" hai2="114,96,60,19,76,106,47,27,51,9,17,71,57" hai3="45,36,28,65,90,34,82,33,24,62,11,112,49"/><U61/><E102/><V97/><F71/><W80/><G36/><T70/><D35/><U21/><E79/><V1/><F114/><W127/><G112/><T7/><D113/><U69/><E21/><V44/><F76/><W100/><G127/><T120/><D128/><U74/><E39/><V18/><F106/><W93/><G33/><T26/><D13/><U86/><E41/><V3/><F27/><W111/><G100/><T23/><D67/><U105/><E105/><V29/><F29/><W43/><G111/><T101/><D101/><U32/><E32/><V30/><F30/><W117/><G117/><T131/><D70/><U122/><E122/><N who="0" m="47209" /><D131/><U89/><E61/><V81/><F81/><W56/><G11/><T14/><D14/><U46/><E46/><V133/><F133/><W119/><G119/><T22/><D22/><U37/><E37/><V129/><F129/><W115/><G115/><T64/><D64/><U123/><E123/><V92/><F9/><W31/><G31/><AGARI ba="0,0" hai="5,6,7,23,26,31,50,52,59,116,118" m="47209" machi="31" ten="30,8000,1" yaku="13,1,52,3,54,1" doraHai="2" who="0" fromWho="3" sc="211,80,329,0,230,0,230,-80" /><INIT seed="2,0,0,3,3,77" ten="291,329,230,150" oya="2" hai0="40,7,65,31,78,96,51,25,69,122,88,81,47" hai1="86,133,28,16,91,0,34,118,49,15,92,98,95" hai2="129,1,63,72,3,108,53,64,105,109,121,8,111" hai3="89,120,30,110,57,38,104,22,85,24,94,73,21"/><V42/><F121/><W68/><G68/><T93/><D122/><U29/><E0/><V14/><F105/><W26/><G120/><T134/><D134/><U35/><E133/><V12/><F72/><W82/><G110/><T106/><D106/><U17/><E118/><V37/><F129/><W62/><G38/><T124/><D124/><U128/><E128/><V100/><F100/><W113/><G104/><T46/><D7/><U107/><E107/><V79/><F79/><W10/><G113/><T71/><D65/><U52/><E34/><V60/><F53/><W56/><G10/><T74/><REACH who="0" step="1"/><D47/><REACH who="0" ten="281,329,230,150" step="2"/><N who="1" m="27711" /><E35/><AGARI ba="0,1" hai="25,31,35,40,46,51,69,71,74,78,81,88,93,96" machi="35" ten="30,7700,0" yaku="1,1,7,1,52,1,54,1,53,0" doraHai="77" doraHaiUra="114" who="0" fromWho="1" sc="281,87,329,-77,230,0,150,0" /><INIT seed="3,0,0,2,2,114" ten="368,252,230,150" oya="3" hai0="10,0,135,20,29,11,47,102,32,50,74,84,111" hai1="107,80,46,68,97,134,54,103,40,57,34,124,5" hai2="88,92,2,21,6,53,35,126,116,78,81,117,90" hai3="129,55,1,76,59,122,43,83,89,62,30,127,52"/><W19/><G122/><T93/><D74/><U73/><E68/><V36/><F35/><W67/><G1/><T95/><D32/><U77/><E124/><V79/><F126/><W4/><G127/><T85/><D111/><U130/><E134/><V119/><F36/><W86/><G129/><T56/><D135/><U60/><E130/><V121/><F121/><W100/><G30/><T75/><D75/><U118/><E34/><V132/><F132/><W16/><G4/><T39/><D39/><U112/><E5/><V44/><F21/><W13/><G43/><T108/><D56/><U42/><E112/><V99/><F44/><W3/><G3/><T28/><D0/><U24/><E118/><V91/><F53/><N who="3" m="20555" /><G100/><T9/><D29/><U23/><E46/><V8/><REACH who="2" step="1"/><F81/><REACH who="2" ten="368,252,220,150" step="2"/><W120/><G120/><T15/><D108/><U104/><E104/><V71/><F71/><W41/><G41/><T133/><D133/><U33/><E33/><V64/><F64/><W66/><G66/><T7/><D47/><U101/><E101/><AGARI ba="0,1" hai="2,6,8,78,79,88,90,91,92,99,101,116,117,119" machi="101" ten="50,8000,1" yaku="1,1,52,3,54,1,53,0" doraHai="114" doraHaiUra="106" who="2" fromWho="1" sc="368,0,252,-80,220,90,150,0" /><INIT seed="4,0,0,2,3,9" ten="368,172,310,150" oya="0" hai0="20,113,39,84,22,88,10,19,48,128,85,60,109" hai1="28,103,23,80,7,27,77,56,110,41,45,135,69" hai2="32,95,130,78,15,107,121,131,119,47,100,57,101" hai3="51,59,55,87,6,111,92,12,105,90,61,97,13"/><T46/><D39/><U36/><E69/><V33/><F121/><W5/><G111/><T117/><D117/><U35/><E135/><V129/><F119/><W71/><G105/><T122/><D122/><U83/><E110/><V8/><F78/><W124/><G124/><T125/><D125/><U133/><E133/><V11/><F107/><W112/><G112/><T132/><D109/><U126/><E126/><V72/><F72/><W134/><G134/><T108/><D108/><U65/><E103/><V70/><F70/><W44/><G71/><T102/><D132/><U3/><E83/><V50/><F57/><W38/><G38/><T81/><D102/><N who="2" m="39530" /><F95/><W74/><G97/><T93/><D60/><U16/><E56/><V30/><F30/><W75/><G75/><T31/><D31/><U37/><E65/><V86/><F86/><W26/><G26/><T53/><D128/><U64/><E64/><V24/><F24/><W54/><REACH who="3" step="1"/><G74/><REACH who="3" ten="368,172,310,140" step="2"/><T29/><D113/><U118/><E37/><V96/><F96/><W114/><G114/><T94/><D29/><U127/><E127/><V42/><F130/><W66/><G66/><T63/><D84/><U2/><E118/><V73/><F73/><W17/><G17/><T79/><D19/><U62/><E7/><AGARI ba="0,1" hai="5,6,7,12,13,44,51,54,55,59,61,87,90,92" machi="7" ten="40,8000,1" yaku="1,1,8,1,52,2,53,1" doraHai="9" doraHaiUra="58" who="3" fromWho="1" sc="368,0,172,-80,310,0,140,90" /><INIT seed="5,0,0,5,4,135" ten="368,92,310,230" oya="1" hai0="101,38,5,92,114,63,128,41,126,88,89,106,108" hai1="80,78,121,21,97,59,103,85,34,91,27,35,15" hai2="117,30,16,49,99,102,64,20,105,132,79,90,130" hai3="48,94,124,120,11,50,19,10,23,42,18,37,98"/><U6/><E121/><V43/><F117/><W45/><G120/><T118/><D108/><U65/><E6/><V110/><F110/><W62/><G124/><T25/><D118/><U134/><E15/><V3/><F3/><W36/><G36/><T51/><D38/><U71/><E71/><V1/><F1/><W24/><G37/><T55/><D41/><U66/><E134/><V12/><F79/><W40/><G62/><T73/><D73/><U29/><E78/><V83/><F64/><W61/><G61/><T72/><D72/><U95/><REACH who="1" step="1"/><E66/><REACH who="1" ten="368,82,310,230" step="2"/><V82/><F12/><W113/><G113/><T84/><D5/><U129/><E129/><V112/><F130/><W81/><G10/><T9/><D128/><U53/><E53/><V115/><F132/><W86/><G11/><T28/><D9/><U14/><E14/><V67/><F67/><W22/><G42/><T4/><D55/><U7/><E7/><V52/><F43/><W116/><G40/><T127/><D4/><U96/><E96/><V31/><F112/><W8/><G8/><T122/><D114/><U74/><E74/><V32/><F52/><W76/><G116/><T0/><D0/><U2/><E2/><V13/><F99/><W26/><REACH who="3" step="1"/><G45/><REACH who="3" ten="368,82,310,220" step="2"/><T119/><D122/><U54/><E54/><V133/><F115/><W125/><G125/><T70/><D126/><U68/><E68/><V33/><F133/><W93/><G93/><T60/><D127/><U47/><E47/><V123/><F123/><W39/><G39/><T69/><D70/><U104/><E104/><V46/><F105/><RYUUKYOKU ba="0,2" sc="368,-15,82,15,310,-15,220,15" hai1="21,27,29,34,35,59,65,80,85,91,95,97,103" hai3="18,19,22,23,24,26,48,50,76,81,86,94,98" /><INIT seed="5,1,2,1,5,43" ten="353,97,295,235" oya="1" hai0="104,41,30,1,2,32,118,124,62,77,92,51,3" hai1="71,112,119,82,11,127,105,115,74,49,83,64,20" hai2="65,84,107,100,72,5,44,89,113,86,39,67,96" hai3="111,38,40,90,87,79,53,16,109,88,48,37,33"/><U99/><E119/><V7/><F72/><W27/><G79/><T45/><D104/><U134/><E127/><V73/><F73/><W102/><G102/><T58/><D118/><U22/><E134/><V123/><F123/><W97/><G97/><T29/><D124/><U4/><E71/><V6/><F113/><N who="1" m="43593" /><E64/><V0/><F0/><W35/><G40/><T122/><D122/><U117/><E117/><V8/><F8/><W57/><G90/><T56/><D77/><N who="1" m="44343" /><E83/><V46/><F86/><W81/><G33/><T128/><D128/><U116/><E49/><V54/><F39/><W24/><G24/><T108/><D108/><U31/><E31/><V76/><F76/><W21/><REACH who="3" step="1"/><G35/><REACH who="3" ten="353,97,295,225" step="2"/><T52/><D32/><U85/><E116/><V12/><F89/><W18/><G18/><T121/><D121/><U47/><E47/><V15/><F46/><W28/><G28/><T133/><D133/><U94/><E105/><V14/><F44/><W25/><G25/><T110/><D110/><AGARI ba="1,3" hai="16,21,27,37,38,48,53,57,81,87,88,109,110,111" machi="110" ten="40,5200,0" yaku="1,1,54,2,53,0" doraHai="43" doraHaiUra="9" who="3" fromWho="0" sc="353,-55,97,0,295,0,225,85" /><INIT seed="6,0,0,0,4,9" ten="298,97,295,310" oya="2" hai0="66,101,131,105,12,106,92,52,10,28,118,88,67" hai1="47,54,104,35,99,69,57,97,93,108,2,5,23" hai2="115,126,15,129,111,53,80,7,74,135,75,50,1" hai3="26,96,56,117,84,21,110,82,71,43,98,46,134"/><V51/><F1/><W42/><G71/><T120/><D120/><U95/><E69/><V102/><F102/><W31/><G110/><T48/><D131/><U64/><E35/><V122/><F122/><W49/><G117/><T24/><D118/><U76/><E108/><V60/><F60/><W27/><G134/><T39/><D39/><U114/><E104/><V44/><F111/><W18/><G56/><N who="0" m="32775" /><D105/><U6/><E114/><V65/><F65/><W81/><G42/><T87/><D106/><U70/><E70/><V86/><F126/><W63/><G63/><T62/><D62/><U45/><E2/><V121/><F121/><W19/><G81/><T37/><D37/><U3/><E3/><V124/><F124/><W32/><G18/><N who="0" m="8471" /><D101/><U16/><E64/><N who="0" m="24617" /><D24/><U119/><E119/><V125/><F125/><W29/><G19/><T72/><D72/><U4/><E76/><AGARI ba="0,0" hai="21,26,27,29,31,32,43,46,49,76,82,84,96,98" machi="76" ten="30,1000,0" yaku="7,1" doraHai="9" who="3" fromWho="1" sc="298,0,97,-10,295,0,310,10" /><INIT seed="7,0,0,4,1,66" ten="298,87,295,320" oya="3" hai0="119,38,73,79,7,61,116,70,4,109,68,87,26" hai1="39,13,110,10,101,56,27,104,25,2,107,131,133" hai2="93,11,3,54,105,117,103,77,85,40,32,86,24" hai3="83,130,51,6,78,112,135,123,106,88,115,58,118"/><W97/><G118/><T94/><D109/><U34/><E34/><V132/><F117/><W21/><G123/><T16/><D38/><U33/><E2/><V98/><F132/><W113/><G135/><T63/><D73/><U46/><E33/><V48/><F40/><W62/><G130/><T91/><D79/><U74/><E133/><V76/><F105/><W47/><G6/><T82/><D119/><U37/><E131/><V31/><F3/><W57/><G21/><N who="0" m="13607" /><D70/><U111/><E110/><V92/><F11/><W120/><G120/><T81/><D68/><U89/><E111/><V108/><F108/><W0/><G0/><T129/><D129/><U99/><E74/><V114/><F114/><W12/><G12/><T64/><D116/><U20/><E56/><V90/><REACH who="2" step="1"/><F85/><REACH who="2" ten="298,87,285,320" step="2"/><N who="3" m="48375" /><G106/><T29/><D29/><U17/><E107/><V42/><F42/><N who="3" m="25079" /><G62/><N who="0" m="23563" /><D64/><U128/><E128/><V65/><F65/><W84/><G97/><T100/><D82/><AGARI ba="0,1" hai="57,58,82,84,88,112,113,115" m="25079,48375" machi="82" ten="30,2900,0" yaku="15,1,54,1" doraHai="66" who="3" fromWho="0" sc="298,-29,87,0,285,0,320,39" owari="269,-13.0,87,-41.0,285,9.0,359,45.0" /></mjloggm>