<mjloggm ver="2.3"><GO type="169" lobby="0"/><UN n0="%E7%AB%8B%E7%9B%B4%E5%A5%BD%E6%A3%92%40%E5%BF%98" n1="%E3%83%88%E3%83%88%E3%83%AA%E5%85%88%E7%94%9F%31%39%E6%AD%B3" n2="%E3%81%A9%E3%83%BC%E3%82%82%E5%83%95%E3%81%A7%E3%81%99" n3="%E3%82%BF%E3%82%B1%E3%82%AA%E3%81%97%E3%82%83%E3%82%93" dan="16,19,17,20" rate="2079.99,2285.37,2125.36,2288.44" sx="M,F,M,M"/><TAIKYOKU oya="0"/><INIT seed="0,0,0,1,0,49" ten="250,250,250,250" oya="0" hai0="26,24,74,46,15,11,101,29,9,87,103,120,37" hai1="83,59,0,67,7,17,65,134,14,95,109,104,113" hai2="31,50,133,69,33,52,106,8,51,116,123,93,78" hai3="97,6,99,122,128,70,39,58,1,32,100,36,56"/><T111/><D74/><U2/><E104/><V76/><F123/><W68/><G6/><T42/><D120/><U61/><E109/><V48/><F106/><W73/><G122/><T4/><D111/><U94/><E134/><V71/><F133/><W117/><G128/><T23/><D87/><U22/><E113/><V41/><F33/><W43/><G43/><T55/><D11/><U107/><E107/><V115/><F115/><W12/><G12/><T81/><D81/><U132/><E132/><V89/><F31/><W124/><G32/><T80/><D80/><U85/><E67/><V34/><F34/><W45/><G45/><T105/><D105/><U129/><E129/><V84/><F116/><W88/><G100/><T60/><REACH who="0" step="1"/><D26/><REACH who="0" ten="240,250,250,250" step="2"/><N who="1" m="14671" /><E2/><V13/><F41/><W10/><G73/><T110/><D110/><U118/><E0/><V62/><F76/><W16/><G10/><T79/><D79/><N who="1" m="46335" /><E118/><V114/><F78/><W44/><G1/><T127/><D127/><U20/><E7/><V21/><F114/><W75/><G75/><T125/><D125/><U108/><E108/><V38/><F8/><W86/><G124/><T57/><AGARI ba="0,1" hai="4,9,15,23,24,29,37,42,46,55,57,60,101,103" machi="57" ten="30,11700,0" yaku="1,1,0,1,52,1,53,1" doraHai="49" doraHaiUra="25" who="0" fromWho="0" sc="240,127,250,-39,250,-39,250,-39" /><INIT seed="0,1,0,3,2,127" ten="367,211,211,211" oya="0" hai0="110,130,54,57,60,99,48,122,35,69,6,97,84" hai1="129,18,118,2,131,16,98,15,31,81,90,132,22" hai2="112,58,113,9,73,0,135,125,39,50,14,76,20" hai3="117,12,34,111,80,100,124,119,91,32,52,92,107"/><T51/><D35/><U79/><E118/><V30/><F39/><W103/><G124/><T41/><D122/><U65/><E2/><V95/><F125/><W11/><G111/><T74/><D74/><U71/><E132/><V38/><F38/><W45/><G107/><T82/><D110/><U25/><E71/><V96/><F135/><W55/><G80/><T62/><D6/><U102/><E65/><V77/><F73/><W78/><G78/><T83/><D69/><U17/><E90/><V42/><F113/><W114/><G114/><T66/><D66/><U26/><E26/><N who="2" m="16711" /><F0/><W93/><G12/><T43/><D84/><U33/><E33/><V46/><F58/><W49/><G11/><T126/><D126/><U53/><E53/><V63/><F63/><W47/><G91/><T10/><D10/><U109/><E15/><V88/><F112/><W106/><G106/><T104/><D104/><U23/><E23/><V86/><F96/><W85/><G49/><T4/><D4/><AGARI ba="1,0" hai="4,9,14,42,46,50,76,77,86,88,95" m="16711" machi="4" ten="30,2000,0" yaku="8,1,54,1" doraHai="127" who="2" fromWho="0" sc="367,-23,211,0,211,23,211,0" /><INIT seed="1,0,0,3,5,37" ten="344,211,234,211" oya="1" hai0="88,21,10,6,97,79,61,81,55,131,129,135,56" hai1="19,119,9,50,125,49,52,123,110,11,115,94,86" hai2="5,33,117,106,95,2,73,32,109,108,104,71,64" hai3="112,13,4,63,57,114,84,3,122,39,121,17,25"/><U80/><E115/><V67/><F95/><W12/><G39/><T23/><D135/><U72/><E119/><V124/><F117/><W16/><G84/><N who="0" m="50191" /><D79/><N who="1" m="46367" /><E72/><V44/><F73/><W130/><G57/><T113/><D97/><U102/><E123/><V29/><F29/><W85/><G85/><T132/><D132/><U43/><E125/><V35/><F44/><W77/><G63/><T28/><D28/><U105/><E105/><N who="2" m="40555" /><F124/><W100/><G25/><T68/><D68/><U59/><E110/><N who="2" m="42603" /><F71/><W46/><G46/><T76/><D76/><U111/><E111/><V101/><F101/><W51/><G100/><T103/><D113/><U83/><E83/><V18/><F18/><W14/><G77/><T65/><D65/><N who="2" m="25162" /><F5/><W48/><G4/><T1/><D103/><U47/><E19/><V38/><F2/><W74/><G74/><T41/><D41/><U82/><E82/><V54/><F54/><W31/><G31/><T120/><D120/><U42/><E42/><V15/><F38/><W126/><G126/><T127/><D127/><U116/><E116/><V98/><F98/><AGARI ba="0,0" hai="9,11,43,47,49,50,52,59,94,98,102" m="46367" machi="98" ten="30,5800,0" yaku="8,1,52,1,54,1" doraHai="37" who="1" fromWho="2" sc="344,0,211,58,234,-58,211,0" /><INIT seed="1,1,0,2,2,11" ten="344,269,176,211" oya="1" hai0="70,111,92,66,75,93,35,64,134,73,85,104,5" hai1="115,37,24,0,108,44,45,47,6,49,122,20,72" hai2="25,54,106,130,88,89,17,109,41,18,69,127,125" hai3="91,116,101,43,103,30,63,87,61,82,32,22,58"/><U131/><E115/><V133/><F106/><W12/><G116/><T10/><D104/><U29/><E122/><V112/><F112/><W60/><G32/><T56/><D70/><U96/><E72/><V65/><F41/><W50/><G30/><T1/><D35/><U80/><E37/><V13/><F65/><W78/><G78/><T16/><D111/><U55/><E131/><V38/><F38/><W8/><G22/><T68/><D68/><U23/><E108/><V128/><F69/><W117/><G117/><T86/><D134/><U53/><E0/><V126/><F109/><W119/><G119/><T105/><D105/><U135/><E135/><V67/><F67/><W114/><G114/><T107/><D107/><U57/><E6/><V132/><F54/><N who="3" m="32087" /><G43/><T123/><D123/><U48/><E80/><V39/><F39/><W2/><G2/><T46/><D75/><U79/><E79/><V95/><F25/><W129/><G129/><N who="2" m="49769" /><F18/><AGARI ba="1,0" hai="8,12,18,60,61,63,82,87,91,101,103" m="32087" machi="18" ten="30,2000,0" yaku="8,1,52,1" doraHai="11" who="3" fromWho="2" sc="344,0,269,0,176,-23,211,23" /><INIT seed="2,0,0,2,4,9" ten="344,269,153,234" oya="2" hai0="8,48,70,125,78,5,102,62,74,7,134,30,100" hai1="103,84,91,1,132,4,93,59,75,43,85,33,10" hai2="83,42,52,65,87,104,39,90,24,95,16,121,20" hai3="51,47,12,17,3,23,11,114,58,64,36,115,110"/><V135/><F121/><W116/><G116/><T29/><D134/><U56/><E33/><V41/><F135/><W13/><G3/><T99/><D125/><U123/><E132/><V18/><F104/><W54/><G110/><T88/><D7/><U118/><E118/><V112/><F112/><N who="3" m="43051" /><G64/><T69/><D69/><U19/><E75/><V72/><F65/><W127/><G127/><T113/><D113/><U94/><E123/><V82/><F39/><W133/><G133/><T57/><D70/><U120/><E120/><V2/><F2/><W128/><G128/><T67/><D48/><U50/><E19/><V14/><F52/><N who="3" m="29823" /><G36/><T60/><D60/><U131/><E131/><V45/><F72/><W31/><G31/><N who="0" m="11787" /><D78/><U86/><E56/><V26/><F26/><N who="3" m="14703" /><G11/><T35/><D35/><U79/><E59/><V130/><F130/><W55/><G55/><T38/><D38/><U107/><E10/><N who="2" m="6231" /><F45/><W27/><G27/><T106/><D74/><U44/><E1/><V76/><F76/><W129/><G129/><T61/><D61/><AGARI ba="0,0" hai="12,13,54,58,61" m="14703,29823,43051" machi="61" ten="30,7700,0" yaku="11,1,52,2,54,1" doraHai="9" who="3" fromWho="0" sc="344,-77,269,0,153,0,234,77" /><INIT seed="3,0,0,3,0,133" ten="267,269,153,311" oya="3" hai0="9,17,129,60,22,50,112,122,38,12,91,52,103" hai1="115,0,53,63,44,73,51,100,61,123,30,21,1" hai2="74,120,102,46,80,35,93,79,15,126,41,4,26" hai3="118,114,78,39,92,62,105,7,97,71,20,135,98"/><W32/><G114/><T72/><D122/><U127/><E123/><V8/><F120/><W65/><G118/><T106/><D38/><U40/><E73/><V34/><F26/><W66/><G135/><T89/><D129/><U75/><E115/><V90/><F102/><W27/><G65/><T109/><D112/><U104/><E75/><V29/><F29/><W10/><G78/><T96/><D72/><U5/><E100/><V121/><F121/><W110/><G39/><T117/><D117/><U108/><E104/><V47/><F126/><W95/><G110/><T82/><D109/><U64/><E108/><V113/><F113/><W31/><G20/><T11/><D60/><U119/><E119/><V87/><REACH who="2" step="1"/><F47/><REACH who="2" ten="267,269,143,311" step="2"/><W19/><G105/><T128/><D128/><U124/><E30/><V55/><F55/><W67/><G67/><T45/><REACH who="0" step="1"/><D82/><REACH who="0" ten="257,269,143,311" step="2"/><U16/><E127/><V13/><F13/><N who="3" m="7607" /><G27/><T116/><D116/><U101/><E124/><V134/><F134/><W14/><G14/><T99/><D99/><U86/><E64/><V25/><F25/><W131/><G131/><T3/><D3/><U18/><E1/><V111/><F111/><W56/><G97/><T84/><D84/><U28/><E86/><V49/><AGARI ba="0,2" hai="4,8,15,34,35,41,46,49,74,79,80,87,90,93" machi="49" ten="20,2700,0" yaku="1,1,0,1,7,1,53,0" doraHai="133" doraHaiUra="132" who="2" fromWho="2" sc="257,-7,269,-7,143,47,311,-13" /><INIT seed="4,0,0,0,4,3" ten="250,262,190,298" oya="0" hai0="64,15,92,130,85,77,9,101,31,79,134,27,125" hai1="84,105,71,86,36,54,21,28,13,12,39,23,73" hai2="119,63,76,68,95,114,123,16,129,74,19,17,98" hai3="113,47,109,11,26,83,107,0,53,128,50,35,72"/><T96/><D130/><U132/><E73/><V75/><F123/><W29/><G109/><T87/><D134/><U20/><E28/><V78/><F129/><W135/><G128/><T58/><D125/><U91/><E105/><V115/><F119/><W61/><G113/><N who="2" m="43017" /><F68/><W93/><G107/><T69/><D69/><U52/><E71/><V51/><F63/><W6/><G135/><T131/><D131/><U24/><E132/><V1/><F1/><W7/><G7/><N who="0" m="3519" /><D27/><U5/><E24/><V45/><F75/><W4/><G4/><T37/><D37/><U66/><E66/><V111/><F74/><W56/><G93/><T8/><D8/><N who="1" m="4111" /><E39/><V112/><N who="2" m="43025" /><V67/><DORA hai="124" /><F67/><W88/><G72/><T108/><D31/><U57/><E36/><V49/><F111/><W25/><G25/><T43/><D43/><U44/><E13/><V2/><F2/><W22/><G35/><T46/><D46/><U55/><E44/><V106/><F106/><W103/><G103/><T118/><D118/><U42/><E42/><N who="2" m="24759" /><F51/><W116/><G116/><T40/><D40/><U70/><E70/><V32/><F32/><W104/><G104/><T133/><D133/><U126/><E126/><V60/><F60/><W117/><G117/><T34/><D34/><U100/><E57/><V102/><AGARI ba="0,0" hai="16,17,19,76,78,95,98,102" m="24759,43025" machi="102" ten="50,3200,0" yaku="15,1,54,1" doraHai="3,124" who="2" fromWho="2" sc="250,-16,262,-8,190,32,298,-8" /><INIT seed="5,0,0,2,2,45" ten="234,254,222,290" oya="1" hai0="81,39,86,124,83,73,38,110,50,116,31,77,2" hai1="49,74,91,20,97,103,60,126,19,106,26,55,65" hai2="61,68,101,89,11,129,90,34,132,8,41,22,15" hai3="112,78,113,57,120,115,87,23,6,59,92,53,10"/><U1/><E126/><V80/><F34/><W72/><G120/><T16/><D110/><U99/><E1/><V3/><F129/><W37/><G37/><T4/><D31/><U114/><E74/><V84/><F132/><W27/><G72/><T76/><D116/><U88/><E114/><V36/><F101/><W18/><G78/><T29/><D29/><U133/><E133/><V5/><F36/><W82/><G92/><T66/><D66/><U98/><E106/><V79/><F22/><W123/><G123/><T40/><D124/><U125/><E103/><V32/><F32/><W85/><G82/><T134/><D134/><U42/><E42/><V67/><REACH who="2" step="1"/><F41/><REACH who="2" ten="234,254,212,290" step="2"/><W35/><G35/><T14/><D39/><U21/><E125/><V63/><F63/><W64/><G112/><T127/><D38/><U130/><E21/><V122/><F122/><W75/><G115/><T43/><D127/><U96/><E130/><V58/><F58/><W94/><G57/><T111/><D111/><U56/><N who="1" m="24576" /><DORA hai="70" /><U69/><AGARI ba="0,1" hai="19,20,26,49,55,56,60,65,69,88,91" m="24576" machi="69" ten="40,12000,1" yaku="4,1,0,1,52,1,54,1" doraHai="45,70" who="1" fromWho="1" sc="234,-40,254,130,212,-40,290,-40" /><INIT seed="5,1,0,0,3,53" ten="194,384,172,250" oya="1" hai0="9,7,27,2,6,102,47,91,118,65,1,89,37" hai1="115,12,68,96,100,125,70,61,51,90,55,15,114" hai2="133,43,98,134,126,49,54,127,64,124,78,87,86" hai3="36,4,85,121,10,104,18,26,132,83,103,50,11"/><U79/><E125/><V25/><F43/><W122/><G36/><T129/><D118/><U94/><E79/><V48/><F64/><W22/><G132/><N who="2" m="50793" /><F78/><W42/><G104/><T73/><D129/><U35/><E35/><V5/><F5/><W95/><G11/><T57/><D102/><U39/><E39/><V21/><F98/><W77/><G103/><T99/><D73/><U60/><E100/><V128/><F49/><W23/><G23/><T31/><D99/><U29/><E29/><N who="2" m="17583" /><F128/><W71/><G71/><T40/><D65/><N who="1" m="40999" /><E61/><V17/><F17/><W110/><G42/><T72/><D72/><U123/><E70/><V107/><F107/><W44/><G50/><T105/><D105/><U109/><E55/><V108/><F108/><W33/><G110/><T131/><D131/><U116/><E51/><V62/><F62/><W19/><G19/><T58/><D89/><U46/><E90/><V45/><AGARI ba="1,0" hai="45,48,54,86,87,124,126,127" m="17583,50793" machi="45" ten="40,2700,0" yaku="18,1,20,1" doraHai="53" who="2" fromWho="2" sc="194,-8,384,-14,172,30,250,-8" /><INIT seed="6,0,0,2,4,49" ten="186,370,202,242" oya="2" hai0="110,83,16,17,112,101,23,43,52,75,21,29,48" hai1="80,121,69,131,37,85,51,63,99,86,102,40,92" hai2="115,2,0,8,27,134,95,10,87,45,54,35,56" hai3="65,9,59,19,123,55,93,122,128,66,84,11,6"/><V94/><F115/><W60/><G128/><T73/><D110/><U100/><E37/><V44/><F134/><W117/><G117/><T36/><D112/><U108/><E108/><V113/><F113/><W124/><G124/><T28/><D36/><U72/><E131/><V130/><F130/><W34/><G34/><T88/><D43/><U107/><E121/><V109/><F109/><W114/><G114/><T57/><D101/><N who="1" m="62911" /><E63/><V39/><F39/><W1/><G11/><N who="2" m="4137" /><F35/><W125/><G125/><T77/><D75/><U127/><E69/><V41/><F41/><W64/><G19/><T132/><D132/><U135/><E40/><V111/><F111/><W62/><G62/><T90/><D29/><U61/><E61/><N who="2" m="35991" /><F27/><W12/><G1/><T26/><D28/><U46/><E51/><V7/><F7/><W47/><G122/><T129/><D129/><U50/><E50/><V74/><F74/><W133/><G123/><T3/><D3/><U20/><E46/><N who="2" m="18027" /><F87/><W98/><G84/><T68/><D68/><U38/><E38/><V104/><F104/><W31/><G133/><T33/><D33/><U25/><E135/><V91/><F95/><W4/><G47/><T30/><D30/><N who="1" m="17703" /><E127/><V78/><F78/><W118/><G31/><T97/><D97/><U67/><E67/><V5/><F5/><N who="3" m="3119" /><G118/><T24/><AGARI ba="0,0" hai="16,17,21,23,24,26,48,52,57,73,77,83,88,90" machi="24" ten="20,12000,2" yaku="0,1,7,1,9,1,52,1,54,3" doraHai="49" who="0" fromWho="0" sc="186,120,370,-30,202,-60,242,-30" /><INIT seed="7,0,0,0,4,0" ten="306,340,142,212" oya="3" hai0="47,81,109,105,79,113,13,5,59,60,33,94,126" hai1="135,23,83,93,18,40,102,46,27,115,103,86,116" hai2="31,101,129,48,38,82,45,72,37,64,58,69,107" hai3="73,8,80,68,78,51,62,74,53,49,19,29,96"/><W85/><G29/><T22/><D105/><U15/><E115/><V117/><F117/><W6/><G19/><T57/><D33/><U35/><E135/><V30/><F129/><W24/><G24/><T65/><D109/><U77/><E116/><V106/><F72/><W25/><G25/><T42/><D126/><U95/><E95/><V39/><F82/><W120/><G120/><T132/><D132/><U11/><E93/><V87/><F87/><W112/><G112/><T75/><D94/><U17/><E35/><V97/><F106/><W114/><G96/><T12/><D113/><U43/><E43/><V63/><F31/><W21/><G21/><T55/><D22/><U20/><E20/><V118/><F118/><W36/><G36/><AGARI ba="0,0" hai="11,15,17,18,23,27,36,40,46,77,83,86,102,103" machi="36" ten="30,1000,0" yaku="7,1" doraHai="0" who="1" fromWho="3" sc="306,0,340,10,142,0,212,-10" owari="306,11.0,350,45.0,142,-36.0,202,-20.0" /></mjloggm>