<mjloggm ver="2.3"><GO type="169" lobby="0"/><UN n0="%E3%83%88%E3%83%88%E3%83%AA%E5%85%88%E7%94%9F%31%39%E6%AD%B3" n1="%74%79%70%65%2D%74" n2="%E3%83%9F%E3%83%92%E3%83%A3%E3%82%A8%E3%83%AB" n3="%CE%BD%E3%82%AC%E3%83%B3%E3%83%80%E3%83%A0" dan="19,16,16,16" rate="2341.73,2071.53,2156.76,2159.43" sx="F,M,M,M"/><TAIKYOKU oya="0"/><INIT seed="0,0,0,2,0,67" ten="250,250,250,250" oya="0" hai0="7,47,85,57,44,135,76,68,19,96,86,9,23" hai1="51,48,39,20,129,66,16,4,18,41,35,58,133" hai2="122,62,75,74,38,91,12,54,111,103,15,27,56" hai3="100,114,33,6,95,89,84,80,130,21,121,22,65"/><T134/><D96/><U11/><E35/><V127/><F122/><W128/><G33/><T92/><D57/><U26/><E129/><N who="3" m="49770" /><G65/><T34/><D34/><U24/><E133/><N who="0" m="50697" /><D92/><U110/><E110/><V107/><F27/><W13/><G6/><T94/><D76/><U123/><E123/><V37/><F15/><W90/><G13/><N who="0" m="9711" /><D68/><U61/><E39/><V125/><F38/><W5/><G5/><T42/><D94/><U17/><E41/><V36/><F37/><W106/><G21/><T43/><D43/><U46/><E46/><N who="0" m="17449" /><D42/><U131/><E131/><V82/><F36/><W14/><G14/><AGARI ba="0,0" hai="7,9,14,85,86" m="17449,9711,50697" machi="14" ten="30,1500,0" yaku="20,1" doraHai="67" who="0" fromWho="3" sc="250,15,250,0,250,0,250,-15" /><INIT seed="0,1,0,3,3,77" ten="265,250,250,235" oya="0" hai0="97,112,67,127,23,86,105,0,60,16,42,15,1" hai1="124,28,34,11,123,102,53,81,76,118,91,62,6" hai2="121,82,110,25,3,107,69,84,17,75,72,98,29" hai3="40,10,87,122,130,74,89,22,38,5,43,51,92"/><T2/><D112/><U117/><E123/><V58/><F121/><W18/><G122/><T55/><D127/><U27/><E124/><V9/><F69/><W54/><G74/><T65/><D42/><U66/><E53/><V120/><F120/><W12/><G38/><T71/><D67/><U129/><E91/><V26/><F110/><W126/><G130/><T80/><D55/><U32/><E32/><V109/><F109/><W114/><G114/><T94/><D105/><U20/><E20/><V35/><F58/><W56/><REACH who="3" step="1"/><G126/><REACH who="3" ten="265,250,250,225" step="2"/><T73/><D73/><N who="1" m="43151" /><E129/><V19/><F72/><W63/><G63/><T47/><D47/><U46/><E46/><V85/><F75/><W88/><G88/><T131/><D131/><U57/><E102/><V106/><F106/><W14/><AGARI ba="1,1" hai="5,10,12,14,18,22,40,43,51,54,56,87,89,92" machi="14" ten="20,12000,2" yaku="1,1,0,1,7,1,25,2,8,1,53,1" doraHai="77" doraHaiUra="13" who="3" fromWho="3" sc="265,-61,250,-31,250,-31,225,133" /><INIT seed="1,0,0,3,2,113" ten="204,219,219,358" oya="1" hai0="129,25,6,2,73,84,64,117,41,42,126,8,109" hai1="3,16,106,118,81,35,57,4,130,108,27,103,33" hai2="124,7,74,131,45,56,60,85,92,53,69,46,28" hai3="95,29,43,90,68,17,18,88,51,9,71,48,133"/><U65/><E118/><V116/><F74/><W34/><G34/><T77/><D73/><U96/><E130/><V114/><F131/><W67/><G29/><T86/><D129/><U82/><E108/><V75/><F75/><W49/><G43/><T31/><D117/><U38/><E38/><V99/><F114/><W76/><G67/><T52/><D64/><U123/><E123/><V80/><F124/><W55/><G55/><T5/><D109/><U23/><E3/><V32/><F116/><W58/><G58/><T134/><D134/><U93/><E4/><V87/><F69/><W39/><G39/><T63/><D5/><U36/><E36/><V61/><F7/><W12/><G76/><T94/><D126/><U62/><REACH who="1" step="1"/><E93/><REACH who="1" ten="204,209,219,358" step="2"/><V111/><F92/><W120/><G95/><T70/><D94/><U50/><E50/><V79/><F111/><W128/><G49/><T15/><D2/><U135/><E135/><V13/><F99/><W72/><G128/><T102/><D102/><U107/><E107/><V127/><F127/><W21/><G48/><T11/><D6/><U101/><E101/><V47/><F61/><W91/><G51/><T100/><D100/><U44/><E44/><V119/><F46/><W98/><G120/><T121/><D121/><U89/><E89/><V26/><F119/><W1/><G1/><T19/><D42/><U22/><E22/><V66/><F47/><W14/><G133/><T20/><D41/><U132/><E132/><V125/><F125/><W59/><G90/><T37/><D37/><U83/><AGARI ba="0,1" hai="16,23,27,33,35,57,62,65,81,82,83,96,103,106" machi="83" ten="30,6000,0" yaku="1,1,0,1,54,1,53,0" doraHai="113" doraHaiUra="40" who="1" fromWho="1" sc="204,-20,209,70,219,-20,358,-20" /><INIT seed="1,1,0,3,2,113" ten="184,279,199,338" oya="1" hai0="30,26,22,85,6,57,68,102,97,20,110,94,45" hai1="52,23,83,126,87,56,107,63,61,120,17,59,37" hai2="58,4,29,49,129,1,16,92,28,80,70,13,66" hai3="60,21,76,105,8,117,48,44,134,72,121,130,34"/><U124/><E107/><V109/><F109/><W78/><G34/><T64/><D110/><U115/><E37/><V12/><F1/><W25/><G121/><T53/><D68/><U112/><E120/><V96/><F129/><W7/><G72/><T54/><D6/><U84/><E84/><V2/><F2/><W104/><G104/><T15/><D45/><U67/><E126/><V75/><F70/><W55/><G105/><T38/><D38/><U35/><E35/><V19/><F4/><W100/><G100/><T123/><D123/><U95/><E95/><V36/><F36/><W69/><G134/><T32/><D32/><U62/><E62/><N who="2" m="38231" /><F49/><W119/><G130/><T46/><D46/><U11/><E11/><N who="2" m="6175" /><F75/><W135/><G135/><T81/><D15/><U131/><E124/><V41/><F80/><W128/><G128/><T118/><D20/><U98/><E98/><V79/><F41/><W101/><G8/><T9/><D118/><N who="3" m="45065" /><G101/><T127/><D9/><U106/><E106/><V31/><F79/><W90/><G90/><N who="0" m="51503" /><D127/><U89/><E131/><V77/><F77/><W18/><G7/><T0/><D0/><U43/><E43/><V47/><F47/><W111/><G111/><T40/><D40/><U14/><AGARI ba="1,0" hai="14,17,23,52,56,59,61,63,67,83,87,89,112,115" machi="14" ten="20,3900,0" yaku="0,1,7,1,54,1" doraHai="113" who="1" fromWho="1" sc="184,-14,279,42,199,-14,338,-14" /><INIT seed="1,2,0,3,5,111" ten="170,321,185,324" oya="1" hai0="14,89,19,37,56,20,5,32,36,96,63,135,126" hai1="15,95,65,102,70,91,46,45,87,134,10,9,13" hai2="72,75,61,8,109,6,120,131,104,112,99,62,25" hai3="66,48,97,68,92,3,27,86,39,67,80,7,94"/><U29/><E134/><V121/><F25/><W24/><G39/><T119/><D119/><U88/><E102/><V114/><F109/><W42/><G92/><T23/><D32/><U49/><E70/><V4/><F99/><W81/><G80/><T30/><D126/><U58/><E29/><V18/><F18/><W85/><G86/><T34/><D34/><U101/><E101/><V57/><F57/><W26/><G68/><T106/><D135/><U77/><E77/><V73/><F104/><W59/><G3/><T122/><D122/><N who="2" m="47210" /><F131/><W40/><G7/><N who="2" m="2601" /><F8/><N who="1" m="3177" /><E91/><V130/><F130/><W116/><G116/><T84/><D5/><U0/><E0/><V16/><F16/><W69/><G69/><T100/><D23/><U82/><E65/><V118/><F118/><W107/><G107/><T110/><D30/><U28/><E28/><V123/><N who="2" m="47218" /><V127/><DORA hai="52" /><F127/><W51/><G66/><T103/><D103/><U33/><E33/><V132/><F132/><W133/><G133/><T22/><D22/><U55/><E95/><V83/><F83/><W2/><G2/><T60/><D110/><U124/><E124/><V93/><F93/><W44/><G94/><T64/><D60/><AGARI ba="2,0" hai="60,61,62,72,73,75,112,114" m="2601,47218" machi="60" ten="50,8000,1" yaku="28,2,52,2" doraHai="111,52" who="2" fromWho="0" sc="170,-86,321,0,185,86,324,0" /><INIT seed="2,0,0,0,2,66" ten="84,321,271,324" oya="2" hai0="93,48,53,26,17,34,69,134,114,18,131,16,132" hai1="36,102,51,85,29,64,127,86,27,100,33,13,42" hai2="81,87,79,122,111,110,55,1,8,117,6,94,99" hai3="125,91,61,2,97,90,70,80,47,82,77,128,56"/><V126/><F117/><W72/><G125/><T95/><D114/><U75/><E75/><V78/><F126/><W37/><G128/><T63/><D131/><U109/><E36/><V30/><F122/><W76/><G2/><T58/><D34/><U41/><E109/><N who="2" m="41483" /><F30/><W21/><G97/><T89/><D26/><U28/><E64/><V40/><F40/><W57/><G47/><T19/><N who="0" m="4096" /><DORA hai="84" /><T96/><D69/><U10/><E127/><V106/><F106/><W105/><G37/><T135/><REACH who="0" step="1"/><D95/><REACH who="0" ten="74,321,271,324" step="2"/><U4/><E29/><V54/><F79/><W88/><G105/><T121/><D121/><U0/><E33/><V23/><F23/><W9/><G21/><T67/><D67/><U35/><E35/><V98/><F98/><W12/><G70/><T59/><D59/><U46/><E28/><V60/><F60/><AGARI ba="0,1" hai="48,53,58,60,63,89,93,96,132,134,135" m="4096" machi="60" ten="60,12000,2" yaku="1,1,20,1,52,1,54,1,53,3" doraHai="66,84" doraHaiUra="112,129" who="0" fromWho="2" sc="74,130,321,0,271,-120,324,0" /><INIT seed="3,0,0,4,2,125" ten="204,321,151,324" oya="3" hai0="48,132,44,69,118,67,120,108,119,47,34,29,30" hai1="114,50,87,38,12,92,35,63,2,98,23,126,65" hai2="10,127,104,86,66,62,133,41,91,134,95,33,102" hai3="26,117,28,96,32,129,17,52,59,97,51,90,70"/><W109/><G117/><T83/><D120/><U80/><E38/><V111/><F127/><W16/><G70/><T94/><D108/><U4/><E2/><V27/><F111/><W46/><G109/><T39/><D132/><U128/><E35/><V116/><F116/><W31/><G129/><T93/><D83/><U42/><E126/><V75/><F75/><W105/><G31/><T58/><D58/><N who="1" m="37111" /><E23/><V37/><F10/><W43/><G97/><T1/><D48/><U60/><E60/><V88/><F91/><W14/><G14/><T101/><D101/><U89/><E114/><V55/><F55/><W40/><G40/><T8/><D67/><U53/><E42/><V85/><F85/><W19/><G90/><T57/><D57/><N who="1" m="32951" /><E12/><V110/><F110/><W113/><G113/><T24/><D34/><U18/><E18/><V22/><F33/><W45/><REACH who="3" step="1"/><G43/><REACH who="3" ten="204,321,151,314" step="2"/><T115/><D115/><U73/><E98/><V61/><F41/><W76/><G76/><T74/><D69/><U123/><E89/><V68/><F37/><W77/><G77/><T84/><D39/><U82/><E128/><V112/><F112/><W135/><G135/><T121/><D119/><U107/><E123/><V9/><F133/><W20/><G20/><T49/><D121/><U36/><E36/><V21/><F134/><W103/><AGARI ba="0,1" hai="16,17,19,26,28,32,45,46,51,52,59,96,103,105" machi="103" ten="30,12000,1" yaku="1,1,0,1,54,2,53,1" doraHai="125" doraHaiUra="54" who="3" fromWho="3" sc="204,-40,321,-40,151,-40,314,130" /><INIT seed="3,1,0,2,1,7" ten="164,281,111,444" oya="3" hai0="55,90,8,78,2,13,103,15,3,26,109,101,67" hai1="93,56,20,68,31,132,129,106,123,21,100,91,6" hai2="35,135,45,43,41,105,4,130,120,59,18,83,52" hai3="58,23,25,134,57,1,122,89,19,42,60,47,102"/><W110/><G122/><T79/><D67/><U72/><E123/><V76/><F120/><W24/><G134/><T80/><D109/><U9/><E68/><V74/><F135/><W39/><G110/><T28/><D90/><U51/><E129/><V112/><F130/><W54/><G1/><T98/><D55/><U36/><E36/><V14/><F112/><W69/><G69/><T97/><D26/><U11/><E72/><V85/><F35/><W50/><G102/><T121/><D121/><U12/><E100/><V96/><F4/><W113/><G113/><T71/><D71/><U131/><E106/><V10/><F45/><W61/><G89/><T48/><D48/><U22/><E131/><V92/><F74/><W118/><G118/><T133/><D28/><U70/><E70/><V49/><F105/><W119/><G119/><T128/><D128/><U81/><E81/><V99/><F96/><W53/><G39/><T94/><D80/><U77/><E77/><V29/><F29/><W27/><AGARI ba="1,0" hai="19,23,24,25,27,42,47,50,53,54,57,58,60,61" machi="27" ten="20,7800,0" yaku="0,1,7,1,9,1,8,1" doraHai="7" who="3" fromWho="3" sc="164,-27,281,-27,111,-27,444,81" /><INIT seed="3,2,0,0,2,79" ten="137,254,84,525" oya="3" hai0="133,103,71,32,11,134,9,16,65,47,33,130,29" hai1="117,20,127,57,81,123,135,105,86,102,109,93,21" hai2="34,45,44,43,1,110,28,50,114,129,111,3,55" hai3="120,80,100,72,52,10,4,37,68,122,14,96,95"/><W23/><G68/><T112/><D130/><U30/><E123/><V132/><F129/><W18/><G37/><T76/><D112/><U91/><E109/><N who="2" m="41483" /><F114/><W75/><G75/><T83/><D103/><U84/><E127/><V118/><F118/><W126/><G126/><T60/><D47/><U66/><E135/><N who="0" m="51721" /><D29/><U5/><E5/><V38/><F132/><W46/><G72/><N who="0" m="43399" /><D16/><U98/><E117/><V63/><F63/><W78/><G78/><T89/><D89/><U58/><E105/><V67/><F67/><W6/><G6/><T97/><D97/><U73/><E73/><V8/><F8/><AGARI ba="2,0" hai="8,9,11,32,33,60,65,71" m="43399,51721" machi="8" ten="30,2000,0" yaku="20,1,52,1" doraHai="79" who="0" fromWho="2" sc="137,26,254,0,84,-26,525,0" /><INIT seed="4,0,0,4,0,89" ten="163,254,58,525" oya="0" hai0="118,7,65,17,106,13,84,90,91,63,64,30,58" hai1="1,48,81,59,5,122,29,77,94,132,124,26,85" hai2="18,19,69,8,125,102,114,117,74,55,45,40,87" hai3="93,113,127,61,4,82,130,115,109,128,66,110,41"/><T108/><D118/><U32/><E122/><V22/><F74/><W16/><G16/><T42/><D106/><U33/><E124/><V6/><F125/><W75/><G4/><T14/><D108/><N who="3" m="41577" /><G41/><T98/><D42/><U35/><E132/><V73/><F73/><W31/><G31/><T50/><D50/><U21/><E5/><V111/><F117/><W10/><G10/><N who="0" m="4319" /><D98/><U86/><E1/><V34/><F114/><N who="3" m="43531" /><G127/><T52/><D91/><U57/><E48/><V103/><F102/><W134/><G134/><T83/><D30/><U37/><E37/><V72/><F87/><W36/><G36/><T38/><D38/><U120/><REACH who="1" step="1"/><E120/><REACH who="1" ten="163,244,58,525" step="2"/><V80/><F6/><W107/><G130/><T56/><D56/><U133/><E133/><V123/><F123/><W60/><G128/><T126/><D126/><U15/><E15/><V11/><F111/><W131/><G131/><T53/><D53/><U101/><E101/><V0/><F103/><W62/><G107/><T112/><D112/><U105/><E105/><V51/><F55/><W121/><G121/><T28/><D28/><U27/><E27/><V2/><F40/><W135/><G135/><T88/><D90/><AGARI ba="0,1" hai="21,26,29,32,33,35,57,59,77,81,85,86,90,94" machi="90" ten="40,2600,0" yaku="1,1,52,1,53,0" doraHai="89" doraHaiUra="92" who="1" fromWho="0" sc="163,-26,244,36,58,0,525,0" /><INIT seed="5,0,0,0,5,89" ten="137,280,58,525" oya="1" hai0="44,99,107,11,71,94,114,46,33,28,8,128,78" hai1="112,77,80,104,30,88,42,98,1,129,113,21,12" hai2="56,82,40,20,126,100,49,17,97,23,133,69,32" hai3="106,70,34,66,55,81,68,110,95,9,124,74,123"/><U37/><E1/><V59/><F32/><W92/><G106/><T22/><D33/><U57/><E129/><V127/><F69/><W58/><G34/><T105/><D71/><U45/><E104/><V91/><F133/><W13/><G66/><T93/><D78/><U25/><E12/><V10/><F10/><W119/><G124/><T4/><D22/><U108/><E108/><V115/><F115/><N who="1" m="44105" /><E57/><V36/><F36/><W83/><G58/><T35/><D35/><U64/><E64/><V19/><F40/><W132/><G13/><T134/><D114/><U79/><E80/><V47/><F82/><W53/><G110/><T72/><D99/><U122/><E122/><V14/><F59/><W135/><G9/><T7/><D72/><U31/><E31/><V26/><F56/><W61/><G74/><T18/><D18/><U0/><E0/><V51/><F127/><W130/><G130/><T48/><D128/><U85/><E85/><V65/><F65/><W111/><G111/><T121/><D28/><U125/><E125/><V60/><F60/><W90/><G123/><T50/><D121/><U43/><E43/><V84/><F126/><W120/><G120/><T67/><D67/><U101/><E101/><V16/><F19/><W131/><G131/><T109/><D109/><U87/><E87/><V27/><F14/><W3/><G61/><T96/><D96/><U52/><E52/><V29/><F29/><W102/><G3/><T62/><D62/><U41/><E41/><V6/><F97/><W24/><G102/><T117/><D134/><N who="3" m="51241" /><G70/><T103/><D103/><RYUUKYOKU ba="0,0" sc="137,15,280,15,58,-15,525,-15" hai0="4,7,8,11,44,46,48,50,93,94,105,107,117" hai1="21,25,30,37,42,45,77,79,88,98" /><INIT seed="5,1,0,3,2,23" ten="152,295,43,510" oya="1" hai0="13,55,33,92,90,3,132,133,78,79,31,47,43" hai1="129,97,80,15,46,96,9,18,75,105,68,4,6" hai2="69,116,100,62,71,28,91,8,111,51,104,94,44" hai3="52,61,20,49,119,37,121,1,12,89,113,54,98"/><U2/><E68/><V112/><F111/><W72/><G37/><T27/><D3/><U58/><E129/><V48/><F116/><W127/><G1/><T56/><D13/><U114/><E114/><V106/><F112/><W108/><G72/><T65/><D65/><U17/><E58/><V107/><F100/><W36/><G98/><T128/><D128/><U95/><E105/><V83/><F83/><W67/><G89/><T86/><D55/><U76/><E97/><V7/><F28/><W122/><G20/><T118/><D56/><U60/><E60/><V84/><F62/><W135/><G127/><T99/><D118/><U74/><E74/><V29/><F29/><W26/><G135/><N who="0" m="51787" /><D99/><U16/><E46/><V87/><F87/><W25/><G113/><T11/><D11/><U85/><E75/><V50/><REACH who="2" step="1"/><F44/><REACH who="2" ten="152,295,33,510" step="2"/><W109/><G119/><T124/><D124/><U21/><E4/><V81/><F81/><W42/><G61/><T88/><D90/><AGARI ba="1,1" hai="2,6,9,15,16,17,18,21,76,80,85,90,95,96" machi="90" ten="30,2900,0" yaku="7,1,54,1" doraHai="23" who="1" fromWho="0" sc="152,-32,295,42,33,0,510,0" /><INIT seed="5,2,0,2,0,25" ten="120,337,33,510" oya="1" hai0="90,125,6,110,102,13,117,106,124,24,19,76,120" hai1="80,131,11,32,57,98,50,36,116,73,132,55,122" hai2="71,10,93,46,38,52,12,0,3,77,113,15,4" hai3="108,86,27,65,95,78,94,74,129,128,22,82,92"/><U79/><E116/><V121/><F121/><W33/><G33/><T103/><D110/><U20/><E32/><V126/><F71/><W61/><G108/><T43/><D117/><U105/><E122/><V1/><F126/><N who="0" m="48746" /><D120/><U133/><E36/><V59/><F113/><W14/><G14/><T34/><D106/><U88/><E131/><N who="3" m="50250" /><G86/><T29/><D6/><U31/><E11/><V83/><F93/><W8/><G8/><N who="0" m="6567" /><D43/><U96/><E105/><V118/><F118/><W104/><G104/><T21/><D34/><U35/><E35/><V67/><F67/><W66/><G61/><T47/><D47/><U68/><E68/><V41/><F15/><W56/><G56/><T53/><D53/><U51/><E51/><V62/><REACH who="2" step="1"/><F12/><REACH who="2" ten="120,337,23,510" step="2"/><W44/><G66/><T87/><D76/><U107/><E107/><V64/><F64/><W97/><G65/><T37/><D37/><U18/><E18/><V17/><F17/><W130/><G130/><T84/><D90/><U54/><E54/><V112/><F112/><W26/><G95/><T134/><D103/><U111/><E111/><V30/><F30/><W127/><G94/><T119/><D102/><U23/><E88/><V70/><F70/><W16/><G127/><T75/><D119/><U72/><E31/><V7/><F7/><W5/><G5/><T81/><D29/><U45/><E55/><V99/><F99/><W39/><G92/><T114/><D114/><U2/><E96/><V28/><F28/><W63/><G97/><T40/><D24/><U135/><E98/><V42/><F42/><N who="3" m="22623" /><G27/><T91/><D91/><RYUUKYOKU ba="2,1" sc="120,-15,337,-15,23,15,510,15" hai2="0,1,3,4,10,38,41,46,52,59,62,77,83" hai3="16,22,26,63,74,78,82" /><INIT seed="6,3,1,0,2,67" ten="105,322,38,525" oya="2" hai0="94,38,84,58,103,83,78,27,90,72,71,104,15" hai1="79,68,109,0,124,19,113,117,53,77,92,29,1" hai2="133,52,3,40,129,112,98,23,85,131,48,93,102" hai3="132,39,21,81,108,135,54,8,47,125,118,82,13"/><V111/><F3/><W57/><G108/><T86/><D38/><U119/><E109/><V55/><F111/><W6/><G118/><T120/><D120/><U61/><E29/><V30/><F112/><W9/><G9/><T100/><D71/><U37/><E37/><V24/><F133/><W50/><G125/><T46/><D104/><U128/><E92/><V20/><F20/><W28/><G28/><T7/><D72/><U35/><E61/><V11/><F11/><W121/><G121/><T16/><D7/><U115/><E128/><V106/><F106/><W22/><G39/><T10/><D46/><U80/><E80/><N who="3" m="30826" /><G57/><T97/><D27/><U63/><E63/><V107/><F40/><W59/><G59/><T34/><D34/><U87/><E87/><V95/><F55/><W91/><G91/><T51/><D97/><U116/><E53/><AGARI ba="3,1" hai="10,15,16,51,53,58,78,83,84,86,90,94,100,103" machi="53" ten="40,2600,0" yaku="8,1,54,1" doraHai="67" who="0" fromWho="1" sc="105,45,322,-35,38,0,525,0" /><INIT seed="7,0,0,4,5,56" ten="150,287,38,525" oya="3" hai0="45,122,54,126,132,49,82,57,80,116,100,106,50" hai1="127,131,17,91,65,22,86,32,85,1,14,108,0" hai2="88,76,24,115,6,5,9,94,28,71,93,36,16" hai3="78,46,133,10,42,124,89,25,97,117,60,79,8"/><W63/><G89/><T27/><D122/><U119/><E14/><V31/><F76/><W101/><G25/><T112/><D116/><U35/><E22/><V125/><F36/><W128/><G97/><T90/><D132/><U74/><E65/><V4/><F71/><W83/><G46/><T3/><D3/><U29/><E29/><V73/><F73/><W130/><G83/><T21/><D126/><U55/><E91/><V12/><F88/><W33/><G42/><N who="0" m="24759" /><D106/><U13/><E13/><N who="2" m="7215" /><F94/><W20/><G20/><T18/><D112/><U7/><E7/><N who="2" m="2635" /><F93/><W105/><G101/><T98/><D100/><U110/><E119/><V43/><F43/><W66/><G66/><T120/><D120/><U48/><E127/><V103/><F103/><W92/><G92/><AGARI ba="0,0" hai="18,21,27,50,54,57,80,82,90,92,98" m="24759" machi="92" ten="30,1000,0" yaku="8,1" doraHai="56" who="0" fromWho="3" sc="150,10,287,0,38,0,525,-10" owari="160,-24.0,287,9.0,38,-46.0,515,61.0" /></mjloggm>