<mjloggm ver="2.3"><GO type="169" lobby="0"/><UN n0="%E3%83%88%E3%83%88%E3%83%AA%E5%85%88%E7%94%9F%31%39%E6%AD%B3" n1="%E7%89%8C%E6%B5%81%E5%AE%9A%E7%9F%B3%E6%9C%80%E9%AB%98" n2="%E3%82%82%E3%81%BF%E3%81%82%E3%81%92" n3="%74%61%72%6F%33%39%30%30" dan="19,16,16,17" rate="2268.41,2154.56,2079.24,2183.84" sx="F,F,M,M"/><TAIKYOKU oya="0"/><INIT seed="0,0,0,4,0,124" ten="250,250,250,250" oya="0" hai0="114,27,48,61,26,118,123,115,12,2,45,7,99" hai1="0,70,58,36,38,50,32,41,14,111,19,13,39" hai2="5,80,16,98,109,104,34,108,63,103,43,79,64" hai3="100,127,83,4,44,10,119,25,121,65,133,129,126"/><T134/><D118/><U72/><E0/><V128/><F5/><W95/><G119/><T82/><D123/><U91/><E72/><N who="2" m="43111" /><F34/><W86/><G121/><T15/><D134/><U81/><E32/><V1/><F43/><W132/><G65/><T69/><D2/><U55/><E14/><V11/><F16/><W3/><G44/><T116/><D116/><U53/><E19/><V35/><F35/><W84/><G25/><T20/><D27/><U71/><E13/><V67/><F67/><W24/><G24/><T37/><D37/><U40/><E91/><V68/><F11/><W78/><G86/><T9/><D99/><U66/><E81/><V30/><F30/><W110/><G95/><T77/><D15/><U94/><E94/><V107/><F1/><W97/><G97/><T33/><D33/><U125/><E125/><N who="3" m="47626" /><G100/><T17/><D61/><N who="1" m="36063" /><E111/><N who="2" m="42571" /><F107/><W101/><G110/><T130/><D69/><N who="1" m="26123" /><E66/><V62/><F62/><W6/><G6/><T73/><D114/><U56/><AGARI ba="0,0" hai="36,38,39,40,41,50,53,56" m="26123,36063" machi="56" ten="40,8000,1" yaku="35,5" doraHai="124" who="1" fromWho="1" sc="250,-40,250,80,250,-20,250,-20" /><INIT seed="1,0,0,0,0,19" ten="210,330,230,230" oya="1" hai0="95,55,67,42,26,133,93,47,104,92,35,56,115" hai1="0,89,21,79,50,109,131,102,84,53,73,46,34" hai2="40,51,81,59,32,36,43,72,45,54,58,30,122" hai3="23,33,98,97,37,12,29,4,9,134,78,116,91"/><U1/><E34/><V57/><F122/><W49/><G37/><T41/><D115/><U101/><E131/><V25/><REACH who="2" step="1"/><F43/><REACH who="2" ten="210,330,220,230" step="2"/><W22/><G116/><T62/><D41/><U68/><E1/><V83/><F83/><W64/><G134/><T38/><D133/><U70/><E0/><V61/><F61/><W8/><G78/><AGARI ba="0,1" hai="25,30,32,36,40,45,51,54,57,58,59,72,78,81" machi="78" ten="40,1300,0" yaku="1,1,53,0" doraHai="19" doraHaiUra="87" who="2" fromWho="3" sc="210,0,330,0,220,23,230,-13" /><INIT seed="2,0,0,5,3,51" ten="210,330,243,217" oya="2" hai0="84,48,43,57,28,73,61,103,29,14,41,69,4" hai1="75,56,114,122,49,13,9,109,23,35,52,45,71" hai2="50,83,19,22,106,67,2,34,42,86,117,93,27" hai3="16,134,115,62,110,20,0,6,46,120,55,76,82"/><V15/><F106/><W65/><G120/><T72/><D69/><U8/><E114/><V47/><F117/><W92/><G110/><T38/><D38/><U135/><E35/><V118/><F118/><W17/><G134/><T126/><D126/><U63/><E71/><V105/><F105/><W90/><G115/><T101/><D72/><U107/><E107/><V130/><F130/><W102/><G102/><N who="0" m="38923" /><D73/><U64/><E75/><V97/><F2/><W124/><G124/><T54/><D4/><U95/><E109/><V12/><F34/><W10/><G82/><T116/><D116/><U113/><E135/><V37/><F67/><W99/><G76/><T59/><D14/><U3/><E3/><V128/><F128/><W108/><G108/><T32/><D84/><U30/><E113/><V119/><F119/><W133/><G133/><T123/><D32/><U77/><E77/><N who="2" m="46447" /><F37/><W36/><G20/><T98/><D98/><U100/><E122/><V96/><F96/><W33/><G33/><T88/><D88/><AGARI ba="0,0" hai="12,15,19,22,27,42,47,50,88,93,97" m="46447" machi="88" ten="30,2900,0" yaku="8,1,54,1" doraHai="51" who="2" fromWho="0" sc="210,-29,330,0,243,29,217,0" /><INIT seed="2,1,0,2,2,87" ten="181,330,272,217" oya="2" hai0="57,33,0,24,61,96,20,86,1,13,75,49,3" hai1="72,6,29,9,68,69,17,128,37,65,90,102,8" hai2="100,116,60,81,77,132,15,21,80,74,25,94,117" hai3="64,111,120,19,110,58,114,52,95,101,16,63,103"/><V118/><F132/><W5/><G120/><T18/><D75/><U76/><E29/><V92/><F15/><W112/><G5/><T105/><D49/><U82/><E102/><N who="3" m="38922" /><G95/><T71/><D96/><U126/><E37/><V66/><F100/><W31/><G31/><T62/><D105/><U127/><E65/><V113/><F81/><W84/><G84/><T7/><D71/><U83/><E17/><N who="3" m="6730" /><G64/><T79/><D33/><U123/><E9/><V22/><F94/><W54/><G54/><T70/><D70/><U30/><E30/><V131/><F92/><W104/><G104/><T46/><D7/><U34/><E34/><V50/><F66/><W130/><G130/><T91/><D13/><U134/><E128/><V88/><F131/><W78/><G78/><T26/><D79/><U107/><E107/><V14/><F77/><W41/><G41/><T4/><D4/><U11/><E11/><V32/><F14/><W43/><G43/><T108/><D24/><U121/><E134/><V55/><F25/><W73/><G73/><T122/><D122/><N who="1" m="46603" /><E8/><V129/><F129/><W38/><G38/><T106/><D106/><U2/><E6/><V133/><F133/><W135/><G135/><T109/><D86/><U28/><E28/><V42/><F74/><W93/><G93/><T89/><D0/><U48/><E2/><V125/><F117/><W35/><G35/><T85/><D3/><U99/><E76/><V56/><F32/><W51/><G51/><T124/><D1/><U115/><E72/><V45/><F118/><W98/><G98/><T12/><D26/><RYUUKYOKU ba="1,0" sc="181,-10,330,-10,272,-10,217,30" hai3="52,58,63,110,111,112,114" /><INIT seed="3,2,0,1,5,53" ten="171,320,262,247" oya="3" hai0="41,82,88,12,112,102,39,16,21,34,86,23,9" hai1="46,133,6,22,7,30,123,62,13,27,125,55,105" hai2="56,99,104,81,135,114,131,32,50,67,107,106,54" hai3="43,31,59,117,89,74,118,63,94,37,126,38,120"/><W33/><G120/><T5/><D34/><U129/><E105/><V84/><F114/><W78/><G126/><T3/><D112/><U69/><E133/><V35/><F135/><W124/><G124/><T57/><D102/><U72/><E72/><V134/><F134/><W20/><G33/><T49/><D39/><U90/><E129/><V64/><F131/><W130/><G130/><T97/><D97/><U127/><E123/><V44/><F99/><W52/><G74/><T14/><D3/><U11/><E7/><V10/><F10/><W128/><G78/><T18/><D41/><U77/><E77/><V61/><REACH who="2" step="1"/><F67/><REACH who="2" ten="171,320,252,247" step="2"/><W85/><G128/><T93/><D5/><U103/><E127/><V45/><F45/><W28/><G118/><T58/><D9/><U111/><E125/><V36/><F36/><W76/><G117/><T80/><D49/><U83/><E11/><V24/><F24/><W60/><G38/><T95/><D95/><U2/><E6/><V47/><F47/><W0/><G37/><T68/><D68/><U48/><E46/><V122/><F122/><W75/><G94/><T4/><D4/><U109/><E69/><V51/><F51/><W71/><G71/><T101/><D101/><U70/><E48/><V119/><F119/><W73/><G0/><T19/><D19/><U116/><E103/><V98/><F98/><W65/><G31/><T87/><D93/><U113/><E2/><V25/><F25/><W108/><G28/><T91/><AGARI ba="2,1" hai="12,14,16,18,21,23,57,58,80,82,86,87,88,91" machi="91" ten="20,16000,3" yaku="0,1,7,1,32,3,8,1,52,2,54,2" doraHai="53" who="0" fromWho="0" sc="171,176,320,-42,252,-42,247,-82" /><INIT seed="4,0,0,4,4,50" ten="347,278,210,165" oya="0" hai0="110,38,124,86,129,34,1,82,134,43,130,92,122" hai1="45,41,12,32,89,46,0,81,25,80,36,39,63" hai2="47,54,10,5,133,51,17,24,101,60,20,117,102" hai3="18,23,109,83,94,44,57,2,35,53,26,88,33"/><T37/><D122/><U115/><E0/><V120/><F120/><W126/><G109/><T97/><D1/><U105/><E105/><V21/><F133/><W93/><G2/><T48/><D34/><U7/><E115/><V49/><F117/><W99/><G126/><T123/><D123/><U98/><E63/><V19/><F60/><W61/><G83/><T84/><D134/><U75/><E75/><V78/><F78/><W31/><G31/><T114/><D114/><U132/><E132/><V55/><F10/><W131/><G131/><N who="0" m="50187" /><D124/><U62/><E62/><V106/><F5/><W65/><G65/><T30/><D30/><U29/><E7/><V15/><F106/><W87/><REACH who="3" step="1"/><G44/><AGARI ba="0,0" hai="15,17,19,20,21,24,44,47,49,51,54,55,101,102" machi="44" ten="30,8000,1" yaku="7,1,9,1,8,1,52,2" doraHai="50" who="2" fromWho="3" sc="347,0,278,0,210,80,165,-80" /><INIT seed="5,0,0,5,3,92" ten="347,278,290,85" oya="1" hai0="5,59,12,129,56,19,30,14,57,36,119,23,110" hai1="71,113,9,76,69,70,53,17,126,72,134,85,24" hai2="58,124,132,22,78,0,99,13,44,4,117,10,37" hai3="83,103,123,50,47,18,115,11,105,104,51,65,67"/><U16/><E72/><V3/><F117/><W64/><G123/><T127/><D110/><U94/><E126/><V87/><F124/><W29/><G29/><T106/><D119/><U112/><E134/><V8/><F132/><W122/><G122/><T84/><D127/><U46/><E76/><V48/><F37/><W80/><G115/><N who="1" m="44106" /><E24/><V96/><F58/><W90/><G103/><T111/><D36/><U21/><E9/><V79/><F22/><W81/><G47/><T98/><D129/><U116/><E116/><V28/><F28/><W6/><G18/><N who="1" m="7274" /><E21/><V107/><F10/><W133/><G133/><T60/><D111/><U130/><E130/><V34/><F34/><W54/><G54/><T88/><D30/><U55/><E46/><V66/><F79/><W75/><G75/><T125/><D125/><U63/><E63/><V74/><F74/><W121/><G121/><T2/><D2/><N who="2" m="554" /><F66/><W39/><G39/><T89/><D5/><U86/><E94/><V45/><F107/><W68/><G68/><T101/><D14/><U35/><E35/><V95/><F45/><W97/><G105/><T73/><D73/><U31/><E31/><V20/><F20/><W26/><G26/><T77/><D60/><U40/><E40/><N who="2" m="24583" /><F95/><N who="3" m="56567" /><G104/><T108/><D108/><U120/><E120/><V61/><F61/><W1/><G1/><T118/><D118/><U38/><E38/><V100/><F100/><W82/><N who="3" m="20480" /><DORA hai="93" /><W49/><G11/><T114/><D114/><U33/><E33/><V41/><F41/><W131/><G131/><T25/><D25/><U128/><E128/><RYUUKYOKU ba="0,0" sc="347,0,278,0,290,0,85,0" hai0="12,19,23,56,57,59,77,84,88,89,98,101,106" hai1="53,55,69,70,71,85,86" hai2="4,8,13,78,87,96,99" hai3="6,49,50,51,64,65,67" /><INIT seed="5,1,0,3,5,73" ten="347,278,290,85" oya="1" hai0="120,0,32,24,98,123,33,54,128,56,112,125,48" hai1="115,102,25,126,129,18,37,9,116,110,118,77,111" hai2="107,78,94,106,44,74,11,124,85,5,17,88,72" hai3="40,61,6,103,135,89,36,127,42,22,34,113,92"/><U2/><E37/><V57/><F124/><W26/><G127/><T132/><D125/><U55/><E102/><V15/><F74/><W46/><G34/><T13/><D0/><U121/><E77/><V58/><F44/><W7/><G113/><T66/><D112/><U134/><E55/><V99/><F5/><W104/><G135/><T108/><D108/><N who="1" m="41515" /><E126/><V38/><F38/><W62/><G40/><T81/><D132/><U59/><E59/><V4/><F4/><W83/><G104/><T122/><D66/><U95/><E95/><V68/><F68/><W65/><G103/><T51/><D51/><U31/><E134/><V101/><F107/><W93/><G93/><T45/><D98/><U86/><E86/><V49/><F49/><W130/><G130/><T117/><D128/><U76/><E76/><V53/><F53/><W91/><G62/><T100/><D45/><U84/><E2/><V63/><F63/><W52/><G65/><T131/><D100/><U80/><E129/><V96/><F96/><W114/><G114/><T16/><D131/><U30/><E121/><V19/><F17/><N who="3" m="12623" /><G83/><AGARI ba="1,0" hai="11,15,19,57,58,72,78,83,85,88,94,99,101,106" machi="83" ten="40,8000,1" yaku="24,2,52,1,54,1" doraHai="73" who="2" fromWho="3" sc="347,0,278,0,290,83,85,-83" /><INIT seed="6,0,0,2,2,76" ten="347,278,373,2" oya="2" hai0="130,28,125,18,9,17,23,100,36,11,67,75,131" hai1="24,8,73,41,105,5,60,118,12,120,104,72,129" hai2="74,51,43,106,38,46,39,58,35,19,61,70,6" hai3="42,79,30,21,97,110,119,103,54,94,84,16,64"/><V62/><F74/><W77/><G110/><T55/><D36/><N who="2" m="13866" /><F6/><W32/><G119/><T128/><D125/><U113/><E118/><V52/><F19/><N who="0" m="7178" /><D100/><U98/><E41/><V47/><F35/><W88/><G42/><T1/><D67/><U56/><E129/><N who="0" m="33025" /><T96/><DORA hai="69" /><D96/><U37/><E37/><N who="2" m="21871" /><F106/><W66/><G30/><T2/><D55/><U44/><E98/><V33/><F33/><W116/><G32/><T134/><D134/><U107/><E44/><V111/><F111/><W57/><G116/><T87/><D87/><U27/><E73/><V117/><F117/><W22/><G22/><T126/><D126/><U93/><E72/><V0/><F0/><N who="0" m="106" /><D75/><U102/><E107/><V124/><F124/><W127/><G127/><T14/><D14/><U99/><E12/><V7/><F7/><W91/><G77/><T109/><D109/><U26/><E5/><V85/><F85/><W13/><G79/><T45/><D45/><U65/><E105/><V108/><F108/><W112/><G112/><T101/><D101/><U3/><E3/><V15/><F15/><W34/><G34/><T132/><D132/><U123/><E102/><V115/><F115/><W48/><G91/><T20/><D20/><U83/><E113/><V80/><F80/><AGARI ba="0,0" hai="13,16,21,48,54,57,64,66,80,84,88,94,97,103" machi="80" ten="30,8000,1" yaku="7,1,8,1,52,1,54,2" doraHai="76,69" who="3" fromWho="2" sc="347,0,278,0,373,-80,2,80" /><INIT seed="7,0,0,4,4,128" ten="347,278,293,82" oya="3" hai0="132,40,39,4,20,131,53,34,45,25,121,69,66" hai1="101,113,111,14,122,68,95,5,38,19,130,129,13" hai2="87,28,1,63,99,98,123,90,32,31,91,119,71" hai3="78,16,51,12,109,10,110,70,2,67,35,96,17"/><W85/><G35/><T49/><D132/><U30/><E38/><V3/><F119/><W126/><G126/><T100/><D121/><U104/><E111/><N who="3" m="42506" /><G2/><T97/><D131/><N who="1" m="50187" /><E104/><V64/><F123/><W86/><G78/><T65/><D4/><U21/><E68/><V124/><F124/><W46/><G96/><T75/><D75/><U92/><E122/><V56/><F71/><W9/><G67/><T61/><D34/><U15/><E30/><V24/><F31/><W79/><G70/><T11/><D11/><N who="3" m="4105" /><G79/><T7/><D7/><U29/><E29/><V23/><F32/><W102/><G102/><T27/><D20/><U94/><E5/><V50/><F99/><W54/><G17/><T41/><D66/><U115/><E101/><V107/><F98/><W62/><G62/><T6/><D6/><U108/><E108/><V112/><F1/><W52/><G54/><T59/><D41/><U47/><E47/><V42/><F64/><W77/><G77/><T58/><D69/><U72/><E72/><V48/><F63/><W8/><AGARI ba="0,0" hai="8,12,16,46,51,52,85,86" m="4105,42506" machi="8" ten="30,6000,0" yaku="10,1,54,2" doraHai="128" who="3" fromWho="3" sc="347,-20,278,-20,293,-20,82,60" /><INIT seed="7,1,0,2,5,23" ten="327,258,273,142" oya="3" hai0="126,129,52,69,2,20,135,100,3,99,49,134,47" hai1="108,130,55,38,78,89,57,41,109,83,84,76,106" hai2="111,31,7,90,66,17,60,54,61,123,33,132,107" hai3="16,29,8,71,48,62,43,72,73,51,120,121,39"/><W105/><G105/><T9/><D69/><U88/><E106/><V11/><F111/><W125/><G39/><T45/><D129/><U15/><E130/><V4/><F132/><N who="0" m="50730" /><D126/><U98/><E15/><V119/><F107/><W50/><G43/><T95/><D20/><U85/><E41/><V75/><F119/><W116/><G116/><T35/><D35/><U58/><E38/><V63/><F75/><W91/><G125/><T87/><D87/><U115/><E115/><V104/><F90/><W46/><G46/><N who="0" m="27703" /><D9/><U6/><E6/><V34/><F4/><W74/><G29/><T14/><D14/><U93/><E108/><V65/><F31/><W68/><G91/><T30/><D30/><U92/><E109/><V26/><F34/><W86/><G86/><T112/><D112/><U81/><E55/><V94/><F54/><W12/><REACH who="3" step="1"/><G62/><REACH who="3" ten="327,258,273,132" step="2"/><T128/><D128/><U118/><E118/><V117/><F117/><W5/><G5/><T44/><AGARI ba="1,1" hai="2,3,44,45,47,95,99,100" m="27703,50730" machi="44" ten="30,2000,0" yaku="20,1,54,1" doraHai="23" who="0" fromWho="0" sc="327,33,258,-6,273,-6,132,-11" owari="360,46.0,252,-15.0,267,7.0,121,-38.0" /></mjloggm>