<mjloggm ver="2.3"><GO type="169" lobby="0"/><UN n0="%53%6F%6C%69%74%6F%6E" n1="%E3%81%82%EF%BD%93%EF%BD%84%EF%BD%86%E3%81%8F%E3%81%87%EF%BD%92" n2="%E3%81%99%E3%81%9A%E3%82%81%E3%82%AF%E3%83%AC%E3%82%A4%E3%82%B8%E3%83%BC" n3="%E3%82%A6%E3%83%AB%E3%83%88%E3%83%A9%E7%AB%8B%E7%9B%B4" dan="17,16,20,19" rate="2231.57,2155.28,2193.66,2344.89" sx="M,M,M,M"/><TAIKYOKU oya="0"/><INIT seed="0,0,0,2,3,56" ten="250,250,250,250" oya="0" hai0="55,49,2,114,21,59,15,116,64,96,68,113,61" hai1="39,53,110,130,14,5,20,107,10,9,46,126,81" hai2="97,69,32,98,78,45,35,23,117,25,3,77,104" hai3="70,16,27,123,51,112,42,26,132,87,74,43,105"/><T65/><D2/><U38/><E107/><V30/><F3/><W115/><G74/><T4/><D116/><U92/><E110/><V13/><F117/><W125/><G70/><T102/><D65/><U76/><E130/><V119/><F119/><W79/><G105/><T109/><D109/><U83/><E126/><V118/><F69/><W8/><G87/><T135/><D135/><U19/><E9/><V101/><F32/><W86/><G86/><T34/><D34/><U95/><E39/><V129/><F129/><W58/><G58/><T1/><D1/><U28/><E28/><V63/><F98/><W128/><G51/><T66/><D64/><U71/><E71/><V67/><F45/><W33/><G33/><T44/><D68/><U36/><E36/><V99/><F99/><W24/><G79/><T88/><D88/><U72/><E83/><V6/><F118/><W29/><G29/><T93/><REACH who="0" step="1"/><D21/><REACH who="0" ten="240,250,250,250" step="2"/><U7/><E20/><V85/><F23/><N who="3" m="13415" /><G132/><T60/><D60/><U108/><E108/><V50/><F63/><W22/><G128/><T106/><D106/><U0/><E95/><V62/><F62/><W41/><G22/><T91/><D91/><U31/><E92/><V90/><F35/><W100/><G27/><T82/><D82/><U111/><E81/><V57/><F25/><W134/><G26/><T75/><D75/><U121/><E72/><V131/><F104/><W54/><G134/><T37/><D37/><U12/><E38/><V84/><F131/><W124/><G124/><T17/><D17/><U120/><E19/><V40/><F30/><RYUUKYOKU ba="0,1" sc="240,30,250,-10,250,-10,250,-10" hai0="4,15,44,49,55,59,61,66,93,96,102,113,114" /><INIT seed="0,1,1,2,5,123" ten="270,240,240,240" oya="0" hai0="94,97,44,62,28,72,82,50,117,86,95,15,108" hai1="75,39,122,1,4,78,132,112,51,103,11,96,47" hai2="76,105,119,65,74,59,106,120,52,3,46,88,121" hai3="63,92,34,85,113,49,21,127,2,25,53,37,41"/><T79/><D117/><U70/><E122/><V17/><F3/><W0/><G34/><T69/><D28/><U107/><E51/><V125/><F119/><W126/><G63/><T87/><D95/><U64/><E132/><V35/><F35/><W98/><G85/><T130/><D130/><U5/><E5/><V58/><F76/><W90/><G41/><T111/><D15/><U33/><E33/><V109/><F74/><W89/><G89/><T10/><D10/><U54/><E54/><V77/><F77/><W100/><G100/><T22/><D22/><U68/><E64/><V29/><F46/><N who="3" m="27831" /><G37/><T118/><D118/><U16/><E16/><V124/><F88/><W32/><G32/><T42/><D62/><U9/><E9/><V66/><F52/><W14/><G14/><T23/><D23/><U84/><E84/><V116/><F116/><W93/><G93/><T19/><D19/><U135/><E135/><V114/><F17/><N who="3" m="12463" /><G113/><T80/><D69/><U40/><E112/><V104/><F104/><W133/><G133/><T27/><D27/><U8/><E8/><V115/><F29/><W91/><G91/><N who="0" m="55519" /><D72/><U36/><E36/><V7/><F7/><W56/><G56/><T81/><D79/><U57/><E57/><V45/><F45/><W71/><G71/><T101/><D101/><U24/><E24/><V110/><AGARI ba="1,1" hai="58,59,65,66,105,106,109,110,114,115,120,121,124,125" machi="110" ten="25,8000,1" yaku="0,1,22,2,52,2" doraHai="123" who="2" fromWho="2" sc="270,-41,240,-21,240,93,240,-21" /><INIT seed="1,0,0,2,5,90" ten="229,219,333,219" oya="1" hai0="75,112,59,135,10,17,71,92,42,127,85,37,47" hai1="26,56,130,54,43,128,70,103,94,122,58,91,134" hai2="66,6,82,97,7,52,96,106,117,107,40,102,126" hai3="49,35,93,1,0,87,118,101,110,14,53,8,83"/><U73/><E122/><V46/><F117/><W69/><G35/><T120/><D71/><U55/><E70/><V48/><F126/><W132/><G69/><T67/><D75/><U65/><E73/><V33/><F33/><W27/><G27/><T32/><D120/><U61/><E43/><V18/><F66/><W86/><G110/><T9/><D32/><U125/><E103/><V34/><F34/><W109/><G109/><T77/><D112/><U116/><E116/><V89/><F18/><W30/><G30/><T79/><D127/><U98/><E125/><V104/><F97/><W78/><G132/><T22/><D135/><U114/><E26/><V76/><F89/><W23/><G23/><T62/><D79/><U99/><E114/><V113/><F113/><W20/><G20/><T100/><D77/><U68/><E134/><V2/><F40/><W31/><G31/><T88/><REACH who="0" step="1"/><D100/><REACH who="0" ten="219,219,333,219" step="2"/><U24/><E68/><V81/><F76/><W80/><G118/><T3/><D3/><U123/><E123/><V38/><F2/><W124/><G124/><T105/><D105/><U95/><E24/><AGARI ba="0,1" hai="9,10,17,22,24,37,42,47,59,62,67,85,88,92" machi="24" ten="30,8000,1" yaku="1,1,7,1,52,1,54,1,53,1" doraHai="90" doraHaiUra="60" who="0" fromWho="1" sc="219,90,219,-80,333,0,219,0" /><INIT seed="2,0,0,1,2,125" ten="309,139,333,219" oya="2" hai0="61,86,107,37,93,112,78,49,133,81,15,44,96" hai1="122,66,111,118,129,62,8,97,2,53,131,20,102" hai2="54,24,27,19,31,89,56,3,6,50,47,29,18" hai3="74,16,48,75,109,126,25,7,57,94,34,70,82"/><V121/><F121/><W43/><G70/><T51/><D133/><U117/><E118/><V115/><F115/><W106/><G106/><T80/><D112/><U105/><E117/><V1/><F6/><W84/><G126/><T119/><D119/><U0/><E53/><V14/><F1/><W22/><G109/><T91/><D107/><U83/><E122/><V72/><F3/><W134/><G134/><T12/><D37/><U95/><E111/><V63/><F72/><W128/><G7/><T69/><D49/><U79/><E95/><V90/><F27/><W98/><G34/><T104/><D104/><U58/><E20/><V99/><F19/><W38/><G38/><T88/><D61/><U23/><E23/><V120/><F120/><W41/><G128/><N who="1" m="49226" /><E8/><V64/><F99/><W65/><G65/><T28/><D69/><U42/><E42/><V132/><F132/><W39/><G43/><T45/><D28/><N who="2" m="10826" /><F24/><W11/><G11/><AGARI ba="0,0" hai="11,14,18,47,50,54,56,63,64,89,90" m="10826" machi="11" ten="30,1500,0" yaku="8,1" doraHai="125" who="2" fromWho="3" sc="309,0,139,0,333,15,219,-15" /><INIT seed="2,1,0,2,5,111" ten="309,139,348,204" oya="2" hai0="62,86,126,122,117,52,89,8,15,118,44,83,107" hai1="53,94,2,79,88,84,26,56,12,43,49,116,113" hai2="112,131,103,132,35,99,23,106,128,101,121,114,41" hai3="98,21,32,76,63,135,57,97,82,74,42,34,70"/><V20/><F35/><W102/><G135/><T87/><D122/><U46/><E116/><N who="0" m="44649" /><D107/><U134/><E134/><V54/><F132/><W16/><G42/><T27/><D126/><U68/><E2/><V109/><F121/><W125/><G70/><T31/><D86/><U10/><E68/><V5/><F109/><W93/><G98/><T25/><D31/><U119/><E119/><V130/><F103/><W45/><G45/><T33/><D33/><U39/><E26/><V123/><F123/><W18/><G125/><T55/><D62/><U78/><REACH who="1" step="1"/><E113/><REACH who="1" ten="309,129,348,204" step="2"/><N who="2" m="43627" /><F41/><W17/><REACH who="3" step="1"/><G21/><REACH who="3" ten="309,129,348,194" step="2"/><T110/><D110/><U29/><E29/><V64/><F23/><W129/><G129/><T120/><D120/><U38/><E38/><V40/><F20/><W91/><G91/><T0/><D89/><U11/><E11/><V104/><F40/><W51/><G51/><T69/><D8/><U4/><AGARI ba="1,2" hai="4,10,12,39,43,46,49,53,56,78,79,84,88,94" machi="4" ten="20,8000,1" yaku="1,1,0,1,7,1,54,1,53,1" doraHai="111" doraHaiUra="3" who="1" fromWho="1" sc="309,-21,129,103,348,-41,194,-21" /><INIT seed="3,0,0,3,4,9" ten="288,232,307,173" oya="3" hai0="75,104,106,78,134,72,20,128,116,70,23,30,52" hai1="38,24,105,81,3,95,44,48,60,21,5,130,64" hai2="8,55,132,63,37,108,35,33,54,74,84,94,32" hai3="66,83,113,102,12,1,89,65,82,86,34,18,47"/><W101/><G1/><T11/><D70/><U118/><E105/><V117/><F74/><W129/><G34/><T62/><D116/><U31/><E118/><V114/><F37/><W97/><G113/><T29/><D128/><U40/><E130/><V17/><F132/><W46/><G129/><T71/><D134/><U42/><E81/><V61/><F114/><W96/><G83/><T121/><D71/><U109/><E109/><V14/><F108/><W7/><G7/><T56/><D121/><U19/><E3/><V100/><F117/><W49/><G97/><T119/><D119/><U126/><E126/><V41/><F41/><W25/><G25/><T125/><D11/><U57/><E5/><V27/><F27/><W76/><G76/><T112/><D125/><U120/><E120/><V88/><F100/><W79/><G79/><T93/><D78/><U39/><E42/><V122/><F122/><W69/><G69/><T16/><D93/><U73/><E73/><V6/><F6/><W123/><G123/><T26/><D29/><U13/><REACH who="1" step="1"/><E95/><REACH who="1" ten="288,222,307,173" step="2"/><V0/><F0/><W90/><G66/><T87/><D104/><U50/><E50/><V36/><F36/><W131/><G65/><T59/><D106/><U77/><E77/><V98/><F55/><N who="3" m="30135" /><G131/><T99/><D112/><U133/><E133/><V58/><F63/><W110/><G110/><T51/><D72/><U135/><E135/><V85/><AGARI ba="0,1" hai="8,14,17,32,33,35,54,58,61,84,85,88,94,98" machi="85" ten="40,5200,0" yaku="0,1,52,1,54,1" doraHai="9" who="2" fromWho="2" sc="288,-13,222,-13,307,62,173,-26" /><INIT seed="4,0,0,5,2,78" ten="275,209,369,147" oya="0" hai0="107,59,69,128,111,85,48,68,70,46,89,45,5" hai1="36,126,22,55,75,24,61,130,73,132,103,91,87" hai2="77,131,8,9,29,54,62,13,118,113,15,135,67" hai3="47,52,14,4,88,115,19,94,72,38,35,41,104"/><T11/><D107/><U134/><E36/><V40/><F113/><W99/><G115/><T30/><D30/><U125/><E103/><V79/><F40/><W129/><G129/><T25/><D25/><U60/><E130/><V6/><F135/><N who="1" m="51753" /><E55/><V119/><F54/><W49/><G35/><T82/><D128/><U21/><E91/><V106/><F29/><W123/><G72/><N who="1" m="27722" /><E87/><V112/><F112/><W121/><G4/><T10/><D111/><U56/><E56/><V51/><F51/><W127/><G104/><T122/><D122/><U92/><E92/><V53/><F53/><W102/><G102/><T0/><D59/><U120/><E120/><V2/><F106/><W18/><G127/><N who="1" m="48650" /><E24/><V84/><F84/><W39/><G39/><T58/><D58/><U17/><E17/><N who="2" m="8359" /><F79/><W116/><G116/><T12/><D48/><U66/><E66/><V110/><F77/><W32/><G19/><T28/><D28/><U93/><E93/><V105/><F131/><W96/><G96/><T27/><D27/><U100/><E100/><V65/><F105/><W83/><G38/><T74/><D74/><U71/><E71/><V95/><F67/><W43/><G123/><T57/><D57/><U80/><E80/><V16/><F95/><W86/><G121/><T108/><D108/><U64/><E64/><V26/><F26/><W20/><G32/><T133/><REACH who="0" step="1"/><D133/><REACH who="0" ten="265,209,369,147" step="2"/><U101/><E101/><V44/><F110/><W117/><G117/><T3/><D3/><U97/><E97/><V31/><F31/><W76/><AGARI ba="0,1" hai="14,18,20,41,43,47,49,52,76,83,86,88,94,99" machi="76" ten="20,12000,2" yaku="0,1,7,1,8,1,52,1,54,2" doraHai="78" who="3" fromWho="3" sc="265,-60,209,-30,369,-30,147,130" /><INIT seed="5,0,0,1,5,32" ten="205,179,339,277" oya="1" hai0="90,24,82,45,19,124,135,109,60,23,85,112,99" hai1="39,114,96,5,54,28,134,67,117,42,98,87,111" hai2="72,11,35,81,27,86,49,63,83,66,118,77,70" hai3="40,33,133,110,128,126,115,58,12,97,64,89,71"/><U113/><E117/><V14/><F118/><W131/><G33/><T73/><D109/><U37/><E67/><V51/><F27/><W127/><G71/><T16/><D73/><U10/><E111/><V120/><F35/><W123/><G123/><T104/><D112/><N who="1" m="43115" /><E28/><V74/><F120/><W43/><G110/><T26/><D135/><U15/><E134/><V21/><F21/><W3/><G12/><T93/><D104/><U84/><E54/><V38/><F38/><N who="1" m="14345" /><E42/><V119/><F119/><W101/><G43/><T106/><D106/><U2/><E15/><V48/><REACH who="2" step="1"/><F81/><REACH who="2" ten="205,179,329,277" step="2"/><W34/><G133/><T108/><D108/><U122/><E122/><V8/><F8/><W57/><G115/><T62/><D26/><U52/><E52/><V56/><F56/><W13/><G58/><T102/><D45/><U7/><E7/><AGARI ba="0,1" hai="7,11,14,48,49,51,63,66,70,72,74,77,83,86" machi="7" ten="40,1300,0" yaku="1,1,53,0" doraHai="32" doraHaiUra="25" who="2" fromWho="1" sc="205,0,179,-13,329,23,277,0" /><INIT seed="6,0,0,2,4,44" ten="205,166,352,277" oya="2" hai0="132,119,36,134,26,56,100,109,3,62,85,106,114" hai1="125,24,40,34,90,91,55,53,19,59,78,29,22" hai2="12,92,31,6,66,82,80,25,130,21,131,77,7" hai3="74,103,120,54,95,14,4,133,67,64,104,10,115"/><V73/><F66/><W135/><G104/><T9/><D109/><U1/><E125/><V2/><F2/><W63/><G74/><T108/><D36/><U118/><E118/><V76/><F92/><W69/><G120/><T37/><D37/><U97/><E78/><V88/><F12/><W52/><G67/><T13/><D108/><U65/><E1/><V11/><F11/><W117/><G117/><T17/><D119/><U58/><E40/><V93/><F80/><W72/><G72/><T123/><D123/><U83/><E65/><V38/><F77/><W39/><G39/><T105/><D100/><U112/><E112/><V50/><F38/><W87/><G115/><T128/><D128/><N who="2" m="49194" /><F50/><W51/><G103/><T41/><D3/><U68/><E68/><V99/><AGARI ba="0,0" hai="6,7,21,25,31,73,76,82,88,93,99" m="49194" machi="99" ten="30,3000,0" yaku="19,1,54,1" doraHai="44" who="2" fromWho="2" sc="205,-10,166,-10,352,30,277,-10" /><INIT seed="6,1,0,2,3,117" ten="195,156,382,267" oya="2" hai0="33,47,122,80,45,50,53,113,34,55,66,116,11" hai1="126,107,41,51,123,19,131,74,114,84,106,95,67" hai2="63,0,88,62,27,100,98,35,73,83,20,99,120" hai3="109,23,111,1,31,54,52,4,102,70,12,82,8"/><V97/><F0/><W115/><G70/><T96/><D116/><U26/><E114/><V44/><F120/><W72/><G115/><T9/><D113/><U46/><E74/><V32/><F44/><W90/><G102/><T7/><D122/><U103/><E131/><V77/><F100/><W5/><G5/><T101/><D66/><U58/><E123/><V134/><F134/><W16/><G31/><T37/><D80/><U10/><E126/><V112/><F112/><W3/><G3/><T68/><D68/><U56/><E107/><V118/><F118/><W85/><REACH who="3" step="1"/><G72/><REACH who="3" ten="195,156,382,257" step="2"/><T69/><D69/><U64/><E103/><V6/><F6/><W15/><G15/><T132/><D7/><U65/><E106/><V92/><F35/><W49/><G49/><T22/><D34/><U71/><E71/><V40/><F32/><W60/><G60/><T36/><D33/><U57/><E26/><V42/><F63/><W135/><G135/><T38/><D132/><U110/><E110/><AGARI ba="1,1" hai="1,4,8,12,16,23,52,54,82,85,90,109,110,111" machi="110" ten="40,5200,0" yaku="1,1,54,2,53,0" doraHai="117" doraHaiUra="125" who="3" fromWho="1" sc="195,0,156,-55,382,0,257,65" /><INIT seed="7,0,0,5,0,104" ten="195,101,382,322" oya="3" hai0="49,18,128,103,14,64,89,92,133,102,53,7,41" hai1="43,37,56,16,131,85,105,46,12,68,66,28,132" hai2="79,86,91,50,82,119,32,69,42,8,36,15,113" hai3="59,95,30,19,99,45,124,125,27,109,25,77,23"/><W9/><G109/><T13/><D128/><U94/><E132/><V74/><F69/><W40/><G77/><T117/><D133/><U73/><E131/><V97/><F32/><W135/><G135/><T116/><D41/><U112/><E112/><V65/><F113/><W26/><G59/><N who="0" m="33199" /><D116/><U100/><E68/><V71/><F36/><W39/><G9/><N who="0" m="4287" /><D64/><U84/><E28/><V83/><F119/><W106/><G106/><T96/><D117/><U81/><E105/><V93/><F65/><W110/><G110/><T120/><D120/><U126/><E126/><V75/><F71/><W6/><G6/><T20/><AGARI ba="0,0" hai="14,18,20,89,92,96,102,103" m="4287,33199" machi="20" ten="30,1100,0" yaku="8,1" doraHai="104" who="0" fromWho="0" sc="195,11,101,-3,382,-3,322,-5" owari="206,-19.0,98,-40.0,379,47.0,317,12.0" /></mjloggm>