<mjloggm ver="2.3"><GO type="169" lobby="0"/><UN n0="%E3%82%A6%E3%83%AB%E3%83%88%E3%83%A9%E7%AB%8B%E7%9B%B4" n1="%73%61%6B%69%36%33%34%32" n2="%E3%82%B7%E3%83%B3%E3%83%95%E3%82%A9%E3%83%8B%E3%82%A2" n3="%E3%81%BB%E3%81%A8%E3%81%B0%E3%81%97%E3%82%8B%E3%81%8B%E3%81%95%E3%81%94" dan="18,17,17,16" rate="2223.06,2181.31,2225.96,2105.74" sx="M,M,M,M"/><TAIKYOKU oya="0"/><INIT seed="0,0,0,3,5,40" ten="250,250,250,250" oya="0" hai0="90,26,108,74,128,23,5,17,11,113,81,55,120" hai1="132,6,73,101,130,18,119,31,103,87,82,1,10" hai2="83,121,104,42,122,77,7,109,129,45,4,115,49" hai3="72,44,107,75,133,24,94,110,98,22,67,134,80"/><T25/><D113/><U48/><E119/><V30/><F104/><W68/><G107/><T93/><D120/><U117/><E117/><V52/><F115/><W2/><G2/><T59/><D128/><U114/><E73/><V36/><F30/><W125/><G110/><T27/><D108/><U64/><E114/><V85/><F109/><W126/><G67/><T56/><D81/><U12/><E130/><V111/><F111/><W37/><G68/><T35/><D74/><N who="3" m="28201" /><G80/><T43/><D43/><U32/><E132/><N who="3" m="50794" /><G37/><T100/><D100/><U88/><E64/><V51/><F36/><W61/><G61/><T9/><D35/><U135/><E135/><V86/><F129/><W89/><G44/><T15/><D11/><U78/><E48/><V41/><F41/><W14/><G14/><T38/><D38/><U34/><E78/><V20/><F20/><W76/><G76/><T91/><D56/><U21/><E34/><V102/><F102/><W8/><G8/><T105/><D105/><U33/><E32/><V50/><F50/><W19/><AGARI ba="0,0" hai="19,22,24,89,94,98,125,126" m="50794,28201" machi="19" ten="40,1500,0" yaku="20,1" doraHai="40" who="3" fromWho="3" sc="250,-7,250,-4,250,-4,250,15" /><INIT seed="1,0,0,3,5,87" ten="243,246,246,265" oya="1" hai0="73,83,95,37,107,48,15,52,59,53,56,132,91" hai1="41,127,116,117,28,118,36,99,8,119,47,20,65" hai2="23,11,64,9,2,26,96,60,24,10,72,27,84" hai3="103,102,19,130,76,51,86,92,32,31,122,101,70"/><U106/><N who="1" m="29696" /><DORA hai="120" /><U88/><E127/><V69/><F72/><W43/><G122/><T110/><D37/><U128/><E128/><V6/><F23/><W22/><G70/><T104/><D132/><U131/><E131/><V63/><F96/><W121/><G121/><T67/><D67/><U129/><E129/><V34/><F34/><W14/><G130/><T18/><D110/><U77/><E65/><V98/><F98/><N who="3" m="59591" /><G31/><T105/><D83/><U44/><E77/><V112/><F112/><W42/><G32/><T40/><D40/><N who="3" m="15401" /><G51/><T134/><D73/><U54/><E28/><V7/><F2/><W75/><G75/><T126/><D126/><U124/><E124/><V82/><REACH who="2" step="1"/><F63/><REACH who="2" ten="243,246,236,265" step="2"/><W71/><G22/><T135/><D135/><U81/><E20/><V39/><F39/><W133/><G133/><T17/><D134/><U123/><E123/><V1/><F1/><W5/><G86/><T93/><D105/><U25/><E99/><V66/><F66/><W68/><G103/><T13/><REACH who="0" step="1"/><D48/><REACH who="0" ten="233,246,236,265" step="2"/><U89/><E106/><V50/><F50/><W115/><G102/><T108/><D108/><U4/><E36/><V94/><F94/><W46/><G71/><T3/><D3/><U125/><E125/><V12/><F12/><W80/><G68/><T79/><D79/><AGARI ba="0,2" hai="6,7,9,10,11,24,26,27,60,64,69,79,82,84" machi="79" ten="40,2600,0" yaku="1,1,53,1" doraHai="87,120" doraHaiUra="90,62" who="2" fromWho="0" sc="233,-26,246,0,236,46,265,0" /><INIT seed="2,0,0,0,4,3" ten="207,246,282,265" oya="2" hai0="103,98,91,54,42,85,45,70,21,113,43,86,87" hai1="50,88,28,40,67,20,127,38,90,121,58,61,5" hai2="114,31,120,49,46,106,30,18,24,83,135,33,44" hai3="73,12,130,81,56,36,27,68,128,72,34,60,71"/><V39/><F114/><W48/><G36/><T63/><D113/><U37/><E127/><V15/><F120/><W96/><G48/><T75/><D75/><U131/><E121/><V126/><F106/><W23/><G34/><T78/><D78/><U57/><E131/><N who="3" m="50218" /><G96/><T119/><D119/><U4/><E38/><V65/><F126/><W7/><G81/><T129/><D129/><U11/><E37/><V107/><F107/><W118/><G118/><T123/><D123/><U109/><E109/><V77/><F135/><W35/><G35/><T1/><D1/><U115/><E115/><V17/><F65/><W122/><G122/><T6/><D98/><U95/><E11/><V59/><F31/><W110/><G110/><T29/><D103/><U97/><E90/><V2/><F2/><W112/><G112/><T26/><D91/><U22/><E57/><V111/><F111/><W41/><G41/><T116/><D116/><U53/><E40/><N who="0" m="15401" /><D70/><N who="3" m="26665" /><G12/><T10/><D45/><N who="1" m="27855" /><E28/><V82/><F39/><W134/><G7/><AGARI ba="0,0" hai="4,5,7,20,22,58,61,67,88,95,97" m="27855" machi="7" ten="30,8000,1" yaku="8,1,52,3,54,1" doraHai="3" who="1" fromWho="3" sc="207,0,246,80,282,0,265,-80" /><INIT seed="3,0,0,4,3,51" ten="207,326,282,185" oya="3" hai0="61,99,2,30,80,92,74,42,52,32,63,116,50" hai1="76,124,110,105,67,127,100,69,94,91,12,45,37" hai2="70,68,39,106,10,14,55,98,73,133,93,58,87" hai3="72,4,89,90,132,46,57,88,8,130,128,114,21"/><W17/><G114/><T9/><D116/><U123/><E12/><V102/><F39/><W47/><G72/><T125/><D125/><U6/><E6/><V54/><F73/><W38/><G132/><T107/><D107/><U49/><E105/><V22/><F133/><W31/><G31/><T15/><D2/><U44/><E100/><V35/><F35/><W134/><G134/><T60/><D74/><U33/><E76/><V77/><F22/><W135/><G135/><T81/><D42/><N who="1" m="22607" /><E33/><V97/><F87/><W56/><G56/><N who="0" m="32791" /><D30/><U95/><E91/><V27/><F27/><W122/><G122/><T83/><D32/><U75/><E75/><V1/><F77/><W119/><G119/><T103/><D83/><U79/><E95/><V112/><F112/><W48/><G57/><T64/><D64/><U24/><E94/><V113/><F1/><W109/><G109/><T62/><N who="0" m="15360" /><DORA hai="108" /><T71/><D71/><U96/><E67/><V41/><F113/><W115/><G115/><T36/><D36/><U40/><E69/><V11/><F68/><W126/><G126/><T19/><AGARI ba="0,0" hai="9,15,19,80,81,92,99,103" m="15360,32791" machi="19" ten="40,5200,0" yaku="8,1,52,1,54,1" doraHai="51,108" who="0" fromWho="0" sc="207,52,326,-13,282,-13,185,-26" /><INIT seed="4,0,0,1,0,118" ten="259,313,269,159" oya="0" hai0="31,52,67,27,54,68,51,129,89,124,64,32,123" hai1="14,17,81,108,106,60,19,39,13,24,75,119,77" hai2="127,18,70,41,114,83,69,40,105,0,76,8,99" hai3="45,79,80,90,109,100,56,132,73,71,43,111,93"/><T116/><D116/><U26/><E119/><V120/><F99/><W103/><G71/><T33/><D129/><U25/><E108/><V22/><F105/><W104/><G56/><T87/><D124/><U110/><E110/><N who="3" m="41994" /><G45/><T21/><D123/><U92/><E106/><V23/><F120/><W7/><G43/><T6/><D6/><U98/><E39/><V66/><F127/><W65/><G65/><T96/><D96/><U28/><E28/><V2/><F114/><W58/><G58/><T74/><D74/><U62/><E14/><V102/><F102/><N who="3" m="38955" /><G7/><T91/><D91/><U15/><E15/><V4/><F0/><W84/><G104/><T9/><D9/><U101/><REACH who="1" step="1"/><E17/><REACH who="1" ten="259,303,269,159" step="2"/><V135/><F18/><W133/><AGARI ba="0,1" hai="73,79,80,84,90,93,132,133" m="38955,41994" machi="133" ten="40,2700,0" yaku="34,2" doraHai="118" who="3" fromWho="3" sc="259,-13,303,-7,269,-7,159,37" /><INIT seed="5,0,0,5,3,119" ten="246,296,262,196" oya="1" hai0="4,56,93,74,101,96,49,78,40,114,39,9,76" hai1="102,88,41,94,73,51,75,5,62,125,67,18,21" hai2="98,107,134,85,69,35,68,95,86,8,90,44,61" hai3="133,58,15,126,30,7,108,72,63,132,11,97,80"/><U128/><E128/><V54/><F35/><W106/><G108/><T60/><D39/><U2/><E125/><V122/><F134/><W55/><G126/><T19/><D114/><U46/><E102/><V22/><F8/><W33/><G33/><T130/><D130/><U27/><E2/><V117/><F117/><W52/><G30/><T116/><D116/><U20/><E5/><V91/><F107/><W71/><G71/><T47/><D74/><U29/><E29/><V59/><F122/><W57/><G106/><T53/><REACH who="0" step="1"/><D19/><REACH who="0" ten="236,296,262,196" step="2"/><U99/><REACH who="1" step="1"/><E20/><REACH who="1" ten="236,286,262,196" step="2"/><V89/><F22/><W6/><G6/><T112/><D112/><U43/><E43/><V100/><F68/><AGARI ba="0,2" hai="18,21,27,41,46,51,62,67,68,73,75,88,94,99" machi="68" ten="30,5800,0" yaku="1,1,7,1,54,1,53,0" doraHai="119" doraHaiUra="50" who="1" fromWho="2" sc="236,0,286,78,262,-58,196,0" /><INIT seed="5,1,0,3,0,132" ten="236,364,204,196" oya="1" hai0="70,130,68,83,17,118,8,79,97,123,40,115,64" hai1="73,11,107,27,105,94,7,78,62,63,116,128,25" hai2="13,48,133,21,119,19,113,109,100,22,10,89,12" hai3="57,103,69,88,129,84,34,28,44,23,96,76,124"/><U35/><E116/><V104/><F104/><W108/><G108/><T98/><D118/><U15/><E128/><V3/><F100/><W125/><G69/><T95/><D115/><U101/><E107/><V90/><F119/><W20/><G76/><T36/><D130/><U85/><E105/><V42/><F109/><W16/><G129/><T134/><D134/><U33/><E73/><V72/><F72/><W66/><G44/><T86/><D123/><U55/><E35/><V39/><F39/><W50/><G34/><T59/><D36/><U29/><E27/><V110/><F110/><W121/><G121/><T31/><D40/><U135/><E135/><V67/><F133/><W4/><G4/><T82/><D31/><U77/><E85/><V81/><F67/><W74/><G74/><T127/><D83/><U61/><REACH who="1" step="1"/><E55/><REACH who="1" ten="236,354,204,196" step="2"/><V58/><F113/><W102/><G84/><T65/><D86/><U5/><E5/><V52/><F52/><W99/><G99/><AGARI ba="1,1" hai="7,11,15,25,29,33,61,62,63,77,78,94,99,101" machi="99" ten="40,3900,0" yaku="1,1,53,1" doraHai="132" doraHaiUra="9" who="1" fromWho="3" sc="236,0,354,52,204,0,196,-42" /><INIT seed="5,2,0,1,2,55" ten="236,406,204,154" oya="1" hai0="68,77,60,22,114,126,16,44,130,120,30,40,101" hai1="12,96,46,63,104,8,121,102,106,118,82,64,24" hai2="61,74,88,32,43,79,6,25,73,19,125,70,87" hai3="62,133,95,57,76,31,115,11,26,78,127,128,48"/><U109/><E121/><V39/><F6/><W89/><G115/><T52/><D130/><U37/><E118/><V124/><F43/><W92/><G128/><T123/><D30/><U122/><E122/><N who="0" m="46633" /><D126/><N who="2" m="48746" /><F39/><W93/><G127/><T135/><D135/><U71/><E109/><V13/><F79/><W107/><G107/><T80/><D101/><U105/><E24/><V20/><F70/><W10/><G133/><T132/><D114/><U28/><E28/><N who="2" m="19471" /><F61/><W72/><G48/><T108/><D108/><U7/><REACH who="1" step="1"/><E82/><AGARI ba="2,0" hai="13,19,20,73,74,82,87,88" m="19471,48746" machi="82" ten="30,2000,0" yaku="18,1,54,1" doraHai="55" who="2" fromWho="1" sc="236,0,406,-26,204,26,154,0" /><INIT seed="6,0,0,0,4,87" ten="236,380,230,154" oya="2" hai0="106,51,126,83,7,59,36,49,55,46,95,18,124" hai1="37,48,41,98,78,29,80,64,21,85,133,107,117" hai2="31,105,35,39,28,70,116,19,119,50,3,10,81" hai3="65,17,13,92,108,5,111,97,101,22,56,14,8"/><V115/><F39/><W32/><REACH who="3" step="1"/><G32/><REACH who="3" ten="236,380,230,144" step="2"/><T122/><D126/><U94/><E117/><V62/><F35/><W100/><G100/><T24/><D124/><U30/><E133/><V113/><F119/><W89/><G89/><T79/><D122/><U104/><E78/><V23/><F116/><W69/><G69/><T26/><D79/><U84/><E30/><V42/><F70/><W74/><G74/><T129/><D129/><U33/><E29/><V73/><F28/><W16/><G16/><T114/><D18/><U120/><E33/><V135/><F31/><W96/><G96/><T125/><D125/><U53/><E98/><V88/><F135/><W40/><G40/><T86/><D114/><U99/><E41/><V47/><F73/><W109/><G109/><T130/><D130/><U34/><E99/><V123/><F123/><W127/><G127/><T71/><D71/><U45/><E34/><V67/><F115/><W118/><G118/><T90/><D90/><U63/><E120/><V20/><F113/><W57/><G57/><T131/><D59/><U43/><E43/><V1/><F19/><W128/><G128/><T44/><D131/><U132/><E132/><V58/><F88/><W15/><G15/><T75/><D75/><U61/><E85/><V77/><F77/><W91/><G91/><T2/><D86/><U27/><E84/><V0/><F42/><W9/><G9/><T121/><D121/><U54/><E80/><V68/><F81/><W82/><G82/><T11/><D83/><U93/><E21/><N who="2" m="8267" /><F10/><W103/><G103/><T4/><D11/><RYUUKYOKU ba="0,1" sc="236,-10,380,-10,230,-10,144,30" hai3="5,8,13,14,17,22,56,65,92,97,101,108,111" /><INIT seed="7,1,1,4,0,43" ten="226,370,220,174" oya="3" hai0="64,66,106,89,104,53,124,110,54,46,61,8,74" hai1="67,69,16,119,84,126,58,70,12,26,6,19,47" hai2="24,0,59,35,127,132,83,29,3,103,65,45,11" hai3="60,131,105,125,34,94,100,37,77,50,25,55,130"/><W18/><G37/><T91/><D61/><U120/><E120/><V32/><F32/><W20/><G105/><T122/><D8/><U28/><E6/><V79/><F103/><W5/><G125/><T85/><D85/><U2/><E2/><V31/><F31/><W51/><G5/><T56/><D56/><U44/><E70/><V129/><F127/><W23/><G34/><T30/><D30/><U101/><E69/><V98/><F98/><N who="3" m="59479" /><G77/><T42/><D42/><U135/><E126/><V36/><F129/><N who="3" m="49163" /><G23/><T113/><D124/><U10/><E119/><V71/><F132/><W99/><G99/><T49/><D106/><U116/><E135/><V134/><F71/><W76/><G76/><T92/><D104/><U4/><E116/><V48/><F134/><W108/><G108/><T133/><D110/><U13/><E101/><V86/><F36/><W57/><AGARI ba="1,1" hai="18,20,25,50,51,55,57,60" m="49163,59479" machi="57" ten="30,1500,0" yaku="19,1" doraHai="43" who="3" fromWho="3" sc="226,-6,370,-6,220,-6,174,28" /><INIT seed="7,2,0,2,0,93" ten="220,364,214,202" oya="3" hai0="10,134,1,40,103,95,92,26,64,118,107,91,101" hai1="77,122,56,80,31,85,23,70,22,117,46,94,47" hai2="41,86,100,75,73,109,76,120,60,110,128,25,16" hai3="19,5,49,89,6,114,112,72,129,79,15,123,44"/><W132/><G123/><T12/><D1/><U126/><E70/><V125/><F41/><W24/><G132/><T18/><D107/><U71/><E71/><V28/><F100/><W30/><G129/><T115/><D118/><U96/><E122/><V0/><F120/><W8/><G79/><T7/><D115/><N who="3" m="44073" /><G72/><T17/><D134/><U87/><E117/><V62/><F0/><W104/><G104/><T74/><D74/><U54/><E126/><V45/><F125/><W9/><G89/><T39/><D39/><U33/><E87/><V102/><F102/><N who="0" m="38922" /><D40/><U78/><E78/><V34/><F75/><W35/><G9/><T98/><D64/><U38/><E33/><V42/><F73/><W57/><G57/><T97/><D26/><N who="1" m="16855" /><E23/><V105/><F105/><W13/><G13/><T119/><D119/><U69/><E69/><V83/><F128/><W61/><G61/><T14/><D14/><U82/><E77/><V63/><REACH who="2" step="1"/><F16/><REACH who="2" ten="220,364,204,202" step="2"/><W59/><G6/><T84/><D7/><U116/><E116/><V58/><F58/><W43/><G5/><T50/><D18/><U133/><E56/><V131/><F131/><W11/><G59/><T67/><D17/><U99/><E133/><V66/><F66/><W124/><G124/><T55/><D67/><U113/><E113/><V111/><F111/><W88/><G11/><T51/><D10/><U2/><E2/><V81/><F81/><W127/><G127/><T135/><D135/><U20/><E82/><V27/><F27/><W106/><G106/><T52/><D12/><U36/><E80/><V121/><F121/><RYUUKYOKU ba="2,1" sc="220,-15,364,-15,204,15,202,15" hai2="25,28,34,42,45,60,62,63,76,83,86,109,110" hai3="8,15,19,24,30,35,43,44,49,88" /><INIT seed="7,3,1,1,3,118" ten="205,349,219,217" oya="3" hai0="135,42,115,29,0,69,50,83,16,72,104,132,15" hai1="75,34,85,18,89,65,113,62,87,43,94,80,88" hai2="111,49,30,128,38,31,51,93,47,109,45,13,27" hai3="23,91,130,12,131,107,102,17,108,59,19,3,61"/><W58/><G3/><T125/><D0/><U81/><E34/><V79/><F38/><W57/><G108/><T2/><D2/><U120/><E120/><V5/><F128/><N who="3" m="49195" /><G91/><T53/><D104/><U25/><E113/><V48/><F79/><W121/><G121/><T37/><D69/><U112/><E112/><V119/><F119/><W44/><G44/><N who="2" m="16969" /><F111/><W4/><G102/><T39/><D42/><U86/><E75/><V123/><F123/><W36/><G36/><T96/><D29/><N who="2" m="10762" /><F109/><W9/><G4/><T117/><D117/><U90/><E43/><V35/><F35/><W99/><G99/><T127/><D96/><U97/><E18/><V105/><F105/><W134/><G134/><N who="0" m="51243" /><D115/><U66/><E25/><V1/><F1/><W126/><G107/><T122/><D122/><U95/><E62/><V22/><F93/><W73/><G73/><T54/><D39/><U133/><E133/><V103/><F103/><AGARI ba="3,1" hai="65,66,80,81,85,86,87,88,89,90,94,95,97,103" machi="103" ten="30,7700,0" yaku="7,1,9,1,8,1,54,1" doraHai="118" who="1" fromWho="2" sc="205,0,349,96,219,-86,217,0" owari="205,-19.0,445,54.0,133,-37.0,217,2.0" /></mjloggm>