<mjloggm ver="2.3"><GO type="169" lobby="0"/><UN n0="%E3%83%88%E3%83%88%E3%83%AA%E5%85%88%E7%94%9F%31%39%E6%AD%B3" n1="%E3%81%97%E3%81%82%E3%83%BC%E3%82%93" n2="%E3%83%84%E3%82%A4%E3%82%B9%E3%83%88" n3="%46%41%4D" dan="19,16,16,16" rate="2289.89,2032.65,2065.26,2092.05" sx="F,M,M,M"/><TAIKYOKU oya="0"/><INIT seed="0,0,0,5,0,39" ten="250,250,250,250" oya="0" hai0="121,119,72,87,134,50,77,125,46,80,132,69,75" hai1="53,66,107,36,88,123,33,35,5,4,29,15,14" hai2="76,8,124,91,32,71,58,113,130,25,70,79,86" hai3="82,117,92,85,62,49,55,42,81,131,43,133,41"/><T96/><D119/><U67/><E107/><V11/><F113/><W9/><G117/><T127/><D69/><U110/><E36/><V31/><F124/><N who="0" m="47690" /><D50/><U108/><E29/><V34/><F130/><W103/><G131/><T0/><D0/><U40/><E53/><V37/><F37/><W52/><G133/><N who="0" m="51307" /><D46/><U100/><E100/><V45/><F45/><N who="3" m="27695" /><G9/><T135/><N who="0" m="51315" /><T99/><DORA hai="68" /><D121/><U19/><E19/><V28/><F71/><W78/><G62/><T12/><D12/><U26/><E26/><V54/><F25/><W2/><G2/><T38/><D38/><U63/><E63/><V6/><F70/><W57/><G57/><T73/><AGARI ba="0,0" hai="72,73,75,77,80,87,96,99" m="51315,47690" machi="73" ten="50,12000,1" yaku="18,1,20,1,34,2" doraHai="39,68" who="0" fromWho="0" sc="250,120,250,-40,250,-40,250,-40" /><INIT seed="0,1,0,0,4,46" ten="370,210,210,210" oya="0" hai0="85,117,82,58,99,38,55,1,16,30,31,108,128" hai1="59,70,91,88,37,54,13,56,97,14,72,101,60" hai2="18,57,102,134,68,6,112,83,35,122,133,121,75" hai3="10,73,0,67,5,34,26,125,111,48,32,129,118"/><T131/><D117/><U39/><E72/><V92/><F68/><W52/><G118/><T90/><D1/><U95/><E70/><V28/><F112/><W41/><G73/><T69/><D69/><U22/><E39/><V63/><F6/><W110/><G67/><T119/><D38/><U33/><E33/><V47/><F18/><W29/><G41/><T94/><D119/><U109/><E109/><N who="3" m="41482" /><G125/><T3/><D3/><U19/><E37/><V27/><F47/><N who="3" m="27679" /><G129/><N who="0" m="49739" /><D108/><U7/><E59/><V105/><F57/><W17/><G17/><T135/><D135/><U106/><E106/><V132/><F105/><W4/><G4/><T77/><D16/><U96/><E96/><N who="2" m="59655" /><F63/><AGARI ba="1,0" hai="30,31,55,58,63,77,82,85,90,94,99" m="49739" machi="63" ten="30,1500,0" yaku="19,1" doraHai="46" who="0" fromWho="2" sc="370,18,210,0,210,-18,210,0" /><INIT seed="0,2,0,5,2,71" ten="388,210,192,210" oya="0" hai0="131,12,28,54,29,60,78,13,36,116,63,66,42" hai1="19,88,50,117,69,4,121,40,10,106,23,115,46" hai2="104,1,14,105,126,20,7,122,89,34,81,38,65" hai3="77,5,24,124,132,52,35,68,102,61,129,75,26"/><T72/><D116/><U6/><E121/><V119/><F122/><W37/><G124/><T73/><D131/><U41/><E106/><V57/><F126/><W118/><G129/><T130/><D130/><U91/><E117/><V3/><F34/><W94/><G118/><T90/><D90/><U133/><E133/><V127/><F127/><W135/><G5/><T27/><D54/><U113/><E69/><V103/><F119/><W70/><G70/><T114/><D114/><N who="1" m="43531" /><E41/><V2/><F105/><W92/><G75/><T62/><D66/><U85/><E10/><V51/><F104/><W0/><G0/><T17/><D78/><U59/><E59/><V79/><F3/><W49/><G77/><T87/><D87/><U47/><E47/><V125/><F125/><W101/><G35/><T98/><D98/><U86/><E91/><V18/><F89/><W45/><G102/><T43/><D62/><U55/><E86/><V9/><F103/><W64/><G101/><T11/><D11/><U107/><E55/><V39/><F65/><W96/><G96/><T58/><D58/><U22/><E22/><V16/><F20/><W8/><G8/><T110/><D72/><U48/><E48/><V30/><F51/><W25/><G94/><T15/><D73/><U123/><E123/><V97/><F9/><W33/><G33/><T44/><D43/><U32/><E32/><V93/><F57/><N who="3" m="32911" /><G92/><T109/><D63/><U108/><E107/><V134/><F93/><W95/><G95/><T74/><D60/><U100/><E100/><V80/><F79/><W99/><G99/><RYUUKYOKU ba="2,0" sc="388,-10,210,-10,192,-10,210,30" hai3="24,25,26,37,45,61,64,68,132,135" /><INIT seed="1,3,0,2,5,14" ten="378,200,182,240" oya="1" hai0="1,6,104,87,2,105,124,10,77,117,70,76,12" hai1="98,99,52,4,53,24,0,37,96,15,130,131,103" hai2="66,32,100,8,46,65,34,95,43,23,123,51,128" hai3="102,92,119,16,97,91,129,90,112,42,9,25,72"/><U84/><E37/><V36/><F123/><W82/><G112/><T40/><D70/><U68/><E68/><V50/><F128/><N who="1" m="49193" /><E0/><V86/><F8/><W135/><G129/><T30/><D117/><U74/><E74/><V57/><F36/><W85/><G72/><T21/><D124/><U116/><E116/><V59/><F23/><N who="3" m="13543" /><G119/><T107/><D30/><U3/><E3/><V61/><F66/><W93/><G42/><T71/><D71/><U120/><E24/><V18/><F43/><W81/><G135/><T108/><D108/><U38/><E38/><V17/><F65/><W31/><G31/><T115/><D115/><U11/><E120/><V94/><F61/><W79/><G79/><T45/><D76/><U39/><E39/><V78/><F78/><W19/><G91/><T47/><D40/><U60/><E60/><V7/><F100/><W122/><G122/><T28/><D2/><U20/><E20/><V13/><F13/><AGARI ba="3,0" hai="9,13,19,81,82,85,90,92,93,97,102" m="13543" machi="13" ten="30,7700,0" yaku="8,1,52,2,54,1" doraHai="14" who="3" fromWho="2" sc="378,0,200,0,182,-86,240,86" /><INIT seed="2,0,0,3,4,53" ten="378,200,96,326" oya="2" hai0="59,39,70,36,103,85,107,46,12,100,112,114,20" hai1="129,34,119,31,26,52,21,134,23,135,1,51,2" hai2="38,49,7,68,82,37,89,57,9,17,117,45,60" hai3="105,78,24,43,65,92,69,66,6,126,113,27,67"/><V80/><F117/><W56/><G105/><T95/><D70/><U101/><E119/><V111/><F68/><W109/><G69/><T123/><D123/><U125/><E101/><V64/><F111/><W118/><G118/><T86/><D107/><U73/><E73/><V18/><F38/><W29/><G109/><T110/><D110/><U8/><E129/><V32/><F37/><W75/><G43/><T96/><D12/><U35/><E35/><V132/><F32/><W74/><G6/><T121/><D20/><U116/><E116/><V79/><F132/><N who="1" m="50729" /><E125/><V106/><F106/><W3/><G3/><N who="1" m="1034" /><E8/><V42/><F7/><W58/><G126/><T19/><D121/><U133/><N who="1" m="50737" /><U10/><DORA hai="76" /><E10/><V87/><F9/><W108/><G108/><T14/><D103/><U30/><E30/><V81/><F81/><W91/><G113/><T115/><D19/><U40/><E40/><V63/><F60/><W61/><G61/><T5/><D5/><U122/><E122/><V15/><F15/><W104/><G75/><AGARI ba="0,0" hai="17,18,42,45,49,57,63,64,75,79,80,82,87,89" machi="75" ten="30,11600,0" yaku="7,1,52,3" doraHai="53,76" who="2" fromWho="3" sc="378,0,200,0,96,116,326,-116" /><INIT seed="2,1,0,3,3,133" ten="378,200,212,210" oya="2" hai0="101,58,38,96,97,82,92,40,132,60,134,81,53" hai1="19,106,89,102,12,9,68,21,129,32,77,91,105" hai2="42,76,109,79,15,93,122,110,26,78,66,46,6" hai3="120,4,5,117,88,49,31,18,90,29,61,36,71"/><V37/><F122/><W94/><G120/><T103/><D38/><U83/><E32/><V59/><F26/><W80/><G117/><T14/><D40/><U113/><E113/><V7/><F93/><W11/><G36/><T45/><D45/><U47/><E68/><V67/><F6/><N who="3" m="2667" /><G71/><T95/><REACH who="0" step="1"/><D14/><REACH who="0" ten="368,200,212,210" step="2"/><U87/><E47/><V33/><F15/><N who="3" m="7551" /><G49/><T0/><D0/><U107/><E12/><V13/><F13/><W108/><G61/><T51/><D51/><U123/><E9/><V39/><F39/><W35/><G108/><N who="2" m="41577" /><F7/><W8/><G8/><T99/><D99/><U25/><E25/><V48/><F37/><W16/><G35/><T73/><D73/><U84/><E123/><V135/><F33/><W85/><G16/><T54/><D54/><U50/><E50/><V52/><F135/><AGARI ba="1,1" hai="53,58,60,81,82,92,95,96,97,101,103,132,134,135" machi="135" ten="40,5200,0" yaku="1,1,9,1,20,1,53,0" doraHai="133" doraHaiUra="125" who="0" fromWho="2" sc="368,65,200,0,212,-55,210,0" /><INIT seed="3,0,0,1,2,84" ten="433,200,157,210" oya="3" hai0="40,55,134,0,53,57,131,60,77,58,28,124,64" hai1="83,68,89,87,79,114,71,49,48,54,34,75,44" hai2="74,2,102,95,121,133,32,27,39,88,85,51,123" hai3="31,125,1,35,15,52,76,61,70,66,107,41,130"/><W26/><G107/><T103/><D0/><U91/><E114/><V120/><F39/><W59/><G1/><T43/><D131/><U127/><E34/><V5/><F133/><W105/><G105/><T22/><D134/><U116/><E127/><V117/><F117/><W98/><G130/><T92/><D124/><U109/><E109/><V100/><F74/><W8/><G125/><T126/><D126/><U56/><E116/><V78/><F78/><W38/><G76/><T67/><D77/><U47/><E56/><V4/><F51/><W96/><G41/><N who="0" m="15947" /><D28/><U108/><E108/><V10/><F5/><W42/><G42/><T94/><D22/><U3/><E3/><V37/><F37/><W104/><G38/><T36/><D36/><U90/><REACH who="1" step="1"/><E75/><REACH who="1" ten="433,190,157,210" step="2"/><V11/><F11/><W9/><G9/><T29/><D58/><U6/><E6/><V119/><F119/><W115/><G115/><T20/><D57/><U86/><E86/><V12/><F2/><W99/><G104/><T106/><D106/><U97/><E97/><V112/><F112/><W18/><REACH who="3" step="1"/><G98/><REACH who="3" ten="433,190,157,200" step="2"/><T17/><D67/><U45/><E45/><V50/><F123/><W65/><G65/><T82/><D64/><U129/><E129/><V118/><F118/><W81/><G81/><T24/><D82/><U69/><E69/><V128/><F128/><W13/><G13/><T62/><D53/><AGARI ba="0,2" hai="44,47,48,49,53,54,68,71,79,83,87,89,90,91" machi="53" ten="40,12000,2" yaku="1,1,9,1,52,3,53,2" doraHai="84" doraHaiUra="46" who="1" fromWho="0" sc="433,-120,190,140,157,0,200,0" /><INIT seed="4,0,0,1,3,123" ten="313,330,157,200" oya="0" hai0="20,92,89,24,90,111,39,127,93,64,4,26,22" hai1="59,135,117,41,58,30,78,9,82,18,134,28,91" hai2="67,94,2,7,50,48,47,131,56,122,35,44,125" hai3="53,68,36,75,52,25,70,6,38,40,51,54,71"/><T15/><D39/><N who="3" m="14889" /><G6/><T23/><D127/><U132/><E41/><V1/><F125/><W74/><G74/><T3/><D3/><U97/><E117/><V109/><F131/><W81/><G25/><T88/><D111/><U10/><E97/><V76/><F122/><W95/><G95/><N who="0" m="36427" /><D64/><U108/><E91/><V80/><F109/><W16/><G81/><T66/><D66/><U5/><E108/><V21/><F35/><W114/><G75/><T77/><D77/><U118/><E118/><V129/><F129/><W46/><G16/><N who="0" m="12391" /><D26/><U106/><E106/><V120/><F120/><W126/><G126/><T49/><D49/><U116/><E116/><V8/><F2/><W11/><G11/><AGARI ba="0,0" hai="4,11,15,20,22,88,89,90" m="12391,36427" machi="11" ten="30,5800,0" yaku="8,1,54,2" doraHai="123" who="0" fromWho="3" sc="313,58,330,0,157,0,200,-58" /><INIT seed="4,1,0,1,3,23" ten="371,330,157,142" oya="0" hai0="50,48,109,84,103,75,73,86,67,3,59,93,76" hai1="128,85,113,89,46,4,44,40,36,22,117,64,21" hai2="132,98,24,14,58,62,129,114,8,47,43,42,41" hai3="102,15,87,92,18,99,66,91,33,51,35,112,100"/><T71/><D3/><U5/><E117/><V79/><F114/><W121/><G112/><T63/><D109/><U28/><E113/><V1/><F129/><W6/><G121/><T13/><D73/><U29/><E128/><V127/><F1/><W88/><G66/><T56/><D71/><U61/><E4/><V52/><F127/><W97/><G6/><T101/><D75/><U20/><E44/><V130/><F130/><W116/><G116/><T82/><D13/><U107/><E107/><V39/><F132/><W95/><G51/><N who="0" m="19499" /><D59/><U108/><E5/><V96/><F79/><W65/><G65/><T2/><D2/><U34/><E34/><V53/><F39/><W38/><G38/><T12/><D12/><U119/><E108/><V49/><REACH who="2" step="1"/><F24/><REACH who="2" ten="371,330,147,142" step="2"/><W26/><G26/><T133/><D133/><U94/><REACH who="1" step="1"/><E119/><REACH who="1" ten="371,320,147,142" step="2"/><V9/><F9/><N who="3" m="6511" /><G33/><T110/><D110/><U124/><E124/><V7/><AGARI ba="1,2" hai="7,8,14,41,42,43,47,49,52,53,58,62,96,98" machi="7" ten="30,8000,1" yaku="1,1,0,1,8,1,54,1,53,1" doraHai="23" doraHaiUra="55" who="2" fromWho="2" sc="371,-41,320,-21,147,103,142,-21" /><INIT seed="5,0,0,4,4,89" ten="330,299,250,121" oya="1" hai0="68,101,62,2,52,84,103,115,25,5,64,43,79" hai1="9,12,70,134,75,88,20,92,95,127,48,60,54" hai2="16,102,121,57,83,112,116,33,19,15,76,110,6" hai3="124,104,98,44,46,80,67,38,74,29,22,117,107"/><U133/><E75/><V34/><F110/><W69/><G117/><T17/><D115/><U113/><E113/><V58/><F112/><W13/><G124/><T8/><D43/><U78/><E78/><V97/><F116/><W105/><G98/><T0/><D0/><U135/><E127/><V82/><F121/><W27/><G38/><T87/><D17/><N who="1" m="8335" /><E20/><V94/><F6/><W55/><G55/><T49/><D25/><U37/><E37/><V18/><F15/><W10/><G67/><T114/><D114/><U106/><E106/><V47/><F47/><W91/><G69/><T39/><D39/><U35/><E35/><V31/><F34/><W118/><G118/><T120/><D120/><U73/><E73/><V59/><REACH who="2" step="1"/><F76/><REACH who="2" ten="330,299,240,121" step="2"/><W50/><G50/><T81/><D84/><U51/><E51/><V21/><F21/><W86/><REACH who="3" step="1"/><G74/><REACH who="3" ten="330,299,240,111" step="2"/><T111/><D111/><U119/><E119/><V42/><F42/><W130/><G130/><T126/><D126/><U4/><E135/><V108/><F108/><W99/><G99/><T93/><D49/><U1/><E134/><V36/><F36/><W77/><G77/><T14/><D79/><U131/><E131/><V28/><F28/><W123/><G123/><T65/><D87/><U26/><E133/><V96/><F96/><W129/><G129/><T11/><D68/><U61/><E70/><V85/><F85/><W125/><G125/><T30/><D30/><U90/><E48/><V24/><AGARI ba="0,2" hai="16,18,19,24,31,33,57,58,59,82,83,94,97,102" machi="24" ten="40,8000,1" yaku="1,1,0,1,52,1,54,1,53,0" doraHai="89" doraHaiUra="41" who="2" fromWho="2" sc="330,-20,299,-40,240,100,111,-20" /><INIT seed="6,0,0,5,2,45" ten="310,259,340,91" oya="2" hai0="7,130,44,9,95,125,71,14,29,66,22,34,79" hai1="37,117,57,129,58,135,19,77,101,108,132,3,123" hai2="75,35,116,97,31,63,42,20,109,111,89,70,4" hai3="15,121,104,107,85,40,87,67,83,80,112,127,74"/><V62/><F116/><W72/><G67/><T88/><D34/><U27/><E117/><V59/><F35/><W17/><G40/><T99/><D130/><U53/><E108/><N who="2" m="41547" /><F75/><W65/><G65/><T100/><D125/><U55/><E37/><V134/><F134/><W54/><G127/><T51/><D79/><U76/><E3/><V64/><F4/><W114/><G54/><N who="0" m="30055" /><D66/><U81/><E129/><V6/><F6/><W133/><G17/><T30/><D71/><U47/><E123/><V73/><F42/><W43/><G15/><N who="0" m="5567" /><D100/><U124/><E101/><V48/><F73/><W12/><G12/><T32/><D32/><U50/><E124/><V2/><F2/><W86/><G43/><T8/><D22/><U33/><E33/><V91/><F91/><W118/><G86/><T39/><D39/><U115/><E76/><V126/><F126/><W49/><G49/><T26/><D26/><U92/><E115/><V102/><F48/><W23/><G23/><T94/><D94/><U13/><E27/><N who="2" m="16871" /><F89/><W93/><G118/><T122/><D122/><U120/><E120/><V68/><F63/><W21/><G21/><T69/><D69/><U5/><E5/><AGARI ba="0,0" hai="5,8,14,29,30,88,95,99" m="5567,30055" machi="5" ten="30,3900,0" yaku="8,1,52,1,54,1" doraHai="45" who="0" fromWho="1" sc="310,39,259,-39,340,0,91,0" /><INIT seed="7,0,0,1,5,131" ten="349,220,340,91" oya="3" hai0="133,87,7,53,111,83,47,81,22,25,48,64,13" hai1="50,77,66,126,68,59,99,110,122,85,73,123,98" hai2="84,45,127,16,71,8,9,114,75,69,135,54,27" hai3="20,12,30,21,62,19,17,104,67,132,134,130,125"/><W88/><G104/><T119/><D133/><N who="3" m="51305" /><G130/><T43/><D111/><U55/><E110/><V3/><F135/><W1/><G1/><T108/><D119/><U78/><E73/><V40/><F114/><W2/><G2/><T103/><D83/><U23/><E126/><V79/><F75/><W97/><G125/><T32/><D32/><U106/><E123/><V118/><F118/><W57/><G30/><T101/><D64/><U90/><E122/><V52/><F127/><W94/><G19/><N who="0" m="12511" /><D43/><U31/><E106/><V128/><F128/><W18/><G18/><T120/><D120/><U82/><E66/><V72/><F72/><W33/><G33/><T80/><D80/><U65/><E65/><V95/><F3/><W89/><G21/><T41/><D41/><U4/><E68/><V93/><F40/><W11/><G20/><T42/><D42/><U51/><E51/><V56/><F16/><W63/><G63/><T61/><D61/><U38/><E38/><V112/><F112/><W39/><G39/><T29/><D29/><U46/><E46/><V105/><F45/><W6/><G17/><T10/><D108/><U121/><E121/><V5/><F105/><W124/><G124/><T60/><D60/><U96/><E4/><V107/><F107/><W92/><G92/><T49/><D49/><U100/><E100/><AGARI ba="0,0" hai="6,11,12,57,62,67,88,89,94,97,100" m="51305" machi="100" ten="30,12000,1" yaku="20,1,52,3,54,1" doraHai="131" who="3" fromWho="1" sc="349,0,220,-120,340,0,91,120" /><INIT seed="7,1,0,1,1,32" ten="349,100,340,211" oya="3" hai0="40,110,76,116,115,86,42,120,60,61,126,64,99" hai1="7,117,70,10,63,65,2,18,11,88,39,109,28" hai2="79,24,31,78,122,34,92,111,66,121,36,135,15" hai3="6,114,13,131,56,85,8,127,104,125,38,59,132"/><W4/><G104/><T107/><D120/><N who="2" m="46186" /><F111/><W1/><G38/><T105/><D110/><U95/><E109/><V68/><F135/><W106/><G106/><T98/><D116/><U82/><E39/><V101/><F36/><W62/><G132/><T25/><D126/><N who="3" m="48137" /><G131/><T73/><D73/><U33/><E117/><V91/><F101/><W108/><G108/><T58/><D115/><U102/><E102/><V9/><F66/><N who="3" m="39239" /><G114/><T26/><D105/><U47/><E82/><V35/><F35/><W113/><G113/><T3/><D3/><U23/><E33/><V100/><F100/><W77/><G59/><N who="0" m="36895" /><D107/><U94/><E94/><V129/><F68/><W0/><G6/><T133/><D133/><U84/><E10/><V5/><F129/><W52/><G52/><N who="0" m="33991" /><D42/><U124/><E124/><V55/><F55/><W54/><G54/><T46/><D46/><U134/><E134/><V51/><F51/><W17/><G4/><T128/><D40/><U44/><REACH who="1" step="1"/><E28/><REACH who="1" ten="349,90,340,211" step="2"/><V80/><F80/><AGARI ba="1,1" hai="0,1,8,13,17,77,80,85" m="39239,48137" machi="80" ten="30,5800,0" yaku="18,1,52,2" doraHai="32" who="3" fromWho="2" sc="349,0,90,0,340,-61,211,71" /><INIT seed="7,2,0,2,1,112" ten="349,90,279,282" oya="3" hai0="114,121,54,135,51,111,104,65,7,89,126,29,10" hai1="119,59,18,23,116,47,86,71,97,37,82,120,105" hai2="36,42,60,4,24,13,75,95,40,124,70,63,77" hai3="88,30,79,28,5,72,0,2,108,68,132,100,130"/><W106/><G68/><T98/><D111/><U101/><E71/><V17/><F124/><W99/><G108/><T52/><D121/><U33/><E120/><V49/><F36/><W96/><G132/><T69/><D126/><U129/><E33/><V103/><F63/><W55/><G130/><T35/><D135/><U64/><E129/><V127/><F127/><W133/><G133/><T123/><D123/><U53/><E64/><V50/><F4/><W131/><G131/><T87/><D114/><U45/><E37/><V78/><F24/><W9/><G0/><T26/><D51/><U39/><E39/><V56/><F70/><W41/><G41/><T115/><D115/><U46/><E59/><V16/><F17/><W74/><G55/><T84/><D84/><U31/><E31/><V21/><F75/><W117/><G117/><T32/><D32/><U73/><E73/><V62/><F62/><W110/><G110/><T109/><D109/><U90/><E53/><V1/><F1/><W15/><G2/><N who="0" m="375" /><D87/><U80/><E80/><V67/><F49/><W20/><G79/><T3/><D89/><U25/><REACH who="1" step="1"/><E105/><REACH who="1" ten="349,80,279,282" step="2"/><V81/><F81/><W43/><G74/><T122/><D122/><U128/><E128/><V93/><F42/><W66/><G72/><T61/><D104/><U94/><AGARI ba="2,1" hai="18,23,25,45,46,47,82,86,90,94,97,101,116,119" machi="94" ten="30,7900,0" yaku="1,1,0,1,52,2,53,0" doraHai="112" doraHaiUra="38" who="1" fromWho="1" sc="349,-22,80,95,279,-22,282,-41" owari="327,42.0,175,-32.0,257,6.0,241,-16.0" /></mjloggm>