<mjloggm ver="2.3"><GO type="169" lobby="0"/><UN n0="%E3%82%8D%E3%83%BC%E3%81%9D%E3%82%93%E9%B9%BF%E5%B3%B6" n1="%E3%82%B5%E3%83%B3%E3%83%9E%E9%81%93%E6%A5%BD%E3%81%AE%E4%BA%BA" n2="%E3%81%A1%E3%82%83%E3%82%93%E3%81%B2%E3%81%8D%E3%81%9E%E3%81%86" n3="%E3%83%88%E3%83%88%E3%83%AA%E5%85%88%E7%94%9F%31%39%E6%AD%B3" dan="16,16,16,19" rate="2061.73,2177.21,2069.00,2301.09" sx="F,M,M,F"/><TAIKYOKU oya="0"/><INIT seed="0,0,0,3,0,56" ten="250,250,250,250" oya="0" hai0="111,67,80,118,26,131,124,89,47,132,74,99,77" hai1="51,9,6,20,127,129,13,63,121,122,35,43,27" hai2="59,102,42,17,2,1,65,66,109,10,125,88,58" hai3="105,133,21,108,14,40,134,123,128,31,54,114,92"/><T110/><D118/><U117/><E117/><V119/><F119/><W95/><G105/><T52/><D124/><U32/><E127/><V82/><F125/><W68/><G68/><T3/><D3/><U60/><E129/><V120/><F120/><W49/><G123/><T106/><D131/><U115/><E115/><V16/><F102/><W4/><G128/><T100/><D132/><N who="3" m="50793" /><G40/><T53/><D67/><U107/><E107/><V24/><F42/><W97/><G92/><T101/><D101/><U22/><E121/><V48/><F109/><N who="0" m="41482" /><D47/><U57/><E122/><V93/><F82/><W69/><G69/><T70/><D70/><U85/><E22/><N who="2" m="13383" /><F2/><W36/><G21/><T55/><D26/><U11/><E11/><V130/><F1/><W5/><G114/><T23/><D23/><U62/><E85/><N who="2" m="52367" /><F130/><W75/><G75/><N who="0" m="43071" /><D89/><U25/><E25/><V113/><F113/><W72/><G108/><T84/><D84/><U116/><E116/><V86/><F86/><W41/><G72/><AGARI ba="0,0" hai="52,53,55,72,74,99,100,106" m="43071,41482" machi="72" ten="30,5800,0" yaku="14,1,10,1,54,1" doraHai="56" who="0" fromWho="3" sc="250,58,250,0,250,0,250,-58" /><INIT seed="0,1,0,1,2,76" ten="308,250,250,192" oya="0" hai0="17,58,53,121,59,103,74,113,77,46,112,71,114" hai1="9,39,22,11,62,57,3,24,84,25,43,34,52" hai2="5,97,19,6,111,64,16,131,123,99,118,40,78" hai3="128,7,48,82,37,67,86,135,81,31,23,0,29"/><T14/><D121/><U94/><E34/><V61/><F123/><W42/><G37/><T28/><D71/><U90/><E3/><V85/><F111/><W108/><G108/><T63/><D28/><N who="3" m="10825" /><G0/><T66/><D103/><U98/><E24/><V119/><F40/><W100/><G128/><T33/><D33/><U32/><E32/><V12/><F131/><W120/><G120/><T109/><D46/><U101/><E43/><V129/><F129/><W88/><G135/><T65/><D109/><U69/><E69/><V51/><F5/><W122/><G122/><T91/><D91/><U95/><REACH who="1" step="1"/><E39/><REACH who="1" ten="308,240,250,192" step="2"/><V126/><F119/><W18/><G42/><T27/><D27/><U110/><E110/><V72/><F118/><W96/><G7/><T83/><REACH who="0" step="1"/><D58/><REACH who="0" ten="298,240,250,192" step="2"/><U56/><E56/><V35/><F35/><W8/><G100/><T38/><D38/><U20/><E20/><AGARI ba="1,2" hai="14,17,20,53,59,63,65,66,74,77,83,112,113,114" machi="20" ten="40,3900,0" yaku="1,1,52,1,53,0" doraHai="76" doraHaiUra="80" who="0" fromWho="1" sc="298,62,240,-42,250,0,192,0" /><INIT seed="0,2,0,2,3,71" ten="360,198,250,192" oya="0" hai0="107,78,19,103,57,76,40,94,55,109,68,104,21" hai1="63,79,33,122,49,48,0,22,110,59,36,61,69" hai2="127,11,132,52,67,7,50,93,10,72,80,124,111" hai3="53,95,18,126,86,70,5,37,31,125,82,87,106"/><T64/><D109/><U16/><E122/><V15/><F111/><W46/><G106/><T43/><D107/><U81/><E33/><V135/><F67/><W38/><G70/><T20/><D104/><U45/><E0/><V39/><F93/><W114/><G114/><T35/><D35/><U4/><E4/><V32/><F32/><W28/><G5/><T121/><D64/><U9/><E9/><V134/><F11/><W23/><G95/><T56/><D68/><U65/><E110/><V84/><F72/><W60/><G46/><T24/><D121/><U25/><E36/><N who="3" m="13930" /><G53/><T1/><D55/><U6/><E6/><V92/><F92/><W118/><G60/><T14/><D94/><U119/><E119/><V133/><F39/><W130/><G130/><T27/><D1/><U58/><E63/><V13/><F13/><N who="3" m="9679" /><G87/><T30/><D56/><U99/><E99/><V90/><N who="2" m="33792" /><DORA hai="96" /><V97/><REACH who="2" step="1"/><F97/><REACH who="2" ten="360,198,240,192" step="2"/><W115/><G115/><T74/><D74/><U105/><E105/><V26/><F26/><W117/><G117/><T83/><D24/><U47/><E69/><V3/><F3/><W108/><G118/><T12/><D27/><U123/><E123/><V116/><F116/><W62/><G108/><T2/><D2/><U98/><E98/><V34/><F34/><W51/><G126/><T128/><D12/><U77/><E25/><V85/><F85/><W120/><G125/><T73/><D14/><U75/><E65/><V54/><F54/><W112/><G120/><T131/><D73/><U42/><E75/><V17/><F17/><W129/><G112/><RYUUKYOKU ba="2,1" sc="360,-10,198,-10,240,30,192,-10" hai2="7,10,15,50,52,80,84,90,124,127" /><INIT seed="1,3,1,0,4,0" ten="350,188,270,182" oya="1" hai0="81,69,59,32,133,26,115,119,117,105,91,87,31" hai1="97,1,112,83,131,48,89,101,6,51,49,64,124" hai2="92,35,10,104,129,110,60,66,106,18,86,36,7" hai3="37,27,28,47,70,127,78,79,8,61,125,76,40"/><U114/><E131/><V108/><F36/><W116/><G116/><T33/><D115/><U43/><E124/><N who="3" m="47690" /><G8/><T12/><D133/><U73/><E64/><V135/><F35/><N who="3" m="20895" /><G61/><T4/><D105/><U41/><E112/><V20/><F86/><W52/><G52/><T120/><D33/><U111/><E114/><V24/><F92/><W128/><G70/><T96/><D69/><U55/><E55/><V53/><F53/><W34/><G34/><T5/><D120/><U44/><E111/><N who="2" m="42539" /><F135/><W84/><G128/><T21/><D32/><U68/><E68/><N who="2" m="42055" /><F129/><W109/><G109/><T134/><D134/><U19/><E43/><V16/><F18/><W130/><G130/><T50/><D31/><U102/><E19/><V100/><F100/><W121/><G121/><T14/><D119/><U103/><E97/><V9/><F9/><W17/><G17/><T25/><D96/><U2/><E102/><V88/><F88/><W77/><G77/><T122/><D91/><U23/><E103/><V62/><F62/><W63/><G63/><T93/><D117/><U85/><E101/><V71/><F71/><W82/><AGARI ba="3,1" hai="37,40,47,76,78,79,82,84" m="20895,47690" machi="82" ten="30,1100,0" yaku="18,1" doraHai="0" who="3" fromWho="3" sc="350,-6,188,-8,270,-6,182,30" /><INIT seed="2,0,0,0,3,1" ten="344,180,264,212" oya="2" hai0="26,95,60,99,89,34,63,125,82,102,110,117,116" hai1="6,48,132,22,50,127,28,53,66,124,112,91,65" hai2="130,0,79,101,52,129,61,123,36,57,103,45,5" hai3="134,42,104,90,107,58,86,31,88,25,46,81,3"/><V84/><F123/><W87/><G134/><T10/><D110/><U96/><E112/><V20/><F20/><W92/><G3/><T15/><D125/><U73/><E73/><V69/><F79/><W114/><G58/><T16/><D26/><U109/><E109/><V14/><F0/><W44/><G114/><T80/><D34/><U40/><E40/><N who="2" m="22663" /><F84/><W121/><G121/><T75/><D75/><U105/><E105/><V18/><F69/><W98/><G44/><T23/><D23/><U39/><E39/><V43/><F43/><W113/><G98/><T70/><D70/><U77/><E77/><V78/><F78/><W41/><G41/><T74/><D74/><U108/><E108/><V119/><F119/><N who="0" m="45642" /><D80/><U11/><E132/><V106/><F106/><W131/><G113/><T64/><D64/><U37/><E37/><V19/><F19/><W94/><G81/><T7/><D16/><U51/><E53/><V93/><F93/><W32/><REACH who="3" step="1"/><G131/><REACH who="3" ten="344,180,264,202" step="2"/><T13/><D82/><U100/><E127/><V68/><F68/><W17/><G17/><T33/><D99/><U62/><E124/><V115/><F18/><W56/><G56/><T85/><D85/><U72/><E72/><V111/><F115/><W30/><G30/><T4/><D63/><U54/><E62/><V118/><F111/><W12/><G12/><T24/><D60/><U71/><E71/><V67/><F118/><W126/><G126/><T38/><D24/><U59/><E59/><N who="2" m="37311" /><F129/><W49/><AGARI ba="0,1" hai="25,31,32,42,46,49,86,87,88,90,92,94,104,107" machi="49" ten="20,12000,2" yaku="1,1,0,1,7,1,9,1,54,1,53,1" doraHai="1" doraHaiUra="27" who="3" fromWho="3" sc="344,-30,180,-30,264,-60,202,130" /><INIT seed="3,0,0,5,2,94" ten="314,150,204,332" oya="3" hai0="50,9,130,105,38,113,56,124,72,101,80,134,106" hai1="14,5,15,43,75,25,58,57,135,54,119,133,122" hai2="34,117,118,93,16,22,129,74,17,112,120,73,2" hai3="100,99,98,102,108,70,65,115,116,8,111,49,33"/><W11/><G115/><T27/><D38/><U114/><E114/><V1/><F112/><W24/><G116/><T52/><D113/><U63/><E75/><V31/><F93/><N who="3" m="58447" /><G49/><T89/><D124/><U18/><E122/><V123/><F73/><W71/><G24/><T87/><D130/><U95/><E43/><V77/><F77/><W26/><G26/><T97/><D134/><U45/><E45/><V59/><F74/><W3/><G33/><T28/><D72/><U128/><E128/><V46/><F129/><W6/><G11/><T88/><D9/><U12/><E119/><N who="2" m="45579" /><F59/><W125/><G65/><T30/><D30/><U44/><E44/><V42/><F46/><W127/><G71/><T84/><D84/><U23/><E5/><V107/><F42/><W90/><G90/><T92/><REACH who="0" step="1"/><D101/><REACH who="0" ten="304,150,204,332" step="2"/><U131/><E131/><V96/><F31/><W69/><G69/><T36/><D36/><U121/><E121/><V20/><F123/><W10/><G10/><T13/><D13/><U132/><E58/><V61/><F120/><W76/><G70/><T66/><D66/><U35/><E35/><AGARI ba="0,1" hai="27,28,35,50,52,56,80,87,88,89,92,97,105,106" machi="35" ten="30,12000,2" yaku="1,1,7,1,52,1,54,2,53,1" doraHai="94" doraHaiUra="91" who="0" fromWho="1" sc="304,130,150,-120,204,0,332,0" /><INIT seed="4,0,0,3,3,32" ten="434,30,204,332" oya="0" hai0="28,47,94,2,98,1,63,127,96,115,66,33,64" hai1="86,74,16,55,67,119,65,102,133,22,93,54,45" hai2="112,46,111,62,30,38,6,26,123,56,103,31,128" hai3="34,51,116,42,58,24,105,79,53,110,114,48,134"/><T83/><D115/><U19/><E119/><V70/><F123/><W59/><G105/><T124/><D83/><U52/><E74/><V39/><F70/><W14/><G116/><T125/><D47/><U120/><E120/><V106/><F31/><W8/><G110/><T12/><D12/><U0/><E0/><N who="0" m="105" /><D63/><U132/><E45/><V85/><F128/><W27/><G134/><N who="1" m="51818" /><E19/><V76/><F111/><W122/><G114/><T37/><D37/><U23/><E22/><V129/><F129/><W130/><G122/><T131/><D131/><U95/><E102/><V13/><F103/><W69/><G69/><T7/><D7/><U97/><E86/><V71/><F85/><W50/><G130/><T80/><D80/><U29/><E29/><V20/><F6/><N who="3" m="3351" /><G34/><T87/><D87/><U17/><E17/><V4/><F4/><W92/><G79/><T81/><D81/><U44/><E44/><V88/><F46/><N who="3" m="25687" /><G92/><N who="1" m="35402" /><E97/><N who="0" m="37481" /><D94/><U68/><E68/><V9/><F71/><W73/><G73/><T41/><D41/><U101/><E101/><V3/><F3/><W40/><G40/><T89/><D89/><U118/><E118/><V5/><F88/><W100/><G100/><T15/><D15/><AGARI ba="0,0" hai="15,16,23,52,54,55,65,67" m="35402,51818" machi="15" ten="30,3900,0" yaku="20,1,54,2" doraHai="32" who="1" fromWho="0" sc="434,-39,30,39,204,0,332,0" /><INIT seed="5,0,0,2,2,34" ten="395,69,204,332" oya="1" hai0="44,81,4,105,65,30,93,110,127,13,57,104,58" hai1="38,45,54,135,101,128,41,22,102,71,39,25,86" hai2="87,23,75,134,66,27,107,7,56,119,78,55,125" hai3="83,64,31,114,74,79,117,35,49,85,122,8,36"/><U113/><E113/><V20/><F119/><W98/><G114/><T47/><D110/><U89/><E128/><V130/><F75/><W17/><G36/><T124/><D30/><U29/><E135/><V33/><F107/><W12/><G122/><T10/><D81/><U95/><E71/><V80/><F130/><W108/><G108/><T92/><D4/><U94/><E39/><V3/><F134/><W18/><G117/><T42/><D13/><U62/><E62/><V69/><F66/><W28/><G35/><T32/><D10/><U109/><E109/><V48/><F69/><W37/><G37/><T90/><D90/><U2/><E54/><V21/><F125/><W9/><G74/><T40/><D32/><U73/><E73/><V123/><F123/><W112/><G112/><T0/><D65/><U88/><REACH who="1" step="1"/><E2/><AGARI ba="0,0" hai="0,2,40,42,44,47,57,58,92,93,104,105,124,127" machi="2" ten="25,6400,0" yaku="22,2,52,2" doraHai="34" who="0" fromWho="1" sc="395,64,69,-64,204,0,332,0" /><INIT seed="6,0,0,0,3,83" ten="459,5,204,332" oya="2" hai0="56,16,125,31,47,81,15,0,42,11,14,68,26" hai1="29,102,58,71,112,66,122,62,130,106,48,84,20" hai2="105,63,34,78,100,85,54,43,30,39,91,70,18" hai3="79,4,107,116,12,55,21,6,98,69,61,93,67"/><V40/><F39/><W118/><G107/><T13/><D68/><U77/><E112/><V19/><F78/><W38/><G38/><T37/><D125/><U51/><E130/><V103/><F43/><W92/><G92/><T132/><D132/><U5/><E5/><V134/><F134/><W108/><G108/><T8/><D0/><U52/><E122/><V96/><F40/><W97/><G97/><T86/><D56/><U10/><E10/><V64/><F103/><W129/><G129/><T25/><D25/><U113/><E113/><V117/><F54/><W22/><G79/><T114/><D114/><U104/><E51/><V74/><F74/><W35/><G35/><T9/><D16/><U27/><E102/><V109/><F117/><W50/><G116/><T76/><REACH who="0" step="1"/><D9/><REACH who="0" ten="449,5,204,332" step="2"/><U7/><E7/><V95/><F109/><W32/><G118/><T119/><D119/><U46/><E71/><V120/><F120/><W128/><G128/><T17/><D17/><U121/><E121/><V23/><F23/><AGARI ba="0,1" hai="8,11,13,14,15,23,26,31,37,42,47,76,81,86" machi="23" ten="40,5200,0" yaku="1,1,52,1,53,1" doraHai="83" doraHaiUra="41" who="0" fromWho="2" sc="449,62,5,0,204,-52,332,0" /><INIT seed="7,0,0,4,3,31" ten="511,5,152,332" oya="3" hai0="122,94,8,69,85,41,16,67,104,39,23,35,119" hai1="116,29,134,21,130,98,75,51,49,2,106,81,99" hai2="18,6,52,54,71,20,126,4,38,77,22,107,40" hai3="97,70,78,57,101,121,79,34,61,64,62,48,53"/><W105/><G121/><T0/><D35/><U82/><E21/><V109/><F107/><W129/><G129/><T43/><D104/><U108/><E29/><V25/><F71/><W133/><G133/><T12/><D119/><U32/><E51/><V111/><F77/><W9/><G9/><T50/><D39/><U46/><E49/><V96/><F96/><W95/><G95/><T13/><D0/><U27/><E27/><V7/><F126/><W72/><G72/><T5/><D50/><U68/><E46/><V123/><F123/><W15/><G15/><T33/><D33/><U24/><E24/><V58/><F58/><W87/><G34/><T102/><D122/><U124/><E82/><V30/><F40/><W59/><G87/><T88/><D102/><U19/><E81/><V86/><F38/><W135/><G135/><T36/><D36/><U66/><E98/><V26/><F86/><W76/><G76/><T45/><D45/><U63/><E99/><V17/><F30/><W56/><G70/><T110/><D110/><AGARI ba="0,0" hai="4,6,7,17,18,20,22,25,26,52,54,109,110,111" machi="110" ten="40,2600,0" yaku="9,1,54,1" doraHai="31" who="2" fromWho="0" sc="511,-26,5,0,152,26,332,0" owari="485,58.0,5,-49.0,178,-22.0,332,13.0" /></mjloggm>