<mjloggm ver="2.3"><GO type="169" lobby="0"/><UN n0="%E3%82%A6%E3%83%AB%E3%83%88%E3%83%A9%E7%AB%8B%E7%9B%B4" n1="%69%6E%66%6F%31%32%33" n2="%E5%8D%81%E5%AD%97%E7%8C%9B%E5%A4%AB" n3="%E4%BF%A1%E6%BF%83%E3%81%AE%E8%8D%92%E6%B3%95%E5%B8%AB" dan="19,17,16,17" rate="2338.10,2177.32,2053.57,2197.53" sx="M,M,M,M"/><TAIKYOKU oya="0"/><INIT seed="0,0,0,0,0,123" ten="250,250,250,250" oya="0" hai0="112,34,26,3,125,115,111,83,80,57,46,117,64" hai1="67,23,84,63,19,93,15,78,39,74,72,8,108" hai2="96,71,126,40,77,14,118,0,49,134,56,95,119" hai3="102,25,41,11,20,21,133,48,65,129,18,62,91"/><T27/><D46/><U105/><E105/><V130/><F0/><W131/><G133/><T59/><D3/><U99/><E39/><V70/><F134/><W1/><G91/><T85/><D64/><U47/><E47/><V2/><F2/><W12/><G41/><T31/><D125/><U106/><E106/><V55/><F126/><W30/><G48/><T33/><D31/><U4/><E84/><V110/><F130/><W58/><G20/><T10/><D85/><U114/><E78/><V128/><F128/><W42/><G42/><T81/><D81/><U32/><E32/><V52/><F77/><W28/><G28/><T97/><D10/><U43/><E43/><V51/><F40/><W24/><G24/><T37/><D97/><U132/><E114/><V100/><F14/><W82/><G82/><T69/><D69/><U88/><E132/><V68/><F55/><W86/><G86/><T109/><D117/><N who="2" m="44554" /><F51/><W98/><REACH who="3" step="1"/><G1/><REACH who="3" ten="250,250,250,240" step="2"/><T107/><D107/><AGARI ba="0,1" hai="11,12,18,21,25,30,58,62,65,98,102,107,129,131" machi="107" ten="40,2600,0" yaku="1,1,2,1,53,0" doraHai="123" doraHaiUra="76" who="3" fromWho="0" sc="250,-26,250,0,250,0,240,36" /><INIT seed="1,0,0,3,3,95" ten="224,250,250,276" oya="1" hai0="115,14,52,108,54,5,135,62,91,20,81,15,33" hai1="79,127,93,13,1,26,80,130,101,134,6,111,0" hai2="105,69,25,43,66,29,78,65,35,59,10,12,120" hai3="37,45,107,102,23,18,110,104,7,68,109,97,55"/><U44/><E130/><V113/><F120/><W116/><G68/><T82/><D33/><U122/><E122/><V60/><F113/><W124/><G124/><T126/><D115/><U119/><E119/><V8/><F78/><W100/><G7/><T2/><D126/><U50/><E127/><V123/><F123/><W11/><G11/><T34/><D34/><U85/><E134/><V121/><F121/><W49/><G37/><T19/><D108/><U71/><E71/><V48/><F105/><W133/><G116/><T17/><D135/><U118/><E111/><V88/><F66/><W9/><G9/><T75/><D5/><U38/><E38/><V40/><F10/><W21/><G21/><T117/><D2/><U128/><E128/><V61/><F61/><W24/><REACH who="3" step="1"/><G133/><REACH who="3" ten="224,250,250,266" step="2"/><T114/><D20/><U51/><E6/><V83/><F69/><W31/><G31/><T112/><D117/><U103/><E118/><V16/><F48/><W74/><G74/><T70/><D70/><U132/><E51/><V30/><F30/><W63/><G63/><T90/><D62/><U28/><E132/><V57/><F35/><W86/><G86/><T42/><D42/><U94/><E1/><V41/><F29/><W73/><G73/><AGARI ba="0,1" hai="14,15,17,19,52,54,73,75,81,82,90,91,112,114" machi="73" ten="25,3200,0" yaku="22,2,54,1" doraHai="95" who="0" fromWho="3" sc="224,42,250,0,250,0,266,-32" /><INIT seed="2,0,0,3,0,22" ten="266,250,250,234" oya="2" hai0="58,115,31,86,129,13,123,3,8,30,16,75,100" hai1="45,14,12,55,114,103,0,70,122,50,111,78,15" hai2="10,117,42,35,39,124,33,96,92,69,4,110,1" hai3="82,116,19,76,52,32,37,65,64,91,88,47,105"/><V61/><F117/><W59/><G116/><T90/><D75/><U29/><E114/><V5/><F5/><W87/><G105/><T46/><D115/><U49/><E0/><V107/><F107/><W54/><G32/><T17/><D123/><U85/><E70/><V93/><F124/><W101/><G101/><T99/><D129/><U36/><E36/><V118/><F118/><W21/><G37/><T23/><D46/><U11/><E122/><V53/><F93/><W9/><G9/><T68/><D68/><U97/><E111/><V119/><F119/><W56/><G47/><T81/><D58/><N who="3" m="22057" /><G91/><T28/><D3/><U84/><E29/><V130/><F42/><W102/><G76/><T18/><REACH who="0" step="1"/><D8/><REACH who="0" ten="256,250,250,234" step="2"/><U43/><E11/><V83/><F130/><W80/><G65/><T95/><AGARI ba="0,1" hai="13,16,17,18,23,28,30,31,81,86,90,95,99,100" machi="95" ten="30,8000,1" yaku="1,1,2,1,0,1,8,1,54,1,53,0" doraHai="22" doraHaiUra="57" who="0" fromWho="0" sc="256,90,250,-20,250,-40,234,-20" /><INIT seed="3,0,0,0,1,80" ten="346,230,210,214" oya="3" hai0="117,75,41,0,54,89,34,48,62,86,114,122,6" hai1="121,88,60,63,96,120,56,30,128,124,76,93,79" hai2="130,98,47,49,14,78,123,15,33,102,21,135,61" hai3="58,12,131,116,127,112,22,52,20,72,27,111,118"/><W106/><G112/><T73/><D34/><U18/><E128/><V81/><F123/><W7/><G131/><T39/><D117/><U91/><E30/><V50/><F33/><W129/><G129/><T64/><D122/><U3/><E3/><V19/><F130/><W32/><G72/><T113/><D6/><U24/><E124/><V65/><F15/><W31/><G106/><T25/><D25/><U74/><E74/><V77/><F135/><W85/><G127/><T134/><D0/><U8/><E121/><V17/><F17/><W71/><G71/><T42/><D134/><U44/><E44/><V35/><F78/><N who="1" m="29737" /><E120/><V46/><F35/><W100/><G100/><T82/><D39/><U92/><E56/><V66/><F61/><W51/><G111/><T125/><D125/><U53/><E53/><V55/><F49/><W103/><G103/><T115/><D73/><U11/><E24/><V94/><REACH who="2" step="1"/><F47/><REACH who="2" ten="346,230,200,214" step="2"/><W43/><G32/><T9/><D115/><U69/><E69/><V2/><F2/><W99/><G99/><T109/><D114/><U104/><E18/><V105/><F105/><W110/><G58/><T70/><D113/><U87/><E104/><V36/><F36/><W26/><G26/><T97/><D97/><U108/><E108/><V16/><F16/><W132/><G110/><T4/><D109/><U37/><E37/><V28/><F28/><W133/><G133/><T23/><D70/><U40/><E63/><V45/><F45/><W5/><G132/><T57/><D62/><U90/><E60/><V119/><F119/><N who="3" m="45611" /><G31/><T10/><D57/><RYUUKYOKU ba="0,1" sc="346,-10,230,-10,200,30,214,-10" hai2="14,19,21,46,50,55,65,66,77,81,94,98,102" /><INIT seed="4,1,1,4,2,120" ten="336,220,230,204" oya="0" hai0="3,114,56,9,79,83,69,106,32,75,78,74,10" hai1="98,116,19,51,104,80,125,103,18,52,102,115,81" hai2="61,14,2,22,6,101,38,94,27,15,90,134,7" hai3="11,63,76,41,96,108,82,113,66,64,53,86,20"/><T58/><D69/><U21/><E116/><V97/><F38/><W121/><G108/><T95/><D106/><U132/><E132/><V29/><F134/><W4/><G121/><T33/><D95/><U67/><E125/><V43/><F43/><W112/><G41/><T109/><D83/><U1/><E1/><V65/><F90/><W30/><G96/><T60/><D60/><U126/><E126/><V59/><F2/><W107/><G107/><T49/><D3/><U68/><E103/><V57/><F59/><N who="3" m="35311" /><G30/><T28/><D28/><U71/><E115/><N who="3" m="44106" /><G20/><T55/><D114/><U31/><E31/><V45/><F45/><W44/><G44/><T130/><D55/><U124/><E124/><V118/><F118/><W122/><G122/><T128/><D49/><U25/><E71/><V42/><F42/><W72/><G72/><T93/><D93/><U0/><E68/><V39/><F39/><W89/><G76/><T23/><D23/><U88/><E67/><V35/><F35/><W77/><G77/><T62/><D62/><U100/><E100/><V133/><F133/><W8/><G8/><T127/><D127/><U92/><E0/><AGARI ba="1,1" hai="0,4,11,64,66,82,86,89" m="44106,35311" machi="0" ten="30,1000,0" yaku="15,1" doraHai="120" who="3" fromWho="1" sc="336,0,220,-13,230,0,204,23" /><INIT seed="5,0,0,5,0,40" ten="336,207,230,227" oya="1" hai0="132,89,121,29,36,73,4,92,20,31,74,119,69" hai1="16,12,123,98,17,71,54,34,23,37,109,134,101" hai2="64,108,13,131,126,66,25,116,9,0,127,85,39" hai3="76,106,110,93,68,57,3,46,125,10,70,55,22"/><U87/><E123/><V27/><F108/><W67/><G110/><T78/><D69/><U53/><E109/><V124/><F0/><W14/><G106/><T117/><D36/><U51/><E37/><V99/><F116/><W1/><G76/><T6/><D20/><U24/><E134/><V49/><F39/><W7/><G125/><T88/><D92/><U81/><E71/><V26/><F131/><W56/><G46/><T5/><D5/><U42/><E34/><V102/><F85/><W61/><G1/><T2/><D2/><U75/><E75/><V41/><F49/><W122/><G122/><T38/><D38/><U103/><E42/><V18/><REACH who="2" step="1"/><F41/><REACH who="2" ten="336,207,220,227" step="2"/><W28/><G3/><T44/><D73/><U30/><E51/><V60/><F60/><W77/><G61/><T80/><D74/><U59/><E98/><V45/><F45/><W21/><G77/><T111/><D44/><U47/><E47/><V129/><F129/><W32/><G68/><T84/><D78/><N who="1" m="46519" /><E59/><V96/><F96/><W82/><G57/><T48/><D111/><U105/><E105/><AGARI ba="0,1" hai="9,13,18,25,26,27,64,66,99,102,105,124,126,127" machi="105" ten="50,3200,0" yaku="1,1,18,1,53,0" doraHai="40" doraHaiUra="33" who="2" fromWho="1" sc="336,0,207,-32,220,42,227,0" /><INIT seed="6,0,0,1,3,44" ten="336,175,262,227" oya="2" hai0="92,59,128,14,80,103,135,83,123,82,91,112,106" hai1="38,108,111,58,97,77,17,43,27,132,51,24,6" hai2="60,87,53,78,79,66,124,105,21,122,12,57,64" hai3="130,98,25,121,101,19,84,37,69,7,75,119,40"/><V30/><F122/><W114/><G121/><T73/><D123/><U115/><E111/><V13/><F105/><W71/><G75/><T61/><D112/><U9/><E108/><V50/><F66/><W35/><G119/><T99/><D14/><U131/><E115/><V48/><F124/><W85/><G114/><T100/><D100/><U32/><E131/><V76/><F87/><W54/><G7/><T109/><D109/><U107/><E132/><V110/><F110/><W2/><G2/><T4/><D4/><U26/><E77/><V68/><F30/><W74/><G74/><T116/><D135/><U5/><E38/><V117/><F117/><W49/><G40/><T95/><D95/><U133/><E133/><V39/><F39/><W31/><G130/><T0/><D0/><U1/><E6/><V94/><F94/><W86/><G19/><T36/><D36/><U28/><E17/><V33/><F33/><W18/><G18/><T120/><D128/><U125/><E125/><V46/><REACH who="2" step="1"/><F21/><REACH who="2" ten="336,175,252,227" step="2"/><W8/><G37/><T42/><D106/><U72/><E72/><V3/><F3/><W55/><G85/><T127/><D73/><U67/><E107/><V102/><F102/><W89/><G101/><T90/><D127/><U96/><E28/><V113/><F113/><W22/><G35/><T41/><D120/><U118/><E32/><V134/><F134/><W65/><G65/><N who="0" m="39103" /><D116/><U47/><E118/><V34/><F34/><W23/><G23/><T16/><D103/><U29/><E29/><V62/><F62/><W10/><G22/><T70/><D92/><RYUUKYOKU ba="0,1" sc="336,-15,175,15,252,15,227,-15" hai1="1,5,9,24,26,27,43,47,51,58,67,96,97" hai2="12,13,46,48,50,53,57,60,64,68,76,78,79" /><INIT seed="6,1,1,1,2,19" ten="321,190,267,212" oya="2" hai0="93,92,36,71,102,9,3,69,13,30,7,109,128" hai1="31,60,104,26,45,32,122,58,49,34,105,1,118" hai2="35,14,106,28,125,85,18,59,89,66,40,44,87" hai3="131,67,120,47,132,135,24,39,112,8,78,64,52"/><V0/><F106/><W119/><G78/><T2/><D36/><U41/><E118/><V70/><F0/><W76/><G76/><T17/><D109/><U130/><E1/><V62/><F125/><W63/><G120/><T6/><D30/><U126/><E126/><V27/><F70/><W55/><G119/><T117/><D117/><U56/><E130/><V86/><F44/><W75/><G75/><T94/><D102/><U95/><E122/><V65/><F40/><N who="3" m="22943" /><G131/><T42/><D42/><U103/><E32/><V53/><REACH who="2" step="1"/><F89/><REACH who="2" ten="321,190,257,212" step="2"/><W37/><G37/><T48/><D128/><U5/><E105/><V46/><F46/><W54/><G135/><T82/><D71/><U111/><E104/><V22/><AGARI ba="1,2" hai="14,18,22,27,28,35,53,59,62,65,66,85,86,87" machi="22" ten="30,6000,0" yaku="1,1,0,1,52,1,53,0" doraHai="19" doraHaiUra="134" who="2" fromWho="2" sc="321,-21,190,-21,257,83,212,-21" /><INIT seed="6,2,0,3,1,124" ten="300,169,340,191" oya="2" hai0="38,48,130,105,113,0,81,19,13,56,77,31,53" hai1="49,68,41,135,87,25,101,85,89,80,92,15,39" hai2="106,93,55,20,97,21,2,126,117,61,8,122,24" hai3="78,112,35,11,88,91,9,46,45,131,60,65,73"/><V54/><F117/><W10/><G35/><T64/><D0/><U58/><E68/><V115/><F115/><W33/><G33/><T29/><D105/><U70/><E70/><V104/><F122/><W3/><G3/><T83/><D38/><U119/><E119/><V7/><F21/><W128/><G112/><T121/><D121/><U17/><E135/><V95/><F95/><W63/><G78/><T116/><D116/><U40/><E25/><V5/><F5/><W43/><G73/><T84/><D113/><U69/><E69/><V6/><F6/><W30/><G30/><T125/><D125/><U50/><E39/><V12/><F2/><W32/><G32/><T127/><D127/><U82/><E101/><V57/><F55/><W44/><G43/><T98/><D130/><N who="3" m="49705" /><G65/><T123/><D64/><U96/><E96/><V71/><F126/><W90/><AGARI ba="2,0" hai="9,10,11,44,45,46,60,63,88,90,91" m="49705" machi="90" ten="40,16000,3" yaku="29,2,28,2,19,1,52,3,54,1" doraHai="124" who="3" fromWho="3" sc="300,-42,169,-42,340,-82,191,166" /><INIT seed="7,0,0,0,3,80" ten="258,127,258,357" oya="3" hai0="123,18,60,96,66,3,41,50,75,40,134,57,16" hai1="104,13,118,19,36,26,84,74,56,78,124,114,4" hai2="111,2,34,125,7,107,110,131,11,93,108,106,86" hai3="44,126,132,8,135,98,37,47,71,54,127,22,102"/><W115/><G115/><T35/><D35/><U42/><E114/><V79/><F34/><W69/><G22/><T112/><D3/><U91/><E118/><V15/><F125/><N who="3" m="47627" /><G8/><T24/><D75/><U95/><E124/><V77/><F131/><W5/><G5/><T53/><D134/><N who="3" m="51241" /><G54/><T45/><D18/><U25/><E4/><V119/><F119/><W72/><G72/><T70/><D16/><U101/><E36/><V88/><F2/><W31/><G31/><T21/><D21/><U51/><E42/><V130/><F15/><W52/><G52/><T39/><D53/><U94/><E56/><V113/><F113/><W9/><G9/><T55/><D57/><U103/><E51/><V129/><F11/><W85/><G85/><T133/><D50/><U61/><E61/><V23/><F23/><W32/><G32/><T20/><D60/><U62/><E62/><V38/><F38/><W48/><G48/><T87/><D39/><U33/><E33/><V10/><F10/><W120/><G120/><T81/><D123/><U30/><E30/><V6/><F6/><W105/><G47/><T59/><D45/><U17/><E13/><V58/><F7/><W43/><AGARI ba="0,0" hai="37,43,44,69,71,98,102,105" m="51241,47627" machi="43" ten="40,7800,0" yaku="18,1,20,1,23,1" doraHai="80" who="3" fromWho="3" sc="258,-26,127,-26,258,-26,357,78" owari="232,3.0,101,-40.0,232,-17.0,435,54.0" /></mjloggm>