<mjloggm ver="2.3"><GO type="169" lobby="0"/><UN n0="%E3%83%88%E3%83%88%E3%83%AA%E5%85%88%E7%94%9F%31%39%E6%AD%B3" n1="%E3%82%BF%E3%82%AB%E3%82%AF%E3%83%A9" n2="%E3%83%88%E3%83%8B%E3%83%BC%E2%98%85%E5%BD%A1" n3="%E9%AD%81%21%E3%83%9F%E3%83%83%E3%83%89%E3%83%8A%E3%82%A4%E3%83%88" dan="19,16,17,16" rate="2314.70,2138.63,2186.95,2087.76" sx="F,M,M,M"/><TAIKYOKU oya="0"/><INIT seed="0,0,0,0,5,80" ten="250,250,250,250" oya="0" hai0="61,99,53,8,74,131,82,7,135,35,118,20,60" hai1="28,75,128,116,122,6,34,81,113,37,111,92,66" hai2="85,14,73,33,17,27,109,100,29,43,2,110,22" hai3="120,129,46,15,72,132,117,124,95,9,21,93,126"/><T1/><D118/><U23/><E116/><V47/><F73/><W78/><G117/><T89/><D35/><U10/><E37/><V130/><F100/><W102/><G46/><T98/><D131/><U115/><E128/><V32/><F130/><W25/><G129/><T64/><D135/><U3/><E92/><V42/><F33/><W55/><G132/><T134/><D134/><U108/><E66/><V39/><F43/><W59/><G78/><T87/><D74/><U77/><E23/><V24/><F24/><W70/><G70/><T50/><D20/><U112/><REACH who="1" step="1"/><E122/><REACH who="1" ten="250,240,250,250" step="2"/><V51/><F39/><W125/><G120/><T96/><REACH who="0" step="1"/><D64/><REACH who="0" ten="240,240,250,250" step="2"/><U12/><E12/><V49/><F2/><W52/><G72/><T56/><AGARI ba="0,2" hai="1,7,8,50,53,56,60,61,82,87,89,96,98,99" machi="56" ten="30,11700,0" yaku="1,1,2,1,0,1,52,1,53,0" doraHai="80" doraHaiUra="90" who="0" fromWho="0" sc="240,137,240,-39,250,-39,250,-39" /><INIT seed="0,1,0,2,2,90" ten="377,201,211,211" oya="0" hai0="115,32,103,27,119,107,75,117,97,7,3,69,74" hai1="36,8,0,134,26,129,53,29,124,52,1,24,110" hai2="127,40,94,51,47,20,54,33,14,125,18,88,112" hai3="58,10,11,71,60,123,42,84,122,56,106,102,46"/><T41/><D115/><U77/><E36/><V98/><F112/><W87/><G106/><T73/><D41/><U65/><E65/><V133/><F133/><W5/><G102/><T43/><D43/><U16/><E134/><V22/><F33/><W23/><G71/><T70/><D7/><U39/><E39/><V89/><F40/><W86/><G23/><T100/><D100/><U111/><E77/><V132/><F132/><W55/><G56/><T104/><D104/><U135/><E135/><V13/><F89/><W48/><G5/><T6/><D6/><U108/><E129/><V9/><REACH who="2" step="1"/><F14/><REACH who="2" ten="377,201,201,211" step="2"/><W126/><REACH who="3" step="1"/><G126/><AGARI ba="1,1" hai="9,13,18,20,22,47,51,54,88,94,98,125,126,127" machi="126" ten="40,8000,1" yaku="1,1,2,1,18,1,52,1,54,1,53,0" doraHai="90" doraHaiUra="2" who="2" fromWho="3" sc="377,0,201,0,201,93,211,-83" /><INIT seed="1,0,0,3,2,0" ten="377,201,294,128" oya="1" hai0="11,123,88,97,37,81,54,87,3,76,7,116,71" hai1="92,10,64,82,89,96,4,15,101,48,18,25,17" hai2="29,129,118,122,77,39,51,110,59,104,91,46,40" hai3="98,31,130,53,42,35,107,50,30,44,22,128,12"/><U84/><E64/><V106/><F118/><W117/><G35/><T86/><D116/><U49/><E48/><V57/><F122/><W47/><G117/><T58/><D123/><U125/><E125/><V52/><F110/><W115/><G115/><T16/><D37/><U69/><E69/><V5/><F129/><N who="3" m="49771" /><G107/><T135/><D135/><U108/><E108/><V134/><F134/><W109/><G109/><T26/><D71/><U114/><E114/><V131/><F77/><W103/><G103/><T63/><D97/><U33/><E33/><V62/><F131/><W133/><G98/><T85/><REACH who="0" step="1"/><D76/><REACH who="0" ten="367,201,294,128" step="2"/><U75/><E75/><V112/><F112/><W73/><G133/><T94/><D94/><U95/><E92/><V60/><F39/><N who="3" m="21599" /><G73/><T126/><D126/><U45/><REACH who="1" step="1"/><E25/><REACH who="1" ten="367,191,294,128" step="2"/><V23/><F106/><W32/><G32/><T83/><D83/><U72/><E72/><V41/><F104/><W28/><G12/><T2/><D2/><U66/><E66/><V24/><F40/><AGARI ba="0,2" hai="4,10,15,17,18,40,45,49,82,84,89,95,96,101" machi="40" ten="30,12000,1" yaku="1,1,7,1,8,1,52,1,53,1" doraHai="0" doraHaiUra="43" who="1" fromWho="2" sc="367,0,191,140,294,-120,128,0" /><INIT seed="1,1,0,2,3,46" ten="367,331,174,128" oya="1" hai0="74,58,117,70,107,116,62,1,33,97,112,38,105" hai1="5,129,7,88,127,103,35,23,12,108,55,123,67" hai2="104,25,21,31,91,131,65,111,110,32,9,42,72" hai3="78,133,73,135,52,27,26,80,134,39,81,98,47"/><U37/><E123/><V11/><F104/><W121/><G39/><T66/><D58/><U90/><E35/><V30/><F72/><W118/><G121/><T119/><D112/><U6/><E37/><V114/><F65/><W36/><G36/><T106/><D97/><U56/><E129/><V94/><F131/><W24/><G98/><T49/><D49/><U57/><E127/><V100/><F100/><W101/><G101/><T40/><D74/><U48/><E103/><V89/><F89/><N who="1" m="34409" /><E108/><N who="2" m="41515" /><F114/><W53/><G81/><T99/><D99/><U8/><E23/><V115/><F115/><W109/><G109/><T51/><D51/><U86/><E86/><N who="2" m="52599" /><F42/><W113/><G113/><T96/><D96/><U76/><E76/><V61/><F61/><AGARI ba="1,0" hai="5,6,7,8,12,48,55,56,57,61,67" m="34409" machi="61" ten="30,5800,0" yaku="8,1,52,1,54,1" doraHai="46" who="1" fromWho="2" sc="367,0,331,61,174,-61,128,0" /><INIT seed="1,2,0,0,2,109" ten="367,392,113,128" oya="1" hai0="74,81,70,7,119,15,102,54,0,107,123,19,120" hai1="72,78,57,18,38,75,4,126,24,17,93,16,118" hai2="36,34,133,21,83,97,99,20,116,86,100,47,23" hai3="111,104,53,108,68,128,61,89,62,25,37,110,32"/><U8/><E118/><V11/><F116/><W51/><G104/><T12/><D119/><U43/><E57/><V121/><F34/><W64/><G32/><T132/><D70/><U42/><E24/><V26/><F121/><N who="0" m="46666" /><D132/><U131/><E131/><V96/><F133/><W77/><G77/><N who="0" m="44215" /><D54/><U60/><E60/><V129/><F129/><W76/><G76/><T85/><D85/><U9/><E126/><V67/><F67/><N who="3" m="41071" /><G89/><T28/><D28/><U94/><E38/><V56/><F100/><W33/><G25/><T73/><D73/><N who="1" m="28235" /><E78/><V98/><F98/><W44/><G33/><T35/><D35/><U106/><E4/><V130/><F130/><W115/><G128/><T71/><D71/><U134/><E106/><V80/><F26/><W52/><G37/><T59/><D59/><U113/><E134/><V31/><F56/><N who="3" m="35087" /><G64/><T39/><D39/><U124/><E124/><V46/><F36/><W112/><AGARI ba="2,0" hai="44,51,52,108,110,111,112,115" m="35087,41071" machi="112" ten="40,12000,2" yaku="14,1,34,2,52,2,54,1" doraHai="109" who="3" fromWho="3" sc="367,-32,392,-62,113,-32,128,126" /><INIT seed="2,0,0,5,0,43" ten="335,330,81,254" oya="2" hai0="114,101,115,5,93,133,27,21,32,18,119,69,108" hai1="0,60,34,36,8,31,112,110,11,15,135,117,99" hai2="65,14,131,39,72,113,97,46,2,28,29,98,89" hai3="73,127,40,111,61,85,56,95,105,45,74,44,33"/><V91/><F2/><W25/><G105/><T102/><D69/><U57/><E112/><V106/><F113/><W87/><G111/><T116/><D108/><U26/><E117/><N who="0" m="45129" /><D133/><U51/><E36/><V52/><F72/><W70/><G70/><T24/><D5/><U20/><E110/><V71/><F106/><W50/><G127/><T4/><D102/><U35/><E51/><N who="2" m="28791" /><F39/><W81/><G95/><T80/><D80/><U122/><E135/><V134/><F134/><W41/><G87/><T121/><D121/><U30/><E122/><V64/><F14/><W75/><G25/><T84/><D4/><U83/><E15/><V132/><F71/><W19/><G19/><T76/><D76/><U120/><E0/><V78/><F78/><W6/><G6/><T129/><D114/><U63/><E120/><V48/><F48/><W1/><G1/><T86/><D115/><U118/><E118/><V100/><F132/><W17/><G17/><T38/><D38/><U126/><E126/><V66/><F131/><W55/><G33/><T42/><D129/><U10/><E35/><V79/><F79/><W82/><REACH who="3" step="1"/><G85/><REACH who="3" ten="335,330,81,244" step="2"/><T62/><D84/><U9/><E34/><V58/><F58/><W13/><G13/><T77/><D86/><U59/><E57/><V128/><F128/><W53/><G53/><T124/><D124/><U3/><E59/><V54/><F54/><W96/><G96/><N who="2" m="36969" /><F100/><W88/><G88/><AGARI ba="0,1" hai="28,29,64,65,66,88,89,91" m="36969,28791" machi="88" ten="30,11600,0" yaku="8,1,52,1,54,2" doraHai="43" who="2" fromWho="3" sc="335,0,330,0,81,126,244,-116" /><INIT seed="2,1,0,5,2,81" ten="335,330,207,128" oya="2" hai0="51,85,98,70,118,83,91,47,102,36,5,92,28" hai1="20,115,23,4,112,86,9,1,97,50,56,55,89" hai2="71,7,78,125,114,42,76,74,19,14,67,37,130" hai3="127,68,63,58,123,25,117,77,3,31,52,13,22"/><V132/><F114/><W135/><G117/><T107/><D70/><U53/><E97/><V100/><F130/><W120/><G3/><T61/><D118/><U95/><E23/><V133/><F100/><W39/><G39/><T108/><D108/><U34/><E34/><V29/><F29/><W111/><G111/><T59/><D36/><U8/><E8/><V54/><F7/><W88/><G77/><T96/><D5/><U11/><E9/><V122/><F122/><W66/><G135/><N who="2" m="51785" /><F74/><W35/><G127/><T49/><D47/><U72/><E72/><V17/><F17/><W48/><G13/><T2/><D28/><U124/><E124/><V26/><F26/><W73/><G73/><T69/><D69/><U106/><E106/><V103/><F103/><W116/><G116/><T104/><D2/><U93/><E93/><V109/><F54/><W62/><G62/><T41/><D41/><U30/><REACH who="1" step="1"/><E55/><REACH who="1" ten="335,320,207,128" step="2"/><V84/><F125/><W110/><G110/><T15/><D107/><U99/><E99/><V105/><F105/><W32/><G123/><T18/><D96/><U65/><E65/><V82/><F109/><W6/><G6/><T75/><D104/><U126/><E126/><V45/><F67/><W12/><G120/><T79/><D75/><U134/><E134/><V40/><F42/><W60/><G35/><T128/><D102/><U24/><AGARI ba="1,1" hai="1,4,11,20,24,30,50,53,56,86,89,95,112,115" machi="24" ten="30,7900,0" yaku="1,1,0,1,52,1,53,1" doraHai="81" doraHaiUra="21" who="1" fromWho="1" sc="335,-21,320,92,207,-40,128,-21" /><INIT seed="3,0,0,0,0,60" ten="314,412,167,107" oya="3" hai0="79,75,26,74,114,61,58,9,64,106,82,112,51" hai1="15,56,70,57,3,39,62,69,38,71,127,93,122" hai2="121,18,52,103,53,104,34,133,27,94,129,95,110" hai3="12,128,76,49,99,90,111,41,43,10,33,98,59"/><W107/><G33/><T48/><D106/><U124/><E3/><V8/><F110/><W92/><G111/><T29/><D74/><U73/><E73/><V24/><F129/><W130/><G76/><T68/><D9/><U31/><E31/><V119/><F119/><W21/><G21/><T11/><D11/><U118/><E15/><V22/><F133/><W96/><G107/><T113/><REACH who="0" step="1"/><D68/><REACH who="0" ten="304,412,167,107" step="2"/><N who="1" m="26219" /><E118/><V134/><F8/><W30/><G130/><T5/><D5/><U84/><E71/><V83/><F104/><W120/><G120/><T102/><D102/><U17/><E122/><V16/><F103/><W35/><G128/><T32/><AGARI ba="0,1" hai="26,29,32,48,51,58,61,64,75,79,82,112,113,114" machi="32" ten="30,7900,0" yaku="1,1,0,1,11,1,52,1,53,0" doraHai="60" doraHaiUra="42" who="0" fromWho="0" sc="304,89,412,-20,167,-20,107,-39" /><INIT seed="4,0,0,4,5,24" ten="393,392,147,68" oya="0" hai0="75,125,83,77,9,6,43,36,12,110,0,34,85" hai1="123,88,106,69,14,21,25,76,7,109,68,102,27" hai2="95,53,18,63,32,62,3,126,45,56,40,105,39" hai3="91,108,4,89,2,94,90,122,41,30,1,116,131"/><T135/><D34/><U60/><E109/><V55/><F126/><W38/><G108/><T11/><D110/><U65/><E123/><V54/><F3/><W23/><G116/><T121/><D85/><U70/><E76/><V117/><F105/><W13/><G122/><T5/><D121/><U107/><E27/><V74/><F74/><W31/><G131/><T10/><D10/><U99/><E107/><V66/><F32/><W112/><G112/><T35/><D35/><U120/><E120/><V58/><F117/><W127/><G127/><T44/><REACH who="0" step="1"/><D125/><REACH who="0" ten="383,392,147,68" step="2"/><U15/><E7/><V28/><F18/><N who="3" m="10703" /><G4/><T29/><D29/><N who="3" m="10761" /><G2/><T86/><D86/><U84/><E14/><V64/><F28/><W61/><G1/><T134/><AGARI ba="0,1" hai="0,5,6,9,11,12,36,43,44,75,77,83,134,135" machi="134" ten="30,11700,0" yaku="1,1,0,1,25,2,53,0" doraHai="24" doraHaiUra="133" who="0" fromWho="0" sc="383,127,392,-39,147,-39,68,-39" /><INIT seed="4,1,0,5,2,22" ten="510,353,108,29" oya="0" hai0="1,40,20,36,8,3,112,83,47,45,19,133,25" hai1="59,87,74,56,12,85,55,122,124,79,6,48,14" hai2="107,72,27,17,90,58,128,13,117,77,52,127,0" hai3="42,54,113,76,11,106,125,132,65,96,104,100,80"/><T75/><D112/><U130/><E122/><V102/><F0/><W34/><G54/><T35/><D133/><U114/><E114/><V67/><F128/><W51/><G113/><T10/><D35/><U5/><E130/><V18/><F127/><W81/><G51/><T50/><D8/><U26/><E74/><V118/><F67/><W94/><G42/><T99/><D99/><U95/><E124/><V38/><F38/><W16/><G125/><T129/><D129/><U88/><E56/><V134/><F134/><W92/><G34/><T60/><D60/><U84/><E26/><V101/><F107/><W23/><G132/><T32/><D32/><U33/><E33/><V111/><F90/><W78/><G11/><T30/><D30/><U63/><E63/><N who="2" m="36295" /><F77/><W21/><G65/><T120/><D120/><U43/><E43/><V105/><F72/><W115/><G115/><T123/><D123/><U103/><E103/><V44/><F105/><N who="3" m="40555" /><G21/><T86/><D75/><U121/><E121/><V126/><F126/><W46/><G23/><T9/><D1/><U39/><E79/><N who="3" m="30250" /><G16/><T70/><D70/><U4/><E39/><V110/><F44/><W15/><G15/><AGARI ba="1,0" hai="4,5,6,12,14,15,48,55,59,84,85,87,88,95" machi="15" ten="40,2600,0" yaku="8,1,54,1" doraHai="22" who="1" fromWho="3" sc="510,0,353,29,108,0,29,-29" /><INIT seed="5,0,0,3,4,71" ten="510,382,108,0" oya="1" hai0="114,13,92,135,18,110,119,3,67,17,72,34,41" hai1="98,38,57,28,106,83,134,40,37,80,87,125,84" hai2="20,126,8,117,127,58,100,68,9,15,49,85,76" hai3="129,46,62,122,33,52,88,44,78,113,69,24,30"/><U54/><E40/><V42/><F68/><W53/><G122/><T4/><D110/><U59/><E28/><V63/><F100/><W77/><G113/><T131/><D72/><U43/><E43/><V97/><F97/><W19/><G129/><T107/><D107/><U51/><E125/><N who="2" m="47627" /><F117/><W7/><G7/><T128/><D34/><U101/><E134/><V96/><F96/><W89/><G69/><T91/><D135/><U31/><E31/><V75/><F75/><W11/><G30/><T104/><D104/><U27/><E27/><V112/><F20/><W26/><G33/><T2/><D119/><U36/><E59/><V118/><F15/><W73/><G73/><T45/><D3/><U29/><E29/><V116/><F112/><W64/><G64/><T39/><D67/><U22/><E22/><V47/><F85/><W93/><G93/><T70/><D114/><U35/><E35/><V81/><F9/><W121/><G11/><N who="0" m="4327" /><D2/><U6/><E6/><V66/><F8/><W123/><G62/><T111/><D111/><U79/><REACH who="1" step="1"/><E38/><REACH who="1" ten="510,372,108,0" step="2"/><V120/><F118/><W115/><G115/><T105/><D70/><U32/><E32/><V94/><F116/><W102/><G102/><T86/><D105/><U65/><E65/><V23/><F23/><W124/><G124/><T130/><AGARI ba="0,1" hai="17,18,39,41,45,86,91,92,128,130,131" m="4327" machi="130" ten="30,2000,0" yaku="19,1,52,1" doraHai="71" who="0" fromWho="0" sc="510,30,372,-10,108,-5,0,-5" owari="540,65.0,362,16.0,103,-30.0,-5,-51.0" /></mjloggm>