<mjloggm ver="2.3"><GO type="169" lobby="0"/><UN n0="%6F%69%73%79%6F" n1="%E3%83%88%E3%83%88%E3%83%AA%E5%85%88%E7%94%9F%31%39%E6%AD%B3" n2="%6B%69%69%63%68%69" n3="%68%6F%6C%6D%65%73" dan="16,19,17,17" rate="2160.85,2303.40,2218.75,2176.80" sx="M,F,M,M"/><TAIKYOKU oya="0"/><INIT seed="0,0,0,3,1,45" ten="250,250,250,250" oya="0" hai0="61,102,118,65,10,117,115,88,27,105,92,52,83" hai1="60,31,39,104,87,125,95,63,70,85,79,107,43" hai2="23,126,132,81,71,73,12,109,26,133,14,40,3" hai3="30,55,33,21,5,91,13,2,97,11,108,25,74"/><T116/><D115/><U34/><E125/><V135/><F3/><W47/><G74/><T129/><D129/><U62/><E70/><V28/><F71/><W54/><G108/><T32/><D83/><U86/><E79/><N who="2" m="44271" /><F126/><W123/><G123/><T106/><D10/><U59/><E39/><V75/><F75/><W0/><G0/><T46/><D102/><U130/><E130/><V76/><F76/><W17/><REACH who="3" step="1"/><G47/><REACH who="3" ten="250,250,250,240" step="2"/><T119/><D119/><U77/><E77/><V38/><F109/><W49/><G49/><T56/><D46/><AGARI ba="0,1" hai="12,14,23,26,28,38,40,46,132,133,135" m="44271" machi="46" ten="30,1000,0" yaku="20,1" doraHai="45" who="2" fromWho="0" sc="250,-10,250,0,250,20,240,0" /><INIT seed="1,0,0,0,4,132" ten="240,250,270,240" oya="1" hai0="96,128,9,34,88,60,43,76,65,110,44,46,39" hai1="84,4,122,11,117,55,41,53,63,108,10,42,100" hai2="129,119,57,31,134,58,102,103,72,64,90,75,25" hai3="101,126,47,77,20,67,127,35,124,111,62,1,5"/><U113/><E113/><V15/><F119/><W112/><G35/><T19/><D34/><U33/><E122/><V54/><F134/><W99/><G112/><T24/><D110/><U121/><E121/><V22/><F129/><W109/><G77/><T73/><D46/><U12/><E117/><V50/><F75/><W71/><G20/><T17/><D24/><U59/><E33/><V107/><F107/><W80/><G80/><T115/><D128/><U56/><E108/><V45/><F72/><W14/><G14/><T86/><D96/><U78/><E100/><N who="2" m="38443" /><F64/><W27/><G27/><T131/><D131/><U18/><E84/><V52/><F54/><W130/><G47/><T114/><D76/><U106/><E106/><V82/><F15/><W123/><G123/><T79/><D79/><U81/><E10/><V125/><F125/><W93/><G130/><T23/><D9/><AGARI ba="0,0" hai="1,5,9,62,67,71,93,99,101,109,111,124,126,127" machi="9" ten="50,8000,1" yaku="18,1,52,3" doraHai="132" who="3" fromWho="0" sc="240,-80,250,0,270,0,240,80" /><INIT seed="2,0,0,5,1,114" ten="160,250,270,320" oya="2" hai0="52,9,125,38,121,110,4,12,72,40,89,32,48" hai1="103,47,101,16,62,24,23,70,6,135,34,90,26" hai2="56,41,95,15,75,82,78,33,109,10,131,18,87" hai3="107,133,85,1,0,19,108,21,35,25,54,7,134"/><V36/><F131/><W124/><G107/><T39/><D32/><U80/><E135/><N who="3" m="51722" /><G85/><T28/><D28/><U42/><E6/><V51/><F33/><W100/><G100/><T64/><D72/><U93/><E80/><V59/><F36/><W129/><G54/><T27/><D27/><U97/><E70/><V117/><F117/><W99/><G99/><T67/><D121/><U60/><E34/><V112/><F112/><W81/><G81/><T123/><D110/><U79/><E26/><V8/><F8/><W128/><G108/><T29/><D29/><U53/><E79/><V102/><F102/><W96/><G96/><T84/><D125/><U113/><E113/><V94/><F75/><W57/><G57/><T132/><D132/><U63/><REACH who="1" step="1"/><E53/><REACH who="1" ten="160,240,270,320" step="2"/><V3/><F109/><W74/><G124/><T98/><D123/><U66/><E66/><V22/><F3/><W120/><G120/><T55/><D55/><U130/><E130/><N who="3" m="50282" /><G74/><T30/><D67/><U68/><E68/><V46/><F59/><W105/><G105/><T92/><D64/><U20/><E20/><V49/><F56/><W44/><G35/><T91/><D40/><U13/><E13/><V76/><F76/><W65/><G65/><T77/><D77/><U111/><E111/><V73/><F73/><W83/><G7/><T61/><D52/><U69/><E69/><V118/><F22/><W5/><G5/><T88/><D4/><U127/><E127/><V122/><F122/><W86/><G1/><T115/><D115/><U45/><E45/><V106/><F46/><W104/><G44/><RYUUKYOKU ba="0,1" sc="160,-10,240,30,270,-10,320,-10" hai1="16,23,24,42,47,60,62,63,90,93,97,101,103" /><INIT seed="3,1,1,0,1,16" ten="150,270,260,310" oya="3" hai0="36,15,86,123,57,124,8,116,75,0,89,45,20" hai1="47,130,32,87,66,59,56,68,28,126,133,12,125" hai2="49,110,42,120,51,21,90,117,6,43,22,88,53" hai3="76,91,48,114,122,80,65,37,29,96,77,19,30"/><W7/><G37/><T25/><D75/><U23/><E32/><V105/><F105/><W17/><G114/><T99/><D123/><U94/><E130/><V70/><F70/><W34/><G122/><T118/><D124/><N who="1" m="47723" /><E133/><V50/><F120/><W107/><G7/><T39/><D0/><U58/><E47/><V1/><F53/><W24/><G30/><T83/><D57/><U111/><E111/><V79/><F117/><W26/><G65/><T109/><D109/><U54/><E87/><V74/><F110/><W67/><G67/><T98/><D116/><U132/><E94/><V112/><F112/><W27/><G27/><T61/><D61/><N who="1" m="40015" /><E132/><V104/><F104/><W108/><G108/><T72/><D72/><U81/><E81/><V9/><F43/><W127/><G127/><T52/><D118/><U102/><E102/><V92/><F42/><W35/><G107/><T129/><D129/><U55/><E12/><V113/><F113/><W38/><G35/><T73/><D73/><U71/><E71/><V63/><F63/><W69/><G69/><T106/><D106/><U14/><E14/><V41/><F41/><W60/><G34/><T85/><D85/><U62/><E62/><V135/><F135/><W11/><G60/><T18/><D39/><U103/><E103/><V3/><F3/><W4/><G38/><T115/><D36/><U78/><E78/><V134/><F134/><W2/><G76/><T119/><D119/><U121/><E121/><V82/><REACH who="2" step="1"/><F90/><REACH who="2" ten="150,270,250,310" step="2"/><W40/><G91/><T131/><D115/><U10/><E55/><V93/><F93/><RYUUKYOKU ba="1,2" sc="150,-10,270,-10,250,30,310,-10" hai2="1,6,9,21,22,49,50,51,74,79,82,88,92" /><INIT seed="4,2,2,0,4,106" ten="140,260,280,300" oya="0" hai0="51,27,62,129,47,16,104,31,108,107,23,76,95" hai1="24,2,15,42,97,22,7,59,0,99,53,3,57" hai2="28,86,52,96,110,111,39,100,46,9,58,34,17" hai3="128,32,89,69,25,38,30,82,109,112,65,14,40"/><T125/><D108/><U83/><E42/><V66/><F66/><W131/><G112/><T127/><D76/><U50/><E59/><V21/><F9/><W60/><G109/><T63/><D129/><N who="3" m="49737" /><G14/><T105/><D95/><U78/><E15/><V113/><F113/><W8/><G8/><T35/><D35/><U1/><N who="1" m="0" /><DORA hai="84" /><U49/><E49/><V118/><F118/><W88/><G82/><T74/><D74/><U48/><E48/><V101/><F101/><W102/><G102/><T116/><D31/><U56/><E56/><V61/><F86/><W72/><G72/><T124/><REACH who="0" step="1"/><D116/><REACH who="0" ten="130,260,280,300" step="2"/><U55/><E78/><V41/><F28/><W45/><AGARI ba="2,3" hai="25,30,32,38,40,45,60,65,69,88,89" m="49737" machi="45" ten="30,7900,0" yaku="19,1,52,2,54,1" doraHai="106,84" who="3" fromWho="3" sc="130,-41,260,-22,280,-22,300,115" /><INIT seed="5,0,0,2,5,94" ten="89,238,258,415" oya="1" hai0="79,60,18,114,108,90,88,32,16,92,86,125,111" hai1="58,10,8,81,20,55,78,105,27,75,4,7,53" hai2="29,73,100,23,49,62,115,129,127,25,77,110,98" hai3="34,126,56,57,132,74,43,118,93,104,28,70,131"/><U103/><E8/><V109/><F129/><W68/><G93/><T5/><D32/><U17/><E7/><V97/><F97/><W69/><G28/><T54/><D114/><U66/><E66/><V64/><F127/><W113/><G43/><T40/><D125/><U9/><E9/><V116/><F116/><W31/><G31/><T45/><D5/><U117/><E117/><V13/><F13/><W30/><G30/><T99/><D79/><U36/><E36/><V52/><F77/><W96/><G96/><T83/><D108/><U82/><E82/><V24/><F24/><W89/><G89/><T72/><D72/><U35/><E35/><V3/><F73/><W120/><G57/><T12/><D111/><U2/><REACH who="1" step="1"/><E58/><REACH who="1" ten="89,228,258,415" step="2"/><V134/><F110/><W84/><G56/><N who="0" m="34839" /><D12/><U130/><E130/><V76/><F109/><W121/><G34/><T123/><D123/><U112/><E112/><V106/><F64/><W6/><G113/><T67/><D67/><U65/><E65/><V63/><F115/><W0/><G120/><T39/><D39/><U80/><E80/><V91/><F3/><W47/><G0/><T51/><AGARI ba="0,1" hai="16,18,40,45,51,83,86,88,90,92,99" m="34839" machi="51" ten="30,7900,0" yaku="8,1,52,1,54,2" doraHai="94" who="0" fromWho="0" sc="89,89,228,-39,258,-20,415,-20" /><INIT seed="6,0,0,2,3,67" ten="178,189,238,395" oya="2" hai0="126,72,62,99,75,90,7,132,69,35,105,110,1" hai1="117,21,60,20,59,52,65,91,37,25,87,79,44" hai2="73,107,4,119,58,22,8,54,86,46,43,112,27" hai3="70,63,34,116,76,95,134,109,94,101,100,127,13"/><V39/><F73/><W38/><G109/><T36/><RYUUKYOKU type="yao9" ba="0,0" sc="178,0,189,0,238,0,395,0" hai0="1,7,35,36,62,69,72,75,90,99,105,110,126,132" /><INIT seed="6,1,0,5,3,40" ten="178,189,238,395" oya="2" hai0="130,107,77,119,67,54,94,60,85,50,11,98,102" hai1="10,125,112,99,6,56,30,74,22,15,2,131,57" hai2="118,47,81,109,39,18,135,126,16,37,53,108,70" hai3="87,49,0,124,80,27,97,61,5,13,72,68,38"/><V105/><F118/><W20/><G38/><T100/><D119/><U65/><E74/><V123/><F123/><W95/><G0/><T1/><D130/><U114/><E131/><V90/><F70/><W17/><G72/><T91/><D77/><U32/><E125/><V111/><F105/><W48/><G124/><T14/><D1/><U7/><E65/><V79/><F90/><W88/><G61/><T8/><D102/><U34/><E99/><V64/><F64/><W134/><G68/><T42/><D42/><U28/><E57/><V92/><F126/><W29/><G5/><T113/><D113/><N who="1" m="43627" /><E56/><V33/><F92/><W103/><G134/><T104/><D104/><U110/><E110/><V3/><F3/><W116/><G116/><T24/><D24/><N who="1" m="16407" /><E30/><V76/><F33/><AGARI ba="1,0" hai="13,17,20,27,29,33,48,49,80,87,88,95,97,103" machi="33" ten="30,2000,0" yaku="7,1,54,1" doraHai="40" who="3" fromWho="2" sc="178,0,189,0,238,-23,395,23" /><INIT seed="7,0,0,0,2,55" ten="178,189,215,418" oya="3" hai0="42,109,100,2,28,131,130,119,51,93,92,7,3" hai1="96,129,57,1,79,58,26,50,14,111,81,13,30" hai2="97,91,70,126,99,34,29,132,46,36,32,67,88" hai3="38,25,134,80,20,87,73,84,40,124,54,122,27"/><W101/><G122/><T115/><D119/><U33/><E111/><V123/><F123/><W11/><G101/><T69/><D109/><U135/><E1/><N who="0" m="9" /><D7/><U45/><E129/><N who="0" m="49161" /><D69/><U121/><E121/><V104/><F104/><W15/><G87/><T8/><D8/><U63/><E135/><V52/><F70/><W41/><G27/><T23/><D100/><U108/><E96/><V74/><F132/><W5/><G73/><T35/><D35/><U64/><E58/><V113/><F32/><W21/><G38/><T48/><D115/><U59/><E59/><V72/><F36/><W66/><G66/><T44/><D51/><U94/><E94/><N who="0" m="36457" /><D23/><U77/><E108/><V112/><F34/><W82/><G21/><T125/><D28/><U98/><E98/><V6/><F99/><W110/><G110/><T114/><D114/><U120/><E120/><V18/><F97/><W12/><G20/><T10/><D10/><U62/><E62/><V106/><F113/><W90/><G11/><T24/><D24/><U89/><E14/><V65/><F112/><W43/><G15/><T117/><D117/><U102/><E13/><V19/><F65/><W76/><G12/><T49/><D49/><U9/><E9/><V118/><F67/><W71/><G71/><T128/><N who="0" m="49169" /><T78/><DORA hai="133" /><D78/><U17/><E102/><V86/><F29/><W103/><G103/><T116/><D116/><U105/><E105/><V56/><F106/><W31/><G76/><T4/><D4/><U47/><E17/><V107/><F18/><W53/><G134/><T37/><D37/><RYUUKYOKU ba="0,0" sc="178,30,189,-10,215,-10,418,-10" hai0="42,44,48,125" owari="208,1.0,179,-32.0,205,-19.0,408,50.0" /></mjloggm>