<mjloggm ver="2.3"><GO type="169" lobby="0"/><UN n0="%E3%83%88%E3%83%88%E3%83%AA%E5%85%88%E7%94%9F%31%39%E6%AD%B3" n1="%68%69%6E%61%6A%69%6E%6E" n2="%E3%83%A1%E3%83%B3%E3%83%94%E3%83%B3" n3="%77%69%69%69%69%6E" dan="19,16,16,16" rate="2296.98,2137.81,2101.05,2149.88" sx="F,M,M,M"/><TAIKYOKU oya="0"/><INIT seed="0,0,0,5,3,128" ten="250,250,250,250" oya="0" hai0="30,124,13,41,111,1,9,38,107,83,25,90,78" hai1="115,69,130,64,88,118,18,121,125,52,122,39,4" hai2="11,49,17,127,59,54,28,73,36,102,129,131,29" hai3="3,77,112,99,75,80,109,34,71,105,26,10,19"/><T20/><D107/><U84/><E118/><V91/><F73/><W15/><G112/><T104/><D104/><U108/><E115/><V106/><F36/><W61/><G109/><T5/><D124/><U133/><E39/><V42/><F42/><W33/><G3/><T67/><D111/><U74/><E74/><V116/><F127/><W135/><G34/><T56/><D90/><U12/><E130/><N who="2" m="49675" /><F116/><W114/><G114/><T134/><D134/><U7/><E125/><V86/><F102/><N who="3" m="62687" /><G19/><T32/><D67/><U58/><E133/><V123/><F123/><W21/><G21/><T95/><D95/><U119/><E119/><V8/><F106/><W85/><G15/><T110/><D56/><U6/><E108/><V76/><F76/><W103/><G85/><T101/><D101/><U45/><E45/><V72/><F72/><W70/><G10/><N who="2" m="3625" /><F17/><W66/><G103/><T120/><D110/><U37/><E37/><V14/><F14/><W96/><G96/><T43/><D120/><U2/><E2/><V47/><F59/><W81/><G81/><AGARI ba="0,0" hai="28,29,47,49,54,81,86,91" m="3625,49675" machi="81" ten="30,1000,0" yaku="19,1" doraHai="128" who="2" fromWho="3" sc="250,0,250,0,250,10,250,-10" /><INIT seed="1,0,0,1,2,52" ten="250,250,260,240" oya="1" hai0="93,13,56,86,35,51,9,96,123,128,105,25,20" hai1="106,75,87,122,23,21,117,134,10,88,58,2,4" hai2="5,50,26,62,63,18,65,83,24,108,49,76,116" hai3="135,34,85,48,39,74,129,90,72,120,60,124,19"/><U27/><E122/><V68/><F116/><W127/><G120/><T119/><D119/><U102/><E75/><V84/><F108/><W54/><G39/><T32/><D123/><U43/><E134/><V1/><F63/><W47/><G135/><T29/><D105/><U7/><E7/><V55/><F49/><W46/><G34/><T111/><D111/><U71/><E71/><V91/><F18/><W53/><G129/><T44/><D86/><U99/><E43/><V15/><F1/><W77/><G19/><T78/><D78/><U100/><E102/><V69/><F69/><W121/><G121/><T0/><D0/><U11/><E11/><V109/><F109/><W57/><G46/><T70/><D70/><U42/><E42/><V67/><F65/><W37/><G37/><T31/><D31/><U133/><E133/><V112/><F112/><W14/><G14/><T61/><D128/><U132/><E132/><V64/><F67/><W89/><G77/><T6/><D51/><U114/><E114/><V103/><F103/><W110/><G110/><T81/><D81/><U59/><E117/><V97/><F15/><W38/><G38/><T126/><D44/><U79/><E79/><V115/><F5/><W17/><G17/><T130/><D126/><N who="3" m="48169" /><G90/><T36/><D36/><U82/><E23/><V22/><F22/><W3/><G3/><T12/><D12/><U101/><E101/><V95/><REACH who="2" step="1"/><F115/><REACH who="2" ten="250,250,250,240" step="2"/><W8/><G8/><T92/><D130/><U41/><E41/><V40/><F40/><W125/><G125/><T107/><D35/><U28/><AGARI ba="0,1" hai="2,4,10,21,27,28,58,59,82,87,88,99,100,106" machi="28" ten="20,18000,2" yaku="5,1,0,1,7,1,52,2,54,1" doraHai="52" who="1" fromWho="1" sc="250,-60,250,190,250,-60,240,-60" /><INIT seed="1,1,0,4,5,55" ten="190,440,190,180" oya="1" hai0="74,69,46,103,11,49,122,19,114,7,110,52,113" hai1="24,12,67,90,116,79,21,65,133,9,128,41,96" hai2="51,109,33,91,3,30,129,132,43,106,100,50,126" hai3="81,0,2,8,124,27,80,93,61,76,5,63,75"/><U104/><E116/><V10/><F106/><W86/><G124/><T40/><D74/><U39/><E79/><V72/><F100/><W85/><G2/><T77/><D77/><U6/><E133/><V101/><F101/><W125/><G125/><T48/><D69/><U70/><E70/><V35/><F72/><W115/><G115/><T15/><D110/><U22/><E22/><V89/><F30/><W97/><G27/><T64/><D64/><U31/><E104/><V47/><F126/><W60/><REACH who="3" step="1"/><G81/><REACH who="3" ten="190,440,190,170" step="2"/><T25/><D122/><U120/><E120/><V117/><F3/><W57/><G57/><T99/><D25/><U34/><E24/><V111/><F111/><W32/><G32/><T44/><REACH who="0" step="1"/><D7/><REACH who="0" ten="180,440,190,170" step="2"/><U20/><E6/><V4/><F109/><W94/><G94/><AGARI ba="1,2" hai="11,15,19,40,44,46,48,49,52,94,99,103,113,114" machi="94" ten="30,7700,0" yaku="1,1,2,1,7,1,54,1,53,0" doraHai="55" doraHaiUra="130" who="0" fromWho="3" sc="180,100,440,0,190,0,170,-80" /><INIT seed="2,0,0,0,1,75" ten="280,440,190,90" oya="2" hai0="23,74,27,51,25,86,98,38,2,36,108,95,26" hai1="52,90,109,9,30,16,18,132,107,100,48,55,131" hai2="84,87,78,94,14,20,76,118,56,54,135,112,77" hai3="34,47,31,103,126,11,85,15,60,69,43,129,59"/><V58/><F112/><W35/><G69/><T41/><D74/><U130/><E30/><V67/><F118/><W50/><G126/><T13/><D2/><U110/><E132/><V91/><F135/><W127/><G127/><T46/><D108/><N who="1" m="41579" /><E90/><N who="2" m="53575" /><F67/><W128/><G103/><T1/><D1/><U80/><E80/><N who="2" m="49639" /><F54/><N who="1" m="20521" /><E48/><V66/><F66/><N who="3" m="39199" /><G31/><T120/><D120/><U32/><E32/><V63/><F63/><W125/><G85/><T61/><D86/><U124/><E124/><V62/><F62/><W104/><G125/><T0/><D0/><U133/><E133/><V6/><F20/><W21/><G21/><T3/><D3/><U115/><E115/><V89/><F89/><W71/><G71/><T92/><D61/><U105/><E105/><V72/><F72/><W28/><G28/><T24/><D38/><U134/><E134/><V70/><F70/><W22/><G22/><T17/><D36/><U29/><E29/><V121/><F121/><W64/><G64/><T116/><D116/><U57/><E57/><V73/><F73/><W44/><G104/><T19/><D98/><N who="1" m="61847" /><E9/><AGARI ba="0,0" hai="6,9,14,56,58,76,77,78" m="49639,53575" machi="9" ten="30,11600,0" yaku="8,1,52,3" doraHai="75" who="2" fromWho="1" sc="280,0,440,-116,190,116,90,0" /><AGARI ba="0,0" hai="9,13,17,19,23,24,25,26,27,41,46,51,92,95" machi="9" ten="40,1300,0" yaku="8,1" doraHai="75" who="0" fromWho="1" sc="280,13,324,-13,306,0,90,0" /><INIT seed="2,1,0,4,2,7" ten="293,311,306,90" oya="2" hai0="27,81,5,30,8,12,20,93,134,71,89,2,128" hai1="39,43,120,73,95,36,41,54,76,44,106,116,102" hai2="22,75,109,13,19,34,3,126,108,118,26,53,98" hai3="97,16,49,107,112,114,124,14,91,4,24,69,104"/><V32/><F75/><W119/><G69/><T115/><D115/><N who="3" m="44073" /><G49/><T28/><D71/><U33/><E120/><V96/><F118/><W11/><G119/><T46/><D128/><U56/><E116/><V94/><F3/><N who="3" m="415" /><G24/><T67/><D67/><U74/><E33/><V77/><F77/><W86/><G97/><T111/><D111/><N who="2" m="42570" /><F126/><W122/><G122/><T9/><D81/><U52/><E95/><V110/><N who="2" m="42578" /><V40/><DORA hai="131" /><F40/><W23/><G124/><T18/><D134/><U60/><E76/><V130/><F130/><W25/><G25/><T80/><D80/><AGARI ba="1,0" hai="14,16,23,80,86,91,104,107" m="415,44073" machi="80" ten="30,3900,0" yaku="11,1,52,1,54,1" doraHai="7,131" who="3" fromWho="0" sc="293,-42,311,0,306,0,90,42" /><INIT seed="3,0,0,2,4,111" ten="251,311,306,132" oya="3" hai0="10,8,88,106,72,3,93,64,105,83,5,26,98" hai1="86,79,33,117,87,67,77,49,55,13,118,129,47" hai2="73,92,82,123,131,40,65,41,2,130,100,30,48" hai3="57,51,85,25,61,14,29,34,32,99,23,15,71"/><W19/><G71/><T37/><D37/><U80/><E33/><V108/><F2/><W115/><G115/><T125/><D125/><U74/><E67/><V97/><F108/><W36/><G36/><T70/><D10/><U46/><E129/><N who="2" m="49163" /><F123/><W20/><G51/><T0/><D0/><U58/><E13/><V133/><F133/><W7/><G85/><N who="1" m="32266" /><E79/><N who="2" m="44399" /><F30/><W17/><G99/><T35/><D35/><N who="3" m="13353" /><G57/><T112/><D26/><U44/><E58/><V21/><F65/><W110/><G61/><T1/><D1/><U68/><E68/><V121/><F121/><W31/><G110/><T76/><REACH who="0" step="1"/><D112/><REACH who="0" ten="241,311,306,132" step="2"/><U132/><E132/><V62/><F21/><N who="3" m="11455" /><G7/><T122/><D122/><U39/><E39/><V78/><F62/><AGARI ba="0,1" hai="3,5,8,62,64,70,72,76,83,88,93,98,105,106" machi="62" ten="40,2600,0" yaku="1,1,54,1,53,0" doraHai="111" doraHaiUra="119" who="0" fromWho="2" sc="241,36,311,0,306,-26,132,0" /><INIT seed="4,0,0,0,5,60" ten="277,311,280,132" oya="0" hai0="87,42,90,125,30,134,93,98,61,25,39,36,1" hai1="100,97,29,17,85,96,6,57,103,50,111,2,77" hai2="86,108,51,66,3,115,56,8,88,67,127,99,70" hai3="28,118,76,135,20,32,101,55,16,132,73,79,105"/><T48/><D1/><U74/><E74/><V45/><F108/><W40/><G118/><T11/><D134/><U43/><E111/><V92/><F70/><W126/><G126/><T124/><D11/><U106/><E29/><V59/><F127/><N who="0" m="48714" /><D48/><U27/><E2/><V47/><F115/><W71/><G55/><T110/><D110/><U9/><E27/><V38/><F38/><W82/><G76/><T95/><D42/><U18/><E57/><N who="2" m="22091" /><F3/><W72/><G40/><T131/><D61/><U0/><E50/><V104/><F104/><W62/><G73/><T119/><D131/><U24/><E24/><V7/><F47/><W112/><G16/><T94/><D119/><U21/><E21/><V54/><F7/><W68/><G20/><N who="0" m="15655" /><D98/><U89/><E43/><V52/><F8/><W13/><G112/><T46/><D46/><U15/><E0/><V37/><F37/><AGARI ba="0,0" hai="36,37,39,87,90,93,94,95" m="15655,48714" machi="37" ten="30,1500,0" yaku="18,1" doraHai="60" who="0" fromWho="2" sc="277,15,311,0,280,-15,132,0" /><INIT seed="4,1,0,5,0,97" ten="292,311,265,132" oya="0" hai0="53,94,12,71,18,99,54,67,72,96,76,33,47" hai1="23,11,102,2,43,133,4,77,118,122,15,45,26" hai2="104,64,86,30,8,130,117,56,37,92,87,111,22" hai3="40,48,27,113,78,24,90,73,101,114,20,52,132"/><T61/><D33/><U66/><E122/><V65/><F104/><W57/><G40/><T103/><D72/><U1/><E133/><V5/><F37/><W80/><G132/><T100/><D47/><U21/><E66/><V9/><F111/><W69/><G69/><T124/><D76/><U74/><E118/><V3/><F117/><W127/><G127/><T13/><D124/><U16/><E23/><V46/><F130/><W121/><G121/><T105/><REACH who="0" step="1"/><D13/><REACH who="0" ten="282,311,265,132" step="2"/><U32/><E77/><V44/><F44/><W109/><G109/><T131/><D131/><U89/><E74/><V35/><F46/><W83/><G27/><T49/><D49/><U134/><E134/><V95/><F35/><W17/><G113/><T31/><D31/><U60/><E60/><V68/><F30/><W36/><G36/><T129/><D129/><U38/><E32/><V108/><F108/><W120/><G114/><T106/><D106/><U81/><E2/><V126/><F3/><W55/><G120/><T125/><D125/><U25/><E1/><V41/><F126/><W6/><G78/><T58/><D58/><U82/><E26/><V7/><F56/><W116/><G73/><T84/><D84/><U110/><E110/><V79/><F79/><W63/><G116/><T135/><D135/><U59/><E59/><V10/><F68/><W107/><G107/><T93/><D93/><U112/><E112/><V34/><F34/><W119/><G119/><T51/><D51/><U62/><E45/><V75/><F75/><W19/><G57/><T39/><D39/><U88/><E38/><RYUUKYOKU ba="1,1" sc="282,30,311,-10,265,-10,132,-10" hai0="12,18,53,54,61,67,71,94,96,99,100,103,105" /><INIT seed="4,2,1,4,0,93" ten="312,301,255,122" oya="0" hai0="70,85,98,64,83,52,68,6,28,56,106,119,127" hai1="113,53,71,107,1,2,92,4,11,17,94,5,80" hai2="63,128,31,132,105,33,26,88,79,82,86,18,121" hai3="12,57,61,62,40,103,46,69,131,95,124,38,89"/><T23/><D119/><U129/><E107/><V47/><F121/><W10/><G124/><T67/><D127/><U91/><E129/><V76/><F128/><W54/><G131/><T126/><D126/><U114/><E71/><V32/><F132/><W35/><G35/><T39/><D39/><U97/><E80/><V118/><F118/><W111/><G111/><T16/><D70/><U135/><E135/><V59/><F32/><W109/><G109/><T9/><D28/><U49/><E17/><V81/><F105/><W24/><G24/><N who="0" m="14439" /><D68/><U27/><E27/><V42/><F18/><W22/><G22/><T21/><D106/><U75/><E75/><V8/><F81/><W58/><G69/><T87/><D98/><N who="1" m="57631" /><E11/><V48/><REACH who="2" step="1"/><F8/><REACH who="2" ten="312,301,245,122" step="2"/><W90/><G10/><T36/><D21/><U45/><E5/><V14/><F14/><W100/><G12/><N who="0" m="5175" /><D36/><U122/><E4/><V19/><F19/><W77/><G77/><N who="0" m="46319" /><D87/><U73/><E73/><V116/><F116/><W125/><G125/><T108/><D108/><U101/><E122/><V0/><F0/><W13/><G13/><T134/><D134/><U117/><E117/><V29/><F29/><W51/><G38/><T25/><D25/><U3/><E3/><V44/><F44/><W43/><G46/><T55/><D56/><U66/><E1/><V72/><F72/><W112/><G58/><T30/><D30/><U41/><E2/><V50/><F50/><W37/><G37/><T130/><D130/><U7/><E7/><V78/><F78/><W96/><G57/><T60/><D60/><U115/><E45/><RYUUKYOKU ba="2,2" sc="312,15,301,-15,245,15,122,-15" hai0="52,55,64,67" hai2="26,31,33,42,47,48,59,63,76,79,82,86,88" /><INIT seed="4,3,2,5,3,133" ten="327,286,260,107" oya="0" hai0="114,57,110,25,48,88,98,126,121,111,83,24,113" hai1="29,132,17,6,96,7,16,91,44,14,46,42,131" hai2="52,112,60,28,104,74,0,120,77,27,54,73,20" hai3="33,78,109,4,105,63,99,124,81,86,59,125,102"/><T69/><D121/><U51/><E132/><V79/><F120/><W87/><G33/><T66/><D69/><U34/><E131/><V68/><F0/><W71/><G71/><T31/><D126/><N who="3" m="48745" /><G4/><T75/><D75/><U130/><E130/><V58/><F104/><W11/><G11/><T103/><D83/><U36/><E34/><V82/><F68/><W43/><G43/><T76/><D76/><U85/><E96/><V26/><F112/><N who="0" m="43114" /><D88/><U39/><E29/><V8/><F8/><W134/><G134/><T37/><D37/><U56/><E17/><V64/><F26/><N who="0" m="10346" /><D31/><U30/><E30/><V5/><F5/><W23/><G23/><T92/><D48/><U21/><E39/><V93/><F93/><W3/><G3/><T49/><D49/><U50/><E46/><V41/><F41/><W108/><G87/><T19/><D19/><U135/><E135/><V47/><F47/><W107/><G107/><T62/><AGARI ba="3,2" hai="57,62,66,92,98,103,110,111" m="10346,43114" machi="62" ten="40,2100,0" yaku="15,1" doraHai="133" who="0" fromWho="0" sc="327,50,286,-10,260,-10,107,-10" /><INIT seed="4,4,0,0,4,82" ten="377,276,250,97" oya="0" hai0="11,98,115,64,51,87,123,116,43,62,23,38,102" hai1="124,132,27,19,32,59,37,14,45,97,106,26,114" hai2="39,105,58,61,74,109,46,77,49,16,60,56,92" hai3="120,6,17,44,100,41,57,12,101,125,78,36,20"/><T35/><D116/><U84/><E132/><V33/><F105/><W65/><G125/><T118/><D118/><U22/><E124/><V111/><F33/><W67/><G120/><T40/><D123/><U34/><E114/><V31/><F31/><W69/><G6/><T85/><D35/><U3/><E3/><V0/><F0/><W80/><G69/><T42/><D38/><U93/><E34/><V91/><F74/><W88/><G78/><T9/><D115/><U72/><E72/><V94/><F77/><W86/><REACH who="3" step="1"/><G57/><REACH who="3" ten="377,276,250,87" step="2"/><N who="0" m="36943" /><D51/><U54/><E37/><V79/><F49/><W21/><G21/><T75/><D75/><U134/><E32/><V128/><F39/><W7/><G7/><T107/><D9/><U133/><E134/><V28/><F56/><W66/><AGARI ba="4,1" hai="12,17,20,36,41,44,65,66,67,80,86,88,100,101" machi="66" ten="30,7900,0" yaku="1,1,0,1,52,1,54,1,53,0" doraHai="82" doraHaiUra="48" who="3" fromWho="3" sc="377,-43,276,-24,250,-24,87,101" /><INIT seed="5,0,0,3,3,36" ten="334,252,226,188" oya="1" hai0="31,3,118,100,113,50,22,62,72,59,96,69,21" hai1="39,35,71,87,44,37,121,107,58,90,14,19,111" hai2="106,2,5,80,120,92,17,74,117,13,88,20,49" hai3="56,125,53,85,0,95,129,34,112,67,25,55,135"/><U4/><E107/><V33/><F106/><W94/><G0/><T1/><D118/><U91/><E35/><V73/><F117/><W8/><G112/><T77/><D69/><U103/><E71/><V114/><F120/><W60/><G125/><T48/><D113/><U105/><E111/><V84/><F114/><W11/><G135/><T101/><D77/><U102/><E4/><V68/><F68/><W97/><G129/><T16/><D72/><U15/><E121/><V12/><F2/><W32/><G85/><T30/><D59/><U131/><E131/><V104/><F104/><W7/><G25/><T130/><D130/><U23/><E105/><V38/><F38/><W27/><G27/><T29/><D29/><U9/><E58/><V123/><F33/><W64/><G56/><T82/><D82/><U26/><E15/><V110/><F110/><W54/><G97/><T46/><D96/><U65/><E65/><N who="3" m="25162" /><G60/><T47/><D16/><U41/><E39/><V45/><F123/><W6/><G94/><T93/><D93/><U133/><E133/><V43/><REACH who="2" step="1"/><F92/><REACH who="2" ten="334,252,216,188" step="2"/><W66/><G95/><T52/><D3/><U89/><E102/><V79/><F79/><W127/><G127/><T75/><D1/><U24/><E103/><V126/><F126/><W108/><G108/><T10/><D101/><U134/><E134/><V61/><F61/><W28/><G32/><T83/><D62/><U109/><E109/><V76/><F76/><W116/><G116/><T128/><D100/><U119/><E119/><V57/><F57/><W63/><G63/><T86/><D128/><RYUUKYOKU ba="0,1" sc="334,-10,252,-10,216,30,188,-10" hai2="5,12,13,17,20,43,45,49,73,74,80,84,88" /><INIT seed="6,1,1,0,2,7" ten="324,242,246,178" oya="2" hai0="13,51,64,102,103,49,129,128,61,135,1,37,74" hai1="45,10,132,38,134,28,55,120,130,84,67,124,17" hai2="90,32,94,104,14,56,0,26,68,106,34,105,86" hai3="79,70,110,92,66,109,35,52,54,22,30,21,72"/><V16/><F68/><W57/><G72/><T25/><D1/><U117/><E117/><V95/><F0/><W27/><G79/><T63/><D37/><U39/><E67/><V15/><F15/><W29/><G35/><T44/><D74/><U59/><E28/><N who="3" m="10858" /><G70/><T62/><D25/><U77/><E120/><V73/><F73/><W41/><G41/><N who="0" m="24719" /><D135/><N who="1" m="51755" /><E45/><V65/><F26/><W78/><G78/><T126/><D126/><U50/><E130/><N who="0" m="50281" /><D51/><U20/><E20/><N who="3" m="7786" /><G27/><T96/><D13/><N who="1" m="7351" /><E124/><V121/><F121/><W2/><G92/><N who="0" m="58631" /><D103/><U6/><E6/><V8/><REACH who="2" step="1"/><F95/><REACH who="2" ten="324,242,236,178" step="2"/><W75/><G2/><T118/><D118/><U82/><AGARI ba="1,2" hai="38,39,50,55,59,77,82,84" m="7351,51755" machi="82" ten="30,2000,0" yaku="20,1,52,1" doraHai="7" who="1" fromWho="1" sc="324,-6,242,43,236,-11,178,-6" /><INIT seed="7,0,0,4,1,71" ten="318,285,225,172" oya="3" hai0="20,79,102,134,97,61,98,49,105,103,85,39,5" hai1="50,70,25,77,116,2,69,89,3,9,10,19,118" hai2="83,7,109,45,84,17,12,88,100,99,21,28,107" hai3="119,115,66,42,93,56,62,124,125,63,44,108,16"/><W68/><G119/><T29/><D39/><U37/><E77/><V133/><F133/><W1/><G1/><T127/><D134/><U46/><E89/><V57/><F109/><W96/><G96/><T47/><D127/><N who="3" m="48713" /><G93/><T34/><D34/><U30/><E19/><V48/><F28/><W14/><G14/><T129/><D129/><U35/><E50/><V67/><F7/><W76/><G76/><T59/><D5/><N who="1" m="1207" /><E10/><V72/><F72/><W130/><G16/><T75/><D75/><U92/><E92/><V101/><F99/><N who="0" m="37898" /><D105/><U81/><E81/><V38/><F107/><W106/><G106/><T114/><D114/><U60/><E60/><N who="2" m="38287" /><F38/><N who="3" m="21591" /><G115/><T31/><D85/><U90/><E90/><V131/><F131/><W94/><G94/><T78/><D78/><U32/><E3/><V110/><F110/><W8/><G8/><T53/><D79/><U126/><E35/><V80/><F80/><W52/><G130/><T73/><D73/><U15/><E15/><V26/><F26/><W43/><G43/><AGARI ba="0,0" hai="12,17,21,43,45,48,83,84,88,100,101" m="38287" machi="43" ten="30,2000,0" yaku="8,1,54,1" doraHai="71" who="2" fromWho="3" sc="318,0,285,0,225,20,172,-20" owari="318,41.0,285,9.0,245,-15.0,152,-35.0" /></mjloggm>