<mjloggm ver="2.3"><GO type="169" lobby="0"/><UN n0="%E3%81%A1%E3%82%83%E3%82%93%E3%81%B2%E3%81%8D%E3%81%9E%E3%81%86" n1="%E3%83%88%E3%83%88%E3%83%AA%E5%85%88%E7%94%9F%31%39%E6%AD%B3" n2="%E3%82%B5%E3%83%B3%E3%83%9E%E9%81%93%E6%A5%BD%E3%81%AE%E4%BA%BA" n3="%E5%AE%89%E6%96%8E" dan="16,19,16,18" rate="2086.42,2276.38,2184.22,2235.65" sx="M,F,M,M"/><TAIKYOKU oya="0"/><INIT seed="0,0,0,1,5,69" ten="250,250,250,250" oya="0" hai0="112,118,110,72,104,102,17,62,121,90,2,31,87" hai1="53,114,4,16,100,94,126,120,101,123,133,26,8" hai2="76,115,59,56,42,119,11,51,47,9,37,63,74" hai3="70,50,49,22,113,15,40,134,0,1,125,29,111"/><T21/><D112/><U95/><E133/><V5/><F9/><W28/><G70/><T12/><D118/><U135/><E135/><V64/><F115/><W124/><G134/><T99/><D121/><U98/><E114/><V97/><F119/><W108/><G113/><T129/><D129/><U52/><E126/><N who="3" m="48746" /><G40/><T88/><D72/><U84/><E120/><V75/><F97/><W32/><G50/><T127/><D127/><U82/><E123/><V18/><F18/><N who="3" m="10591" /><G49/><T105/><D105/><U3/><E95/><V78/><F75/><W25/><G29/><T73/><D73/><U45/><E101/><V48/><F59/><W68/><G68/><T80/><D110/><AGARI ba="0,0" hai="0,1,25,28,32,108,110,111" m="10591,48746" machi="110" ten="30,7700,0" yaku="14,1,18,1,34,2" doraHai="69" who="3" fromWho="0" sc="250,-77,250,0,250,0,250,77" /><INIT seed="1,0,0,1,1,67" ten="173,250,250,327" oya="1" hai0="21,72,81,104,83,134,106,17,58,38,76,88,51" hai1="107,48,111,99,125,129,127,57,109,122,62,13,34" hai2="2,113,52,103,3,133,124,85,74,35,19,73,132" hai3="1,40,82,119,26,79,7,118,90,96,130,112,135"/><U4/><E122/><V47/><F35/><W27/><G112/><T43/><D38/><U105/><E34/><V110/><F113/><W22/><G130/><T131/><D131/><U18/><E4/><V46/><F103/><W68/><G68/><T97/><D134/><U114/><E48/><V12/><F110/><N who="1" m="41993" /><E129/><V98/><F98/><W102/><G40/><T120/><D120/><U93/><E114/><V25/><F25/><W115/><G115/><T121/><D121/><U23/><E93/><V54/><F85/><W94/><G135/><T61/><D51/><U24/><E24/><V44/><F44/><W15/><G1/><T117/><D43/><U69/><E99/><V123/><F123/><W101/><G7/><T108/><D117/><N who="3" m="44553" /><G15/><T77/><D108/><U30/><E30/><V50/><F50/><W49/><G27/><T55/><D97/><U116/><E116/><V0/><F0/><W59/><G49/><T70/><D106/><N who="1" m="40459" /><E69/><V39/><F39/><W53/><G101/><T86/><D104/><U16/><E18/><V84/><F19/><W37/><G102/><T14/><REACH who="0" step="1"/><D70/><REACH who="0" ten="163,250,250,327" step="2"/><U10/><E10/><V71/><F71/><W66/><G37/><T126/><D126/><U8/><E8/><V87/><F124/><W41/><G41/><T6/><D6/><U91/><E91/><AGARI ba="0,1" hai="14,17,21,55,58,61,72,76,77,81,83,86,88,91" machi="91" ten="40,2600,0" yaku="1,1,54,1,53,0" doraHai="67" doraHaiUra="100" who="0" fromWho="1" sc="163,36,250,-26,250,0,327,0" /><INIT seed="2,0,0,0,1,135" ten="199,224,250,327" oya="2" hai0="66,0,68,47,102,112,133,6,116,94,100,43,121" hai1="74,118,38,9,18,54,123,52,125,69,101,107,62" hai2="26,126,80,96,24,41,50,84,49,14,110,89,95" hai3="46,3,59,115,12,120,40,29,20,82,32,108,106"/><V78/><F110/><W117/><G117/><T113/><D121/><U70/><E118/><V53/><F126/><W31/><G120/><T60/><D116/><U86/><E74/><V44/><REACH who="2" step="1"/><F14/><REACH who="2" ten="199,224,240,327" step="2"/><W63/><G12/><T61/><D113/><U58/><E125/><V7/><F7/><W76/><G108/><T111/><D112/><U28/><E123/><V19/><F19/><W128/><G115/><T2/><D6/><U131/><E18/><V98/><F98/><W23/><G3/><T130/><D2/><U11/><E28/><V57/><AGARI ba="0,1" hai="24,26,41,44,49,50,53,57,78,80,84,89,95,96" machi="57" ten="20,7800,0" yaku="1,1,0,1,7,1,8,1,53,0" doraHai="135" doraHaiUra="97" who="2" fromWho="2" sc="199,-26,224,-26,240,88,327,-26" /><INIT seed="2,1,0,1,0,133" ten="173,198,328,301" oya="2" hai0="115,30,25,102,128,40,1,54,132,28,61,38,65" hai1="123,0,62,9,41,87,86,50,114,99,111,122,109" hai2="4,131,134,83,59,76,49,93,98,23,72,79,44" hai3="88,113,7,37,10,57,127,13,5,16,112,92,116"/><V90/><F134/><W75/><G116/><T51/><D132/><U69/><E114/><N who="3" m="44138" /><G75/><T52/><D115/><U101/><E41/><V103/><F131/><W26/><G37/><T8/><D128/><U39/><E39/><V60/><F79/><W63/><G26/><T45/><D102/><U70/><E50/><V110/><F110/><N who="1" m="41993" /><E9/><V11/><F23/><W82/><G82/><T121/><D121/><N who="1" m="46091" /><E0/><V56/><F60/><W47/><G127/><T77/><D54/><U74/><E62/><V17/><F17/><W67/><G47/><T89/><D25/><U125/><E125/><V6/><F103/><W18/><G18/><T36/><D36/><U31/><E31/><V68/><F6/><W12/><G12/><T104/><D28/><U35/><E35/><V130/><F130/><W34/><G34/><T29/><D30/><U78/><E69/><V73/><F68/><W2/><G2/><T84/><D29/><U3/><E70/><V117/><F117/><W53/><G67/><T100/><D65/><U66/><E3/><V22/><F22/><W97/><AGARI ba="1,0" hai="5,7,10,13,16,53,57,63,88,92,97" m="44138" machi="97" ten="30,4000,0" yaku="11,1,54,2" doraHai="133" who="3" fromWho="3" sc="173,-11,198,-11,328,-21,301,43" /><INIT seed="3,0,0,3,5,20" ten="162,187,307,344" oya="3" hai0="18,91,62,12,106,72,133,14,67,128,0,135,109" hai1="65,114,58,57,49,32,134,86,103,21,17,3,99" hai2="125,64,69,112,119,78,88,50,9,2,101,42,85" hai3="98,118,33,47,30,40,77,116,48,121,71,11,73"/><W66/><G121/><T37/><D0/><U61/><E114/><V68/><F112/><W93/><G11/><T74/><D37/><U76/><E32/><V83/><F119/><W87/><G73/><T94/><D106/><U122/><E3/><V123/><F125/><W115/><G115/><T79/><D109/><U97/><E134/><N who="0" m="51209" /><D79/><U7/><E7/><V120/><F101/><W31/><G77/><T52/><D128/><U55/><E122/><N who="2" m="46635" /><F64/><W46/><G87/><N who="0" m="52607" /><D52/><N who="1" m="31887" /><E65/><V132/><F132/><W39/><G66/><T4/><D4/><U38/><E38/><V25/><F78/><W80/><G116/><T43/><D43/><U23/><E103/><V29/><F9/><W107/><G107/><T45/><D45/><U89/><E76/><V34/><F2/><W22/><G118/><T19/><D14/><N who="1" m="9399" /><E23/><V75/><F75/><N who="0" m="28714" /><D12/><U8/><E8/><V100/><F100/><W117/><G117/><T96/><D96/><U41/><E41/><V15/><F15/><W131/><G39/><T63/><D63/><U28/><E97/><V130/><F130/><W51/><G131/><T27/><D27/><U26/><E99/><V36/><F36/><W10/><G10/><T13/><D13/><U81/><E26/><V104/><F104/><W53/><G71/><AGARI ba="0,0" hai="18,19,62,67,71" m="28714,52607,51209" machi="71" ten="30,1000,0" yaku="20,1" doraHai="20" who="0" fromWho="3" sc="162,10,187,0,307,0,344,-10" /><INIT seed="4,0,0,0,4,3" ten="172,187,307,334" oya="0" hai0="49,96,102,82,40,32,53,70,30,58,72,129,22" hai1="38,119,42,26,69,95,64,8,24,75,107,1,134" hai2="125,46,66,81,18,56,55,63,128,17,77,88,71" hai3="59,105,28,79,113,43,94,127,89,117,5,45,34"/><T103/><D129/><U118/><E107/><V54/><F125/><W12/><G117/><T110/><D110/><U115/><E134/><V135/><F135/><W51/><G105/><T7/><D32/><U124/><E124/><V15/><F128/><W33/><G127/><T14/><D70/><U111/><E111/><V27/><F27/><W108/><G108/><T74/><D40/><U37/><E115/><V4/><F77/><W16/><G28/><T61/><D30/><U41/><E95/><V91/><F71/><W80/><G59/><T100/><D96/><U132/><E132/><V114/><F114/><W76/><G5/><T83/><D61/><U78/><E69/><V122/><F91/><W19/><G19/><N who="2" m="7177" /><F46/><W60/><G60/><T6/><D22/><U21/><E21/><V92/><F81/><N who="0" m="30730" /><D72/><U97/><E75/><V20/><F20/><W13/><G113/><T62/><D74/><U133/><E133/><V120/><F122/><W98/><G76/><T87/><D14/><U48/><E78/><V39/><F39/><W86/><REACH who="3" step="1"/><G12/><REACH who="3" ten="172,187,307,324" step="2"/><T104/><D104/><U130/><E130/><V121/><F120/><W0/><G0/><T36/><D62/><U25/><E1/><V23/><F121/><W29/><G29/><T9/><D6/><U65/><E26/><V73/><F73/><W52/><G52/><T44/><D58/><U123/><E123/><V68/><F68/><W84/><G84/><T112/><D112/><U67/><E67/><V99/><F4/><W31/><G31/><T35/><D7/><U47/><E118/><V85/><F85/><RYUUKYOKU ba="0,1" sc="172,-15,187,-15,307,15,324,15" hai2="15,23,54,55,56,63,66,88,92,99" hai3="13,16,33,34,43,45,51,79,80,86,89,94,98" /><INIT seed="5,1,1,1,3,91" ten="157,172,322,339" oya="1" hai0="54,74,93,25,49,77,62,6,126,106,67,78,63" hai1="86,130,8,64,118,59,1,66,38,16,31,26,81" hai2="121,104,113,2,14,50,17,10,65,97,119,53,35" hai3="69,55,48,124,0,46,51,80,37,11,110,18,70"/><U15/><E118/><V19/><F119/><W33/><G110/><T44/><D106/><U108/><E38/><V135/><F121/><W117/><G33/><T47/><D126/><U36/><E36/><V94/><F104/><W96/><G117/><T4/><D74/><U12/><E1/><V83/><F35/><W34/><G34/><T122/><D122/><U68/><E68/><V131/><F131/><W72/><G124/><T57/><D25/><U30/><E130/><V45/><F135/><W105/><G37/><T73/><D73/><U133/><E133/><V109/><F109/><W27/><G27/><T84/><D63/><N who="1" m="38015" /><E66/><V103/><F113/><W123/><G123/><T100/><D47/><U20/><E108/><V75/><F2/><W23/><G11/><T92/><D100/><U42/><E42/><V90/><F65/><W9/><G9/><T112/><D112/><U125/><E125/><V58/><F75/><W52/><G0/><T101/><D101/><U127/><E127/><V43/><F19/><W28/><G28/><N who="1" m="10794" /><E8/><V88/><F83/><W32/><G80/><N who="0" m="47127" /><D77/><AGARI ba="1,1" hai="12,15,16,20,26,77,81,86" m="10794,38015" machi="77" ten="30,2900,0" yaku="8,1,54,1" doraHai="91" who="1" fromWho="0" sc="157,-32,172,42,322,0,339,0" /><INIT seed="5,2,0,1,2,29" ten="125,214,322,339" oya="1" hai0="14,6,43,89,77,37,125,0,131,73,86,8,4" hai1="96,34,108,19,27,41,116,50,58,74,104,36,44" hai2="68,3,69,99,62,119,67,2,130,25,95,128,94" hai3="78,101,97,46,85,127,133,75,51,111,48,135,23"/><U112/><E116/><V126/><F119/><W53/><G111/><T11/><D131/><N who="2" m="50218" /><F69/><W117/><G117/><T24/><D125/><U47/><E74/><V103/><F126/><W123/><G127/><T7/><D7/><U12/><E112/><V15/><F15/><W72/><G123/><T76/><D24/><U122/><E122/><V91/><F25/><W30/><G30/><T22/><D22/><U57/><E108/><V105/><F95/><N who="3" m="58559" /><G23/><T114/><D114/><U88/><E34/><V134/><F134/><N who="3" m="51211" /><G51/><T5/><D5/><U113/><E27/><V120/><F120/><W18/><G18/><T100/><D100/><U21/><E113/><V10/><F10/><W63/><G63/><T39/><D73/><U17/><E17/><V102/><F102/><W33/><G33/><T70/><D70/><U107/><E107/><V82/><F82/><AGARI ba="2,0" hai="46,48,53,72,75,78,82,85" m="51211,58559" machi="82" ten="30,1000,0" yaku="20,1" doraHai="29" who="3" fromWho="2" sc="125,0,214,0,322,-16,339,16" /><INIT seed="6,0,0,2,3,117" ten="125,214,306,355" oya="2" hai0="110,41,119,44,26,13,75,130,112,50,63,57,87" hai1="88,123,37,133,30,18,4,126,21,62,71,6,93" hai2="52,58,125,89,103,95,31,9,118,109,73,14,55" hai3="70,114,104,115,78,72,2,91,105,76,102,36,100"/><V68/><F118/><W99/><G2/><T129/><D119/><U69/><E37/><V28/><F68/><W56/><G36/><T7/><D75/><U34/><E133/><V40/><F73/><W84/><G56/><T77/><D110/><U61/><E126/><V10/><F109/><W23/><G23/><T20/><D112/><N who="3" m="43049" /><G70/><T22/><D77/><N who="3" m="29801" /><G72/><T33/><D33/><U135/><E135/><V65/><F40/><W39/><G39/><T113/><D87/><U49/><E49/><V107/><F125/><W131/><G131/><N who="0" m="50187" /><D113/><U120/><E71/><V8/><F65/><W108/><G108/><T32/><D7/><N who="1" m="2603" /><E30/><V106/><F14/><W51/><G51/><T16/><D32/><U5/><E5/><V19/><F19/><W35/><G35/><T66/><D26/><N who="1" m="14647" /><E34/><V101/><F58/><W116/><G116/><T121/><D121/><N who="1" m="46667" /><E69/><V134/><F134/><W47/><G47/><T96/><D96/><AGARI ba="0,0" hai="61,62,88,93,96" m="46667,14647,2603" machi="96" ten="30,8000,1" yaku="13,1,52,3,54,1" doraHai="117" who="1" fromWho="0" sc="125,-80,214,80,306,0,355,0" /><INIT seed="7,0,0,3,3,17" ten="45,294,306,355" oya="3" hai0="95,127,73,107,26,41,92,60,63,114,7,48,65" hai1="81,103,77,98,106,105,20,108,130,126,119,112,128" hai2="86,69,39,116,79,123,122,18,80,31,37,111,0" hai3="40,101,113,91,132,4,52,34,59,76,2,6,21"/><W125/><G34/><T56/><D73/><N who="1" m="43183" /><E108/><V75/><F116/><W25/><G2/><T64/><D107/><N who="1" m="63991" /><E20/><V3/><F111/><W22/><G76/><T10/><D26/><U71/><E71/><V50/><F50/><N who="3" m="31127" /><G101/><T84/><D48/><U51/><E51/><V88/><F69/><W9/><G113/><T115/><D41/><U62/><E62/><V35/><F18/><N who="3" m="12471" /><G125/><T74/><D127/><U57/><E57/><V1/><F31/><W14/><G132/><T29/><D56/><U12/><E12/><V82/><REACH who="2" step="1"/><F35/><REACH who="2" ten="45,294,296,355" step="2"/><W24/><G40/><T53/><D114/><U117/><E126/><V99/><F99/><W32/><G32/><T124/><D115/><U11/><E112/><V85/><F85/><W45/><G45/><T67/><D84/><U66/><E11/><V55/><F55/><W33/><G33/><T83/><D10/><U121/><E66/><V68/><F68/><W120/><G4/><T47/><D7/><U129/><E121/><AGARI ba="0,1" hai="0,1,3,37,39,75,79,80,82,86,88,121,122,123" machi="121" ten="50,6400,0" yaku="1,1,13,1,54,1,53,0" doraHai="17" doraHaiUra="13" who="2" fromWho="1" sc="45,0,294,-64,296,74,355,0" owari="45,-45.0,230,-17.0,370,46.0,355,16.0" /></mjloggm>