<mjloggm ver="2.3"><GO type="169" lobby="0"/><UN n0="%E3%81%BD%E3%81%9B%E3%81%84%E3%81%A9%E3%82%93%E3%83%9E%E3%83%BC%E3%82%AF" n1="%E6%9C%A8%E5%8E%9F%E8%B1%AA%E4%B8%80" n2="%E3%83%88%E3%82%B7%E3%83%95%E3%83%BC%E3%83%8B" n3="%E3%82%A6%E3%83%AB%E3%83%88%E3%83%A9%E7%AB%8B%E7%9B%B4" dan="16,19,17,18" rate="2137.36,2344.06,2167.31,2224.37" sx="M,M,M,M"/><TAIKYOKU oya="0"/><INIT seed="0,0,0,2,0,79" ten="250,250,250,250" oya="0" hai0="82,133,35,50,75,116,131,57,93,111,110,27,76" hai1="32,6,89,31,56,7,112,36,125,77,99,41,64" hai2="39,100,12,28,9,120,51,40,33,105,91,70,65" hai3="106,85,8,104,14,68,20,2,113,23,78,72,117"/><T66/><D116/><U124/><E112/><V5/><F120/><W135/><G68/><T42/><D131/><U0/><E77/><V127/><F39/><W108/><G72/><T29/><D133/><U37/><E32/><V115/><F115/><W34/><G2/><T13/><D93/><U71/><E31/><V74/><F74/><W24/><G34/><T96/><D96/><U4/><E0/><V90/><F127/><W58/><G113/><T18/><D66/><U130/><E130/><V128/><F128/><W62/><G108/><N who="0" m="41515" /><D57/><U118/><E118/><V86/><F65/><W59/><G59/><T102/><D102/><U107/><E71/><V38/><F70/><W3/><G58/><T44/><D13/><U19/><E107/><V63/><F100/><W109/><G14/><T26/><D26/><U22/><E64/><V43/><F105/><W45/><G24/><T101/><D101/><U132/><E56/><V54/><F12/><W87/><G104/><T98/><D98/><U17/><E132/><V60/><F33/><W69/><G106/><T10/><D10/><U92/><E125/><V121/><F9/><W46/><G8/><T119/><D119/><U81/><E124/><V134/><F134/><W103/><G135/><T88/><D18/><U67/><E19/><V49/><F121/><W95/><G117/><T1/><D1/><U47/><E67/><V73/><F28/><W94/><G109/><T30/><D30/><U83/><REACH who="1" step="1"/><E37/><REACH who="1" ten="250,240,250,250" step="2"/><V123/><F38/><W122/><G69/><T25/><D25/><AGARI ba="0,1" hai="4,6,7,17,22,25,36,41,47,81,83,89,92,99" machi="25" ten="40,8000,1" yaku="1,1,2,1,52,2,53,0" doraHai="79" doraHaiUra="53" who="1" fromWho="0" sc="250,-80,240,90,250,0,250,0" /><INIT seed="1,0,0,1,2,124" ten="170,330,250,250" oya="1" hai0="119,0,34,12,90,69,68,52,60,61,13,76,77" hai1="74,89,6,19,114,42,46,129,121,88,37,40,2" hai2="9,126,29,131,32,45,92,123,72,106,86,44,38" hai3="75,82,28,11,4,8,1,99,103,83,39,73,125"/><U104/><E114/><V51/><F106/><W7/><G125/><T111/><D34/><U16/><E121/><V48/><F72/><W10/><G28/><T43/><D0/><U81/><E104/><V59/><F126/><W91/><G39/><T22/><D119/><U70/><E70/><V18/><F123/><W96/><G91/><N who="1" m="34890" /><E129/><V102/><F86/><W5/><G1/><T64/><D90/><U127/><E42/><V55/><F38/><W47/><G47/><T112/><D43/><U30/><E30/><V50/><F131/><W117/><G117/><T133/><D112/><U134/><E134/><V23/><F29/><W71/><G71/><T24/><D133/><U57/><E57/><V135/><F32/><W63/><G63/><T49/><D69/><U56/><E56/><V116/><F9/><W33/><G33/><T105/><D105/><U41/><E41/><V100/><F116/><W79/><G103/><N who="2" m="39465" /><F92/><W21/><G21/><T15/><D61/><U31/><E31/><V25/><F135/><W95/><G95/><T108/><D77/><AGARI ba="0,0" hai="4,5,7,8,10,11,73,75,77,79,82,83,96,99" machi="77" ten="40,1300,0" yaku="9,1" doraHai="124" who="3" fromWho="0" sc="170,-13,330,0,250,0,250,13" /><INIT seed="2,0,0,3,1,73" ten="157,330,250,263" oya="2" hai0="77,34,69,128,122,38,132,14,56,41,54,83,10" hai1="75,71,53,96,118,67,61,97,79,39,29,119,94" hai2="74,70,114,40,55,17,3,109,129,31,1,116,24" hai3="58,103,52,95,93,35,0,21,15,87,60,18,28"/><V47/><F116/><W65/><G103/><T90/><D34/><U25/><E39/><V72/><F114/><W107/><G107/><T82/><D122/><U33/><E97/><V134/><F134/><W88/><G0/><T68/><D132/><U42/><E42/><V22/><F129/><W100/><G35/><T16/><D128/><U81/><REACH who="1" step="1"/><E53/><REACH who="1" ten="157,320,250,263" step="2"/><V127/><F55/><W92/><G100/><AGARI ba="0,1" hai="25,29,33,61,67,71,75,79,81,94,96,100,118,119" machi="100" ten="30,7700,0" yaku="1,1,2,1,7,1,52,1,53,0" doraHai="73" doraHaiUra="80" who="1" fromWho="3" sc="157,0,320,87,250,0,263,-77" /><INIT seed="3,0,0,0,5,52" ten="157,407,250,186" oya="3" hai0="113,79,59,84,24,87,15,49,107,4,124,1,19" hai1="127,42,81,67,120,99,36,77,122,116,112,32,55" hai2="44,29,92,20,97,46,132,68,48,106,73,53,118" hai3="25,56,121,9,131,18,76,14,69,96,115,38,94"/><W40/><G69/><T91/><D107/><U31/><E112/><V111/><F118/><W21/><G115/><T90/><D113/><U125/><E116/><V6/><F106/><W66/><G121/><T58/><D124/><N who="1" m="47691" /><E67/><V26/><F68/><W74/><G131/><T86/><D1/><U5/><E5/><V88/><F73/><W101/><G38/><T45/><D4/><U85/><E55/><V17/><F132/><W83/><G40/><N who="0" m="24743" /><D79/><U3/><E3/><V102/><F6/><W61/><REACH who="3" step="1"/><G25/><REACH who="3" ten="157,407,250,176" step="2"/><T33/><D24/><U103/><E122/><V89/><F111/><W13/><G13/><T22/><D33/><U71/><E120/><V8/><F44/><W134/><G134/><T30/><D30/><U126/><E71/><V72/><F72/><W93/><G93/><N who="0" m="54471" /><D87/><U47/><E126/><V28/><F28/><W123/><G123/><T119/><D119/><U35/><E31/><V98/><F98/><W43/><G43/><T109/><D109/><U63/><E32/><V54/><F29/><W64/><G64/><T37/><D37/><U104/><E35/><V114/><F114/><W51/><G51/><T57/><D57/><U129/><E129/><V10/><F54/><W23/><AGARI ba="0,1" hai="9,14,18,21,23,56,61,66,74,76,83,94,96,101" machi="23" ten="30,6000,0" yaku="1,1,0,1,52,1,53,0" doraHai="52" doraHaiUra="34" who="3" fromWho="3" sc="157,-20,407,-20,250,-20,176,70" /><INIT seed="3,1,0,2,5,40" ten="137,387,230,246" oya="3" hai0="83,103,120,104,107,128,114,9,91,62,88,70,132" hai1="86,38,19,118,55,84,31,63,116,73,36,50,37" hai2="18,90,122,74,7,123,100,68,30,117,102,39,92" hai3="24,75,66,21,112,135,46,111,80,121,110,81,58"/><W14/><G112/><T53/><D120/><N who="2" m="46122" /><F117/><N who="1" m="45161" /><E73/><V27/><F74/><W15/><G121/><T42/><D42/><U124/><E31/><V109/><F109/><N who="3" m="41483" /><G135/><T105/><D114/><U34/><E34/><V6/><F68/><W130/><G130/><T33/><D33/><U99/><E99/><N who="2" m="57751" /><F18/><W77/><G81/><T65/><D128/><U69/><E19/><V82/><F82/><W60/><G46/><T48/><D132/><U71/><E124/><V106/><F39/><W43/><G43/><T51/><D9/><U129/><E129/><V49/><F49/><W133/><G133/><T125/><D125/><U78/><E63/><V23/><F106/><W87/><G75/><T56/><D48/><U10/><E38/><V127/><F127/><W3/><G3/><T101/><REACH who="0" step="1"/><D83/><REACH who="0" ten="127,387,230,246" step="2"/><U32/><E37/><V79/><F79/><W0/><G0/><T67/><D67/><U5/><E78/><V22/><F23/><W95/><G95/><T57/><D57/><U97/><E36/><V134/><F134/><W96/><G96/><T61/><D61/><U89/><E97/><V26/><F22/><W29/><AGARI ba="1,1" hai="14,15,21,24,29,58,60,66,77,80,87" m="41483" machi="29" ten="30,3000,0" yaku="14,1,10,1" doraHai="40" who="3" fromWho="3" sc="127,-11,387,-11,230,-11,246,43" /><INIT seed="3,2,0,0,0,2" ten="116,376,219,289" oya="3" hai0="7,93,1,96,47,73,125,129,14,104,5,34,23" hai1="65,114,120,101,95,30,39,76,102,9,56,105,107" hai2="68,12,117,17,70,4,58,72,55,132,48,135,74" hai3="78,11,37,50,100,80,45,6,31,0,82,123,71"/><W75/><G123/><T91/><D104/><U116/><E39/><V106/><F106/><W108/><G108/><T90/><D73/><N who="2" m="28266" /><F117/><W88/><G100/><T24/><D125/><U63/><E120/><V59/><F59/><W84/><G31/><T51/><D129/><U18/><E114/><V3/><F3/><W42/><G50/><T85/><D14/><U26/><E116/><V128/><F4/><W57/><REACH who="3" step="1"/><G57/><REACH who="3" ten="116,376,219,279" step="2"/><T53/><D34/><U44/><E102/><V64/><F128/><W127/><G127/><T46/><D1/><U28/><E28/><V111/><F111/><W99/><G99/><T89/><D47/><U36/><E30/><V38/><F38/><W119/><G119/><T67/><D67/><U20/><E65/><V126/><F64/><W83/><G83/><N who="0" m="49343" /><D90/><U33/><E44/><V29/><F126/><W131/><G131/><T40/><D40/><U21/><E36/><V112/><F112/><W109/><G109/><T16/><AGARI ba="2,1" hai="5,7,16,23,24,46,51,53,91,93,96" m="49343" machi="16" ten="30,7900,0" yaku="8,1,52,2,54,1" doraHai="2" who="0" fromWho="0" sc="116,95,376,-22,219,-22,279,-41" /><INIT seed="4,0,0,2,3,124" ten="211,354,197,238" oya="0" hai0="60,130,22,63,131,20,129,14,51,87,74,68,114" hai1="125,119,126,72,45,92,84,89,62,93,53,66,107" hai2="78,100,49,7,101,10,39,111,61,85,6,44,35" hai3="58,15,75,70,110,132,102,25,13,83,43,65,26"/><T86/><D74/><U3/><E119/><V52/><F39/><W36/><G110/><T16/><D114/><U17/><E107/><V105/><F35/><W76/><G132/><T104/><D104/><U57/><E72/><V64/><F111/><W33/><G58/><T127/><D127/><N who="1" m="48651" /><E3/><V120/><F120/><W97/><G43/><T42/><D22/><U21/><E45/><V30/><F30/><N who="3" m="19663" /><G36/><T117/><D117/><U91/><E66/><V99/><F101/><W11/><G26/><T109/><D109/><U38/><E38/><V19/><F19/><W96/><G96/><T59/><D68/><U24/><E91/><V113/><F113/><W55/><G55/><N who="0" m="32255" /><D42/><U95/><AGARI ba="0,0" hai="17,21,24,53,57,62,84,89,92,93,95" m="48651" machi="95" ten="30,1100,0" yaku="18,1" doraHai="124" who="1" fromWho="1" sc="211,-5,354,11,197,-3,238,-3" /><INIT seed="5,0,0,4,5,90" ten="206,365,194,235" oya="1" hai0="69,87,4,107,71,38,63,40,12,64,120,77,85" hai1="98,33,62,56,127,100,7,31,93,55,1,59,2" hai2="34,16,123,6,47,109,135,119,3,72,99,53,54" hai3="58,79,11,129,22,111,97,28,20,13,73,110,25"/><U82/><E127/><V74/><F109/><W114/><G73/><T117/><D107/><U46/><E7/><V68/><F68/><W21/><G79/><T24/><D117/><U128/><E128/><V88/><F119/><W78/><G78/><T113/><D71/><U60/><E46/><V35/><F123/><W131/><G97/><T15/><D40/><U81/><E33/><V45/><F6/><N who="3" m="3319" /><G58/><T10/><D38/><U5/><E31/><V75/><F135/><W9/><G9/><T96/><D113/><U39/><E39/><V19/><F99/><W121/><G121/><T52/><D120/><U44/><E44/><N who="2" m="16971" /><F88/><W124/><G124/><T91/><D24/><U89/><E5/><V70/><F70/><W42/><G42/><T108/><D108/><N who="3" m="41513" /><G114/><T86/><D77/><U23/><E89/><V49/><F49/><W106/><G106/><T65/><D69/><U17/><E2/><V14/><F3/><W102/><G102/><T18/><D63/><U118/><E1/><V66/><F66/><W50/><G50/><T103/><D103/><U0/><E0/><V122/><F122/><W80/><G80/><T104/><D104/><U61/><E118/><V41/><F41/><W36/><G36/><T30/><D52/><N who="2" m="20074" /><F14/><W48/><G48/><T101/><D101/><U133/><E100/><V29/><F29/><W37/><G37/><T125/><D30/><U51/><E51/><V83/><F83/><W43/><G43/><T95/><D125/><U76/><E82/><V105/><F105/><W130/><AGARI ba="0,0" hai="20,21,22,25,28,129,130,131" m="41513,3319" machi="130" ten="40,5200,0" yaku="19,1,34,2" doraHai="90" who="3" fromWho="3" sc="206,-13,365,-26,194,-13,235,52" /><INIT seed="6,0,0,0,5,62" ten="193,339,181,287" oya="2" hai0="114,60,6,111,126,74,19,31,119,57,96,27,34" hai1="23,33,68,51,65,35,115,123,38,47,127,98,105" hai2="81,39,130,28,106,69,53,30,64,88,16,2,91" hai3="84,100,97,117,41,87,52,125,5,10,120,1,54"/><V78/><F39/><W12/><G117/><T58/><D111/><U43/><E115/><V128/><F2/><W13/><G120/><T40/><D74/><U76/><E127/><V7/><F7/><W113/><G125/><T61/><D126/><U82/><E123/><V86/><F106/><W50/><G113/><T95/><D114/><U59/><E23/><V116/><F116/><W80/><G41/><T66/><D119/><U90/><E90/><N who="2" m="34347" /><F53/><W89/><G84/><T83/><D40/><U79/><E79/><V44/><F44/><W92/><REACH who="3" step="1"/><G54/><REACH who="3" ten="193,339,181,277" step="2"/><T67/><D96/><U109/><E98/><V73/><F73/><W121/><G121/><T4/><D95/><U118/><E118/><V25/><F130/><W21/><G21/><T133/><D133/><U20/><E20/><N who="2" m="13447" /><F128/><W18/><G18/><T122/><D122/><U42/><E42/><V63/><F69/><W77/><G77/><T32/><D32/><U134/><E33/><V22/><F22/><W75/><G75/><T29/><D19/><U108/><E35/><V93/><F93/><W85/><G85/><T37/><D31/><U26/><E43/><V103/><F103/><W71/><G71/><T45/><D34/><U99/><E68/><V131/><F131/><W56/><AGARI ba="0,1" hai="1,5,10,12,13,50,52,56,80,87,89,92,97,100" machi="56" ten="20,12000,2" yaku="1,1,0,1,7,1,54,1,53,2" doraHai="62" doraHaiUra="8" who="3" fromWho="3" sc="193,-30,339,-30,181,-60,277,130" /><INIT seed="7,0,0,3,0,128" ten="163,309,121,407" oya="3" hai0="76,50,100,48,66,56,35,111,59,130,10,80,87" hai1="89,110,109,82,6,44,86,45,94,126,18,27,68" hai2="105,124,42,29,67,55,96,38,26,125,11,107,8" hai3="84,32,88,131,90,127,112,113,121,69,15,123,52"/><W118/><G32/><T77/><D130/><U91/><E68/><V99/><F67/><W75/><G75/><T36/><D35/><U47/><E126/><V16/><F42/><W106/><G106/><T39/><D111/><U17/><E110/><V2/><F38/><W12/><G69/><T78/><D39/><U14/><E109/><V85/><F85/><W54/><G84/><T33/><D33/><U122/><E122/><V19/><F55/><W129/><G118/><T20/><D36/><U79/><E27/><V23/><F26/><W72/><G72/><T63/><D100/><U73/><E73/><V5/><F23/><W40/><G40/><T83/><D83/><U65/><E65/><V3/><REACH who="2" step="1"/><F5/><REACH who="2" ten="163,309,111,407" step="2"/><W43/><G43/><T81/><D20/><U115/><E115/><V97/><F97/><W61/><G113/><T135/><D87/><U37/><E37/><V120/><F120/><W30/><G112/><T60/><D66/><U133/><E79/><V0/><F0/><W62/><G127/><T41/><D41/><U53/><E6/><V104/><F104/><W28/><AGARI ba="0,1" hai="12,15,28,30,52,54,61,62,88,90,121,123,129,131" machi="28" ten="25,12000,1" yaku="0,1,22,2,54,2" doraHai="128" who="3" fromWho="3" sc="163,-40,309,-40,111,-40,407,130" owari="123,-28.0,269,7.0,71,-43.0,537,64.0" /></mjloggm>