<mjloggm ver="2.3"><GO type="169" lobby="0"/><UN n0="%E3%83%88%E3%83%88%E3%83%AA%E5%85%88%E7%94%9F%31%39%E6%AD%B3" n1="%E5%A4%8F%E8%94%AD" n2="%E3%82%8A%E3%82%81%E3%82%8D" n3="%E3%81%B4%E3%83%BC%E3%81%8A%E3%81%8B" dan="19,16,17,17" rate="2285.80,2093.24,2191.79,2189.41" sx="F,M,F,M"/><TAIKYOKU oya="0"/><INIT seed="0,0,0,0,5,4" ten="250,250,250,250" oya="0" hai0="29,34,106,21,79,23,14,24,103,131,8,40,56" hai1="134,89,127,85,94,87,73,75,98,100,15,20,48" hai2="78,97,128,107,1,105,119,113,58,43,112,38,108" hai3="88,41,50,129,17,115,95,74,120,77,30,12,82"/><T19/><D131/><U102/><E48/><V46/><F128/><W0/><G129/><T49/><D79/><U11/><E20/><V93/><F119/><W90/><G0/><T62/><D106/><U13/><E134/><V116/><F116/><W63/><G115/><T70/><D70/><U5/><E127/><V9/><F108/><W32/><G120/><T76/><D103/><U99/><E15/><V52/><F107/><W110/><G110/><T72/><D72/><U6/><E6/><V133/><F105/><W54/><G41/><T59/><D76/><U57/><E57/><V16/><F133/><W86/><G63/><T51/><D51/><U80/><REACH who="1" step="1"/><E85/><REACH who="1" ten="250,240,250,250" step="2"/><V92/><F112/><W67/><G86/><T130/><D130/><U69/><E69/><V39/><F113/><W60/><G50/><T55/><REACH who="0" step="1"/><D40/><REACH who="0" ten="240,240,250,250" step="2"/><U101/><E101/><V68/><F43/><W44/><G74/><T42/><D42/><U47/><E47/><V31/><F46/><W91/><G44/><T37/><D37/><U45/><E45/><V36/><F36/><W64/><G91/><T121/><D121/><U35/><E35/><V25/><F38/><W28/><G90/><T132/><D132/><U122/><E122/><V84/><F39/><W123/><G88/><T3/><D3/><U2/><E2/><V83/><F68/><W117/><G32/><T65/><AGARI ba="0,2" hai="8,14,19,21,23,24,29,34,49,55,56,59,62,65" machi="65" ten="20,7800,0" yaku="1,1,0,1,7,1,52,1,53,0" doraHai="4" doraHaiUra="66" who="0" fromWho="0" sc="240,98,240,-26,250,-26,250,-26" /><INIT seed="0,1,0,5,3,62" ten="338,214,224,224" oya="0" hai0="75,68,86,24,30,87,82,13,88,41,126,7,102" hai1="35,40,111,114,80,121,37,33,9,58,120,1,21" hai2="6,52,103,101,15,115,127,19,131,49,12,27,109" hai3="122,116,125,113,28,43,26,85,104,130,118,14,20"/><T133/><D133/><U34/><E111/><V5/><F109/><W84/><G104/><T110/><D110/><U71/><E71/><V72/><F72/><W66/><G113/><T56/><D68/><U51/><E114/><V53/><F131/><W134/><G130/><T63/><D126/><U105/><E105/><V129/><F129/><W96/><G96/><T39/><D75/><U92/><E37/><V106/><F115/><W65/><G125/><T42/><D39/><U108/><E108/><V83/><F83/><W95/><G43/><T128/><D128/><U38/><E38/><V97/><F103/><W90/><G134/><T123/><D123/><U99/><E80/><V36/><F36/><W59/><G122/><T11/><D86/><U22/><E22/><V17/><F53/><W32/><G85/><T29/><D102/><U67/><E21/><V77/><F77/><W107/><G107/><T16/><D7/><U3/><E40/><N who="0" m="15465" /><D24/><U46/><E46/><V69/><F69/><W45/><G45/><T44/><D44/><U70/><E70/><V18/><F27/><W25/><G59/><T94/><D82/><U48/><E120/><V89/><F127/><W78/><G14/><N who="2" m="5161" /><F101/><W81/><G118/><T57/><D57/><U8/><E121/><V47/><F106/><W60/><G116/><T119/><D119/><U79/><E3/><V124/><F124/><W10/><G10/><BYE who="3" /><N who="1" m="4202" /><E1/><V55/><F55/><AGARI ba="1,0" hai="11,13,16,29,30,55,56,63,87,88,94" m="15465" machi="55" ten="30,5800,0" yaku="8,1,54,2" doraHai="62" who="0" fromWho="2" sc="338,61,214,0,224,-61,224,0" /><INIT seed="0,2,0,0,2,57" ten="399,214,163,224" oya="0" hai0="55,10,82,132,47,131,41,85,122,129,21,35,5" hai1="44,16,24,6,134,100,31,51,12,125,34,62,66" hai2="88,11,94,121,13,90,28,45,112,1,37,96,18" hai3="101,9,43,81,113,123,58,63,71,46,95,130,49"/><T14/><D122/><U64/><E6/><V126/><F121/><W87/><G87/><T68/><D35/><U104/><E134/><V108/><F112/><W105/><G105/><T65/><D132/><UN n3="%E3%81%B4%E3%83%BC%E3%81%8A%E3%81%8B" /><U23/><E125/><V115/><F115/><W117/><G113/><T75/><D75/><U133/><E133/><V26/><F126/><W7/><G123/><T48/><D21/><U77/><E77/><V0/><F108/><W69/><G117/><T109/><D109/><U36/><E36/><V80/><F80/><W8/><G130/><T52/><D65/><U106/><E100/><V102/><F37/><W38/><G81/><T74/><D68/><U29/><E31/><V86/><F45/><W118/><G38/><T111/><D74/><U72/><E72/><V50/><F50/><W32/><G32/><T79/><D111/><U119/><E119/><V54/><F54/><AGARI ba="2,0" hai="5,10,14,41,47,48,52,54,55,79,82,85,129,131" machi="54" ten="40,7700,0" yaku="25,2,54,1" doraHai="57" who="0" fromWho="2" sc="399,83,214,0,163,-83,224,0" /><INIT seed="0,3,0,1,0,47" ten="482,214,80,224" oya="0" hai0="1,52,57,27,54,135,6,10,58,133,43,126,68" hai1="16,59,31,5,96,102,12,92,8,87,88,69,64" hai2="33,22,67,56,103,131,119,125,44,29,38,83,93" hai3="63,84,132,90,117,81,37,39,51,124,46,61,108"/><T0/><D68/><U24/><E69/><V116/><F33/><W40/><G117/><T48/><D126/><U82/><E5/><V100/><F125/><W23/><G124/><T53/><D1/><U2/><E2/><V97/><F131/><W89/><G108/><T73/><D73/><U112/><E112/><V66/><F103/><W72/><G132/><N who="0" m="50763" /><D27/><U21/><E59/><N who="0" m="22537" /><D43/><U128/><E128/><V111/><F111/><W91/><G72/><T80/><D80/><U109/><E109/><V99/><F83/><W76/><REACH who="3" step="1"/><G23/><REACH who="3" ten="482,214,80,214" step="2"/><T74/><D74/><U7/><E7/><V105/><F22/><W49/><G49/><AGARI ba="3,1" hai="0,6,10,48,49,52,53,54" m="22537,50763" machi="49" ten="40,12000,1" yaku="20,1,52,2,54,1" doraHai="47" who="0" fromWho="3" sc="482,139,214,0,80,0,214,-129" /><INIT seed="0,4,0,1,1,58" ten="621,214,80,85" oya="0" hai0="20,17,125,131,54,100,34,0,74,76,41,94,80" hai1="7,101,123,108,3,23,135,55,61,48,115,43,117" hai2="35,128,99,105,104,89,120,66,25,85,112,118,92" hai3="114,44,84,32,12,111,11,5,40,39,73,122,13"/><T129/><D34/><U62/><E123/><V22/><F120/><W81/><G114/><T71/><D0/><U59/><E117/><V77/><F112/><W83/><G122/><T51/><D71/><U50/><E115/><V49/><F118/><W45/><G32/><T52/><D125/><U133/><E108/><V4/><F128/><N who="0" m="49226" /><D100/><U124/><E101/><V21/><F4/><W78/><G111/><T116/><D116/><U30/><E124/><V53/><F66/><W86/><G45/><N who="0" m="26031" /><D94/><U42/><E7/><V82/><F35/><W75/><REACH who="3" step="1"/><G12/><AGARI ba="4,0" hai="12,17,20,52,54,74,76,80" m="26031,49226" machi="12" ten="30,2900,0" yaku="19,1,54,1" doraHai="58" who="0" fromWho="3" sc="621,41,214,0,80,0,85,-41" /><INIT seed="0,5,0,5,0,104" ten="662,214,80,44" oya="0" hai0="37,129,2,80,52,65,94,47,42,17,53,81,82" hai1="27,130,133,66,120,29,70,26,8,33,113,35,98" hai2="50,44,21,18,30,61,135,103,76,101,93,1,7" hai3="96,25,67,38,117,49,45,60,3,92,73,111,115"/><T11/><D129/><U20/><E120/><V125/><F125/><W97/><G115/><T32/><D32/><U57/><E70/><V91/><F135/><W86/><G117/><T63/><D94/><U74/><E133/><V14/><F76/><W134/><G111/><T78/><D81/><U95/><E130/><V119/><F119/><W68/><G3/><T124/><D82/><U69/><E69/><V127/><F127/><W122/><G134/><T51/><D124/><U28/><E113/><V41/><F30/><W77/><G122/><T19/><D2/><U85/><E74/><V79/><F79/><W126/><G73/><T109/><D109/><U102/><E8/><V54/><F7/><W99/><G126/><T36/><D53/><U105/><E20/><V6/><F6/><W9/><G9/><T84/><D11/><U90/><E57/><N who="2" m="34999" /><F1/><W123/><G123/><T88/><D78/><U24/><E24/><V55/><F55/><W10/><G10/><T114/><D114/><U83/><REACH who="1" step="1"/><E66/><REACH who="1" ten="662,204,80,44" step="2"/><V46/><F46/><W107/><G45/><T121/><D121/><U23/><E23/><V0/><F0/><W87/><G68/><N who="0" m="42047" /><D37/><U112/><E112/><V40/><F21/><W16/><G38/><T62/><D62/><U108/><E108/><V15/><F44/><W56/><G60/><T13/><D13/><U75/><E75/><V89/><F14/><W64/><G64/><T100/><D100/><U43/><E43/><V72/><F15/><W106/><G67/><T131/><D131/><U132/><E132/><V48/><F40/><W5/><G56/><AGARI ba="5,1" hai="17,19,36,42,47,51,52,56,80,84,88" m="42047" machi="56" ten="30,11600,0" yaku="6,1,24,1,54,2" doraHai="104" who="0" fromWho="3" sc="662,141,204,0,80,0,44,-131" owari="803,91.0,204,0.0,80,-32.0,-87,-59.0" /></mjloggm>