<mjloggm ver="2.3"><GO type="169" lobby="0"/><UN n0="%E3%82%8A%E3%81%B5%E3%82%8C%E3%81%8F" n1="%E3%83%88%E3%83%88%E3%83%AA%E5%85%88%E7%94%9F%31%39%E6%AD%B3" n2="%74%61%74%73%75%37%30%32" n3="%E3%81%82%E3%81%8A%E3%81%8D%E3%82%93%E3%81%90" dan="16,19,17,16" rate="2163.73,2318.14,2201.43,2079.72" sx="M,F,M,M"/><TAIKYOKU oya="0"/><INIT seed="0,0,0,0,4,32" ten="250,250,250,250" oya="0" hai0="28,83,67,135,127,113,85,59,129,30,44,49,68" hai1="77,125,72,115,51,60,47,39,119,42,73,126,25" hai2="10,98,13,6,75,69,41,54,79,103,15,95,64" hai3="40,12,116,4,61,88,74,80,66,71,1,76,106"/><T101/><D113/><U132/><E119/><V29/><F29/><W9/><G116/><T20/><D135/><U58/><E115/><V7/><F41/><W45/><G106/><T0/><D129/><U37/><E132/><V81/><F54/><W38/><REACH who="3" step="1"/><G88/><REACH who="3" ten="250,250,250,240" step="2"/><N who="0" m="51263" /><D68/><U99/><E99/><V94/><F94/><W120/><G120/><T122/><D122/><U21/><E126/><V22/><F69/><W31/><G31/><T53/><D127/><U35/><E125/><V118/><F118/><W78/><G78/><T2/><D30/><U17/><E77/><V131/><F131/><W56/><G56/><T19/><D28/><U128/><E128/><V16/><REACH who="2" step="1"/><F64/><REACH who="2" ten="250,250,240,240" step="2"/><W14/><AGARI ba="0,2" hai="1,4,9,12,14,38,40,45,61,66,71,74,76,80" machi="14" ten="30,8000,1" yaku="1,1,0,1,25,2,52,1,53,0" doraHai="32" doraHaiUra="55" who="3" fromWho="3" sc="250,-40,250,-20,240,-20,240,100" /><INIT seed="1,0,0,3,0,68" ten="210,230,220,340" oya="1" hai0="70,123,19,53,23,18,54,14,1,43,57,45,120" hai1="13,12,48,80,34,11,104,101,50,61,86,51,111" hai2="17,84,116,28,44,90,32,94,66,10,124,77,47" hai3="99,121,135,109,27,5,87,60,106,72,81,24,88"/><U22/><E34/><V7/><F116/><W73/><G121/><N who="0" m="46667" /><D70/><U117/><E117/><V130/><F124/><W126/><G126/><T110/><D110/><U95/><E104/><V93/><F130/><W63/><G109/><T133/><D133/><U71/><E111/><V37/><F66/><W39/><G135/><T122/><N who="0" m="46675" /><T100/><DORA hai="15" /><D100/><U62/><E71/><V4/><F94/><W119/><G5/><T74/><D74/><U31/><E95/><V128/><F128/><W103/><G119/><T29/><D29/><U83/><E101/><V132/><F132/><W67/><G72/><T58/><D1/><U113/><E113/><V78/><F47/><W6/><G6/><T2/><D2/><U30/><E80/><V108/><F4/><W0/><G0/><T35/><D35/><U114/><E114/><V25/><F7/><W91/><G73/><T82/><D82/><U8/><E30/><V26/><F108/><W105/><G105/><T112/><D112/><U98/><E98/><V56/><F56/><N who="0" m="21610" /><D19/><N who="1" m="10607" /><E31/><V96/><F96/><W97/><G99/><T85/><D85/><U40/><E40/><V129/><F129/><W3/><G87/><T115/><D115/><U36/><E83/><V59/><F32/><W69/><G81/><T127/><D127/><U21/><E86/><V102/><F84/><W92/><G97/><T55/><D55/><U38/><E62/><V41/><F93/><W125/><G103/><T33/><D33/><U20/><E61/><V76/><F102/><W64/><G125/><T75/><D75/><U131/><E131/><RYUUKYOKU ba="0,0" sc="210,30,230,-10,220,-10,340,-10" hai0="14,18,23,43,45,53,54" /><INIT seed="2,1,0,0,2,106" ten="240,220,210,330" oya="2" hai0="132,34,123,25,86,37,131,23,29,48,38,0,6" hai1="31,83,1,44,60,67,130,22,15,46,70,11,114" hai2="125,99,4,117,53,134,35,49,71,9,124,129,66" hai3="40,30,10,98,18,64,8,57,108,93,27,127,92"/><V126/><F117/><W12/><G108/><T32/><D123/><U13/><E114/><V97/><F35/><W24/><G127/><T90/><D132/><U14/><E130/><V69/><F129/><W109/><G109/><T17/><D131/><U20/><E1/><V85/><F85/><W87/><G40/><T110/><D48/><U77/><E11/><V111/><F134/><W102/><G10/><N who="0" m="2375" /><D34/><U104/><E104/><V63/><F71/><W51/><G30/><T21/><D21/><U39/><E39/><V68/><F69/><W43/><G64/><T50/><D50/><U88/><E88/><V116/><F116/><W56/><G56/><T54/><D54/><U58/><E70/><V119/><F119/><W72/><G43/><T74/><D74/><U121/><E121/><V100/><F100/><W107/><G72/><T81/><D110/><U2/><E2/><N who="2" m="151" /><F111/><W55/><G107/><T112/><D112/><U128/><E128/><V47/><AGARI ba="1,0" hai="47,49,53,63,66,68,97,99,124,125,126" m="151" machi="47" ten="30,1500,0" yaku="18,1" doraHai="106" who="2" fromWho="2" sc="240,-6,220,-6,210,18,330,-6" /><INIT seed="2,2,0,0,1,87" ten="234,214,228,324" oya="2" hai0="27,85,48,129,93,66,7,100,97,127,79,134,70" hai1="71,15,130,91,10,41,39,122,124,21,59,84,5" hai2="19,53,114,25,56,47,75,121,52,54,24,83,65" hai3="42,38,104,4,55,62,23,8,118,46,88,14,57"/><V33/><F114/><W131/><G131/><T120/><D120/><U20/><E71/><V86/><F121/><W64/><G118/><T135/><D129/><U1/><E122/><V101/><F75/><W108/><G108/><T125/><D7/><U43/><E130/><V13/><F101/><W58/><G104/><N who="0" m="63503" /><D27/><U9/><E124/><N who="0" m="47689" /><D48/><U98/><E98/><V82/><F82/><W132/><G132/><N who="0" m="50731" /><D66/><U12/><E1/><V36/><F33/><W30/><G30/><T96/><D70/><U111/><E111/><V28/><F28/><W51/><G23/><N who="1" m="8778" /><E59/><V61/><F36/><W63/><G38/><T106/><D106/><U2/><E2/><V107/><F107/><W110/><G110/><T31/><D31/><U60/><E60/><V103/><F103/><W78/><G58/><T3/><D3/><U113/><E39/><V32/><F47/><W73/><G46/><T26/><D26/><U34/><E34/><V89/><F32/><W94/><G62/><T117/><D117/><U69/><E69/><V17/><F17/><W119/><G119/><T116/><D116/><U128/><E128/><V44/><F44/><W99/><G42/><T105/><D105/><U49/><E49/><V76/><F76/><W68/><G78/><T72/><D72/><U37/><E37/><V50/><F50/><W40/><G40/><T67/><D67/><U29/><E29/><V6/><F6/><W95/><G73/><T126/><N who="0" m="47697" /><T92/><DORA hai="74" /><D96/><U102/><E43/><V81/><F65/><W109/><G109/><T77/><D77/><U22/><E41/><RYUUKYOKU ba="2,0" sc="234,15,214,-15,228,-15,324,15" hai0="79,85,92,93" hai3="4,8,14,51,55,57,63,64,68,88,94,95,99" /><INIT seed="3,3,0,5,4,12" ten="249,199,213,339" oya="3" hai0="80,118,23,122,94,78,91,100,123,126,58,46,119" hai1="67,38,36,99,128,92,121,29,59,134,17,105,34" hai2="87,86,85,37,120,98,70,16,112,125,73,21,20" hai3="42,82,9,115,68,25,39,133,69,0,60,63,40"/><W62/><G115/><T32/><D32/><U96/><E121/><N who="0" m="46089" /><D23/><U110/><E110/><V114/><F73/><W10/><G133/><T104/><D58/><U71/><E128/><V81/><F120/><W117/><G117/><N who="0" m="44555" /><D46/><U103/><E134/><V3/><F125/><W127/><G127/><T72/><D126/><U54/><E71/><V88/><F70/><W22/><G39/><T116/><N who="0" m="44563" /><T18/><DORA hai="33" /><D18/><U52/><E67/><V101/><F37/><W47/><G47/><T132/><D132/><U49/><E29/><V84/><F21/><W61/><G61/><T27/><D27/><U113/><E113/><V107/><REACH who="2" step="1"/><F3/><REACH who="2" ten="249,199,203,339" step="2"/><W30/><G0/><T14/><D14/><AGARI ba="3,1" hai="14,16,20,81,84,85,86,87,88,98,101,107,112,114" machi="14" ten="40,12000,2" yaku="1,1,2,1,52,1,54,2,53,1" doraHai="12,33" doraHaiUra="19,129" who="2" fromWho="0" sc="249,-129,199,0,203,139,339,0" /><INIT seed="4,0,0,1,5,3" ten="120,199,342,339" oya="0" hai0="17,128,9,52,72,108,32,83,125,76,105,2,98" hai1="37,100,110,59,85,5,77,97,16,92,24,116,64" hai2="39,66,115,75,47,71,31,79,45,33,4,55,132" hai3="122,131,117,22,109,0,18,7,20,73,94,50,67"/><T8/><D32/><U29/><E110/><V54/><F115/><W133/><G109/><T56/><D108/><U23/><E116/><V69/><F132/><W95/><G117/><T42/><D42/><U114/><E37/><V91/><F79/><W113/><G113/><T30/><D128/><U27/><E114/><V103/><F75/><W102/><G73/><T93/><D105/><U101/><E5/><V120/><F4/><W43/><G22/><T44/><D44/><U65/><E101/><V87/><F103/><W70/><G20/><T51/><D125/><U62/><E65/><V41/><F120/><W21/><G94/><T38/><D38/><U78/><REACH who="1" step="1"/><E85/><REACH who="1" ten="120,189,342,339" step="2"/><V74/><F66/><W40/><G67/><T14/><D30/><U134/><E134/><V25/><F74/><W36/><G102/><T127/><D127/><U104/><E104/><V89/><F87/><W135/><G36/><T28/><D28/><U49/><E49/><V57/><F31/><W111/><G111/><T107/><D107/><U26/><E26/><V81/><F25/><W63/><G133/><T6/><REACH who="0" step="1"/><D98/><REACH who="0" ten="110,189,342,339" step="2"/><U53/><E53/><V106/><F55/><W96/><G96/><T99/><D99/><U13/><E13/><V126/><F54/><W129/><G135/><T10/><D10/><U35/><AGARI ba="0,2" hai="16,23,24,27,29,35,59,62,64,77,78,92,97,100" machi="35" ten="20,5200,0" yaku="1,1,0,1,7,1,54,1,53,0" doraHai="3" doraHaiUra="112" who="1" fromWho="1" sc="110,-26,189,72,342,-13,339,-13" /><INIT seed="5,0,0,2,5,74" ten="84,261,329,326" oya="1" hai0="40,6,70,3,96,100,71,125,57,44,130,11,73" hai1="50,8,53,110,135,89,97,85,131,120,86,41,23" hai2="17,119,132,82,45,13,38,65,88,127,47,121,76" hai3="101,61,63,124,78,19,22,9,102,75,7,103,51"/><U55/><E120/><V39/><F121/><W104/><G124/><T33/><D125/><U112/><E112/><V27/><F127/><W126/><G126/><T24/><D130/><U14/><E131/><V95/><F119/><W106/><G106/><T79/><D57/><U36/><E135/><V83/><F83/><W84/><G75/><T0/><D0/><U10/><E110/><V94/><F94/><W77/><G104/><T99/><D99/><U93/><E36/><V25/><F65/><W109/><G109/><T43/><D43/><U4/><E41/><V116/><F116/><W69/><G51/><T29/><D96/><U42/><E42/><V134/><F39/><W90/><G69/><T2/><D100/><U98/><E23/><V128/><F128/><W46/><G46/><N who="2" m="17417" /><F38/><W5/><G61/><T122/><D3/><U18/><E97/><N who="2" m="57575" /><F13/><N who="3" m="9583" /><G63/><T20/><D20/><U80/><E50/><V30/><F17/><W107/><G107/><T133/><D133/><N who="2" m="51306" /><F30/><W113/><G103/><T59/><D59/><U108/><E108/><V31/><F31/><W34/><G102/><T111/><D111/><U87/><REACH who="1" step="1"/><E80/><REACH who="1" ten="84,251,329,326" step="2"/><V49/><F49/><W105/><G105/><T15/><D122/><U115/><E115/><V54/><F54/><W91/><G113/><T58/><D58/><U92/><E92/><V28/><F28/><W16/><G34/><T72/><D72/><AGARI ba="0,1" hai="25,27,72,76,82" m="51306,57575,17417" machi="72" ten="30,3900,0" yaku="20,1,52,1,54,1" doraHai="74" who="2" fromWho="0" sc="84,-39,251,0,329,49,326,0" /><INIT seed="6,0,0,4,2,48" ten="45,251,378,326" oya="2" hai0="56,114,9,2,15,40,102,23,18,82,74,80,31" hai1="57,11,30,86,104,64,120,62,20,111,22,90,49" hai2="116,52,112,108,118,58,65,8,84,78,3,96,73" hai3="72,103,69,81,50,42,71,100,94,125,66,19,16"/><V79/><F65/><W89/><G125/><T132/><D114/><U95/><E111/><V134/><F112/><W83/><G42/><T129/><D132/><U128/><E104/><V14/><F3/><W27/><G50/><T92/><D129/><U38/><E38/><V115/><F115/><W7/><G7/><T123/><D123/><U0/><E128/><V91/><F73/><W130/><G130/><T12/><D74/><U5/><E120/><V34/><F34/><W1/><G1/><T24/><D40/><U122/><E122/><V63/><F134/><W44/><G44/><T87/><D2/><U26/><E49/><V101/><F108/><W28/><G28/><T113/><D113/><U133/><REACH who="1" step="1"/><E133/><REACH who="1" ten="45,241,378,326" step="2"/><V35/><F118/><W21/><G71/><T29/><D29/><U119/><E119/><V32/><F116/><W55/><G69/><T98/><D12/><U51/><E51/><V117/><F117/><W135/><G135/><T131/><D131/><U99/><E99/><V85/><F96/><W68/><G68/><T39/><D39/><U6/><E6/><V88/><F101/><W106/><G100/><T25/><D25/><U109/><E109/><V36/><F36/><W67/><G103/><T59/><REACH who="0" step="1"/><D82/><REACH who="0" ten="35,241,378,326" step="2"/><U110/><E110/><V76/><F76/><AGARI ba="0,2" hai="9,15,18,23,24,31,56,59,76,80,87,92,98,102" machi="76" ten="30,7700,0" yaku="1,1,2,1,7,1,8,1,53,0" doraHai="48" doraHaiUra="127" who="0" fromWho="2" sc="35,97,241,0,378,-77,326,0" /><INIT seed="7,0,0,1,0,100" ten="132,241,301,326" oya="3" hai0="12,4,51,99,94,40,83,3,14,16,61,62,84" hai1="112,110,131,93,114,130,86,50,64,17,95,43,60" hai2="11,128,67,117,23,52,54,98,111,37,5,115,85" hai3="53,121,32,104,66,7,82,24,33,20,97,65,68"/><W106/><G121/><T8/><D3/><U48/><E86/><V41/><F111/><W44/><G7/><T9/><D94/><U58/><E95/><V135/><F117/><W1/><G1/><T81/><D99/><U34/><E17/><V122/><F122/><W22/><G82/><T0/><D83/><U56/><E34/><V120/><F120/><W75/><G75/><T127/><D127/><U6/><E6/><V73/><F73/><W13/><G13/><T108/><D0/><U125/><E93/><V72/><F72/><W59/><G44/><T30/><D30/><U79/><E79/><V39/><F39/><W103/><G68/><T31/><D31/><U55/><E110/><V118/><F118/><W27/><G53/><N who="2" m="20585" /><F67/><W45/><G45/><T113/><D113/><N who="1" m="43627" /><E125/><V47/><F115/><W102/><G59/><T69/><D69/><U28/><E28/><V89/><F98/><AGARI ba="0,0" hai="20,22,24,27,32,33,65,66,97,98,102,103,104,106" machi="98" ten="25,9600,0" yaku="22,2,52,2" doraHai="100" who="3" fromWho="2" sc="132,0,241,0,301,-96,326,96" owari="132,-37.0,241,4.0,205,-19.0,422,52.0" /></mjloggm>