<mjloggm ver="2.3"><GO type="169" lobby="0"/><UN n0="%E3%83%88%E3%83%88%E3%83%AA%E5%85%88%E7%94%9F%31%39%E6%AD%B3" n1="%E3%83%A8%E3%82%B3%E3%83%A8%E3%82%B3" n2="%E3%82%A4%E3%83%81%E3%83%AD%E3%82%AF%E3%82%B6%E3%83%B3%E3%83%8B" n3="%E3%82%B9%E3%82%B1%E3%83%BC%E3%82%BF%E3%83%BC" dan="19,16,17,16" rate="2286.46,2109.93,2186.14,2162.45" sx="F,M,M,M"/><TAIKYOKU oya="0"/><INIT seed="0,0,0,1,2,123" ten="250,250,250,250" oya="0" hai0="89,131,81,35,66,122,34,47,42,128,61,94,55" hai1="93,2,121,29,0,52,86,111,19,103,82,60,116" hai2="125,51,70,40,75,100,65,24,4,48,28,8,33" hai3="79,91,9,106,58,92,102,78,56,112,108,59,120"/><T105/><D122/><U20/><E121/><V27/><F125/><W1/><G120/><T99/><D105/><U53/><E116/><V21/><F75/><W114/><G106/><T46/><D55/><U133/><E133/><V110/><F100/><W62/><G102/><T31/><D81/><U36/><E36/><V50/><F70/><W45/><G62/><T119/><D119/><U64/><E29/><V135/><F65/><W10/><G45/><T74/><D74/><U72/><E72/><V25/><F135/><W101/><G101/><T97/><D97/><U107/><E107/><V124/><F124/><W32/><G32/><T63/><D63/><U68/><E103/><V96/><F96/><W16/><G1/><T118/><D118/><U88/><E82/><V54/><F40/><W109/><G16/><T18/><D18/><U23/><E111/><N who="3" m="42570" /><G79/><T3/><D3/><U80/><E0/><V129/><F129/><N who="0" m="49738" /><D31/><U41/><E2/><V126/><F126/><W85/><G78/><T77/><D77/><U130/><E41/><V84/><F84/><W30/><G30/><T26/><D26/><U83/><E130/><V5/><F110/><W113/><AGARI ba="0,0" hai="9,10,56,58,59,85,91,92,112,113,114" m="42570" machi="113" ten="40,8000,1" yaku="14,1,52,3" doraHai="123" who="3" fromWho="3" sc="250,-40,250,-20,250,-20,250,80" /><INIT seed="1,0,0,2,5,35" ten="210,230,230,330" oya="1" hai0="118,10,94,58,73,100,31,106,15,107,70,96,132" hai1="0,135,16,125,43,25,28,134,88,78,75,93,124" hai2="123,112,33,99,17,59,105,68,90,61,32,48,104" hai3="69,27,19,8,89,11,109,91,47,87,54,20,80"/><U122/><E122/><V12/><F123/><W14/><G109/><T85/><D118/><U97/><E43/><V41/><F68/><W4/><G69/><T108/><D70/><U55/><E55/><V51/><F112/><W130/><G130/><T82/><D108/><U1/><E16/><V18/><F33/><W36/><G36/><T67/><D132/><N who="1" m="50731" /><E78/><V86/><F32/><W84/><G11/><T126/><D31/><U57/><E57/><V102/><F105/><W128/><G128/><T66/><D58/><U26/><E75/><V95/><F41/><W22/><G22/><T37/><D37/><U21/><E26/><V83/><F104/><W6/><G54/><T77/><D107/><U103/><E103/><V2/><F18/><W5/><REACH who="3" step="1"/><G47/><REACH who="3" ten="210,230,230,320" step="2"/><T52/><D52/><U7/><E7/><V114/><F114/><W133/><G133/><T23/><D66/><U13/><E13/><V60/><F12/><W56/><G56/><T92/><D67/><U65/><E65/><V45/><F59/><W46/><G46/><T38/><D38/><U113/><E113/><V24/><F45/><W121/><G121/><T111/><D111/><U120/><E120/><V62/><F51/><W74/><G74/><T131/><D73/><U50/><E50/><V129/><F48/><W42/><G42/><T101/><D15/><U110/><E110/><V71/><F71/><W64/><G64/><T116/><D131/><U9/><E9/><V3/><F129/><W39/><G39/><T34/><D10/><U117/><E117/><V127/><F61/><W98/><G98/><RYUUKYOKU ba="0,1" sc="210,-15,230,15,230,-15,320,15" hai1="0,1,21,25,28,88,93,97,124,125" hai3="4,5,6,8,14,19,20,27,80,84,87,89,91" /><INIT seed="1,1,1,4,5,60" ten="195,245,215,335" oya="1" hai0="53,121,41,132,8,6,130,50,62,37,27,59,131" hai1="105,106,47,54,11,71,35,107,103,135,31,91,93" hai2="21,118,9,112,78,58,73,45,1,82,56,16,25" hai3="34,79,14,97,127,2,102,116,104,122,64,19,101"/><U66/><E135/><V74/><F118/><W10/><G122/><T46/><D132/><U5/><E103/><V84/><F112/><W76/><G127/><T75/><D121/><U83/><E83/><V123/><F123/><W38/><G38/><T61/><D75/><U100/><E100/><V94/><F94/><W40/><G40/><T108/><D27/><U29/><E35/><V69/><F69/><W44/><G44/><T92/><D92/><U81/><E81/><V96/><F96/><W129/><G129/><N who="0" m="49163" /><D108/><U70/><E47/><V43/><F84/><W7/><G116/><T134/><D134/><U117/><E54/><V24/><F24/><W17/><G17/><T28/><D28/><U22/><E117/><V51/><REACH who="2" step="1"/><F74/><REACH who="2" ten="195,245,205,335" step="2"/><W33/><G97/><T89/><D89/><U4/><E71/><V3/><F3/><AGARI ba="1,2" hai="3,6,8,37,41,46,50,53,59,61,62" m="49163" machi="3" ten="30,1000,0" yaku="19,1" doraHai="60" who="0" fromWho="2" sc="195,33,245,0,205,-13,335,0" /><INIT seed="2,0,0,0,4,25" ten="228,245,192,335" oya="2" hai0="3,32,94,87,115,83,124,60,77,29,114,70,95" hai1="49,89,74,2,11,4,62,67,1,71,22,131,64" hai2="125,46,53,18,112,133,127,42,121,132,21,107,28" hai3="12,35,45,33,109,92,91,122,15,31,55,19,54"/><V88/><F112/><W73/><G122/><T135/><D3/><U66/><E1/><V43/><F121/><W34/><G73/><T10/><D135/><N who="2" m="51786" /><F107/><W130/><G109/><T84/><D124/><N who="2" m="47690" /><F88/><W116/><G116/><T78/><D10/><U51/><E131/><V38/><F53/><W134/><G55/><T39/><D95/><U72/><E49/><V36/><F28/><W128/><G31/><T100/><D114/><U120/><E120/><V75/><F75/><W110/><G54/><T26/><D115/><U48/><E74/><V23/><F18/><W102/><G19/><T40/><D100/><U113/><E113/><V82/><F82/><W81/><G91/><T52/><D94/><U101/><E72/><V106/><F106/><W80/><G102/><T63/><D87/><U90/><E101/><V24/><F24/><W6/><G92/><T93/><D93/><U96/><E90/><V108/><F108/><W50/><G81/><T59/><D84/><U44/><E89/><V97/><F97/><W47/><G80/><T30/><D30/><U14/><E96/><V27/><F27/><W68/><G110/><T104/><D104/><U76/><E76/><V16/><F16/><W79/><G79/><T111/><D111/><U105/><E105/><V61/><F61/><W98/><G98/><T57/><D83/><U118/><E62/><V85/><F85/><W37/><G134/><T103/><D103/><U126/><E126/><V0/><F0/><W5/><G5/><T65/><D59/><U58/><E58/><V20/><F38/><W56/><G37/><RYUUKYOKU ba="0,0" sc="228,15,245,-15,192,15,335,-15" hai0="26,29,32,39,40,52,57,60,63,65,70,77,78" hai2="20,21,23,36,42,43,46" /><INIT seed="2,1,0,0,3,13" ten="243,230,207,320" oya="2" hai0="105,23,117,21,120,128,108,4,113,111,133,61,58" hai1="60,44,2,109,123,129,107,43,102,134,51,1,45" hai2="118,18,63,135,19,125,126,86,94,10,11,28,64" hai3="7,100,80,72,24,95,114,39,31,42,26,17,116"/><V96/><F118/><W29/><G116/><T98/><D117/><U32/><E32/><V66/><F135/><W124/><G124/><N who="2" m="47721" /><F28/><W62/><G114/><T70/><D113/><U127/><E127/><V35/><F35/><W59/><G7/><T37/><D120/><U103/><E134/><V33/><F33/><W52/><G39/><T112/><D112/><U5/><E123/><V55/><F55/><W92/><G72/><T3/><D70/><U27/><E109/><N who="0" m="42057" /><D37/><U132/><E129/><V119/><F86/><W69/><G69/><T20/><D133/><U8/><E132/><V97/><F119/><W74/><G74/><T85/><D128/><U71/><E1/><V49/><F49/><W104/><G42/><T110/><D110/><U77/><E107/><V9/><F97/><N who="3" m="59455" /><G31/><T65/><D85/><U46/><E44/><V56/><F66/><W25/><G29/><T90/><D4/><U88/><E45/><V54/><F64/><W93/><G104/><T12/><D3/><U81/><E2/><V75/><F75/><W15/><G80/><T79/><D79/><U99/><E5/><V57/><F57/><W130/><G130/><T82/><D105/><U47/><E77/><V68/><F68/><W41/><G41/><T34/><D34/><U6/><E43/><V67/><F67/><W106/><G106/><T87/><D98/><U22/><E6/><V0/><F0/><W30/><G30/><T36/><D36/><U84/><E71/><V50/><F63/><W115/><G115/><T91/><D91/><AGARI ba="1,0" hai="9,10,11,18,19,50,54,56,91,94,96" m="47721" machi="91" ten="30,5800,0" yaku="18,1,52,2" doraHai="13" who="2" fromWho="0" sc="243,-61,230,0,207,61,320,0" /><INIT seed="2,2,0,1,0,116" ten="182,230,268,320" oya="2" hai0="99,17,65,84,41,121,127,123,101,7,130,35,1" hai1="112,54,113,118,79,9,14,27,11,100,40,111,105" hai2="19,76,38,131,92,126,103,36,72,129,26,32,4" hai3="120,135,46,51,95,0,8,31,3,20,96,16,23"/><V98/><F126/><W109/><G109/><T115/><D115/><U57/><E118/><V56/><F4/><W66/><G135/><T117/><D117/><U87/><E111/><V74/><F56/><W64/><G120/><N who="0" m="46155" /><D84/><U94/><E40/><V85/><F85/><W68/><G68/><T110/><D17/><U45/><E105/><V47/><F47/><W21/><G31/><T5/><D110/><U10/><E45/><V34/><F19/><W15/><G3/><T89/><D89/><U88/><E100/><V43/><F43/><N who="3" m="25055" /><G0/><T122/><D41/><U97/><E27/><V119/><F119/><W24/><G24/><T22/><D22/><U44/><E44/><V25/><F92/><W12/><G15/><T59/><D122/><U48/><REACH who="1" step="1"/><E14/><REACH who="1" ten="182,220,268,320" step="2"/><V49/><F103/><AGARI ba="2,1" hai="8,12,16,20,21,23,64,66,95,96,103" m="25055" machi="103" ten="30,2000,0" yaku="8,1,54,1" doraHai="116" who="3" fromWho="2" sc="182,0,220,0,268,-26,320,36" /><INIT seed="3,0,0,4,5,102" ten="182,220,242,356" oya="3" hai0="35,64,9,109,67,77,32,81,61,110,120,22,25" hai1="3,133,62,127,51,132,31,65,16,89,19,41,42" hai2="134,7,128,88,101,83,8,55,2,11,130,124,44" hai3="60,20,118,103,45,54,86,126,123,115,29,69,131"/><W71/><G123/><T72/><D120/><U18/><E127/><V66/><F124/><W119/><G115/><T95/><D9/><U80/><E3/><V107/><F66/><W30/><G126/><T104/><D67/><U56/><E31/><V33/><F33/><W70/><G131/><N who="2" m="50217" /><F134/><N who="1" m="51817" /><E51/><N who="2" m="29159" /><F11/><W34/><G34/><T98/><D95/><U48/><E48/><V94/><F83/><W21/><G45/><T105/><D35/><U59/><E59/><V13/><F101/><W125/><G103/><T46/><D98/><U96/><E96/><N who="2" m="57415" /><F13/><W58/><G125/><T28/><D46/><U97/><E97/><V90/><F90/><W63/><G71/><N who="0" m="42383" /><D22/><U91/><E91/><V82/><F82/><W15/><G21/><T93/><D93/><U52/><E65/><V79/><F79/><W92/><G20/><T5/><D5/><U53/><E53/><V23/><F23/><W75/><G92/><T26/><D26/><U117/><E117/><V10/><F10/><W76/><G54/><T113/><D113/><U37/><E37/><V78/><F78/><W129/><G119/><T40/><D40/><U4/><E4/><V111/><F111/><AGARI ba="0,0" hai="25,28,32,72,77,81,104,105,109,110,111" m="42383" machi="111" ten="30,7700,0" yaku="14,1,23,1,52,2" doraHai="102" who="0" fromWho="2" sc="182,77,220,0,242,-77,356,0" /><INIT seed="4,0,0,0,3,117" ten="259,220,165,356" oya="0" hai0="46,27,88,127,129,65,114,80,7,4,131,25,75" hai1="55,11,133,40,64,94,12,100,76,111,19,70,52" hai2="130,24,132,63,74,10,28,98,89,2,126,22,56" hai3="122,97,16,59,39,115,72,71,42,0,50,109,101"/><T13/><D114/><U121/><E111/><V1/><F74/><W35/><G109/><T105/><D105/><U99/><E133/><V21/><F132/><W110/><G110/><T9/><D127/><U43/><E121/><V78/><F78/><W26/><G71/><T32/><D65/><U37/><E76/><V73/><F73/><W83/><G0/><T49/><D7/><U92/><E94/><V96/><F126/><W124/><G39/><T51/><D75/><U61/><REACH who="1" step="1"/><E37/><REACH who="1" ten="259,210,165,356" step="2"/><V34/><F130/><N who="0" m="49674" /><D32/><U118/><E118/><V106/><F106/><W84/><G35/><T79/><D79/><U33/><E33/><V107/><F107/><W62/><G124/><T128/><D128/><U29/><E29/><V116/><F116/><W86/><G72/><T135/><D135/><U41/><AGARI ba="0,1" hai="11,12,19,40,41,43,52,55,61,64,70,92,99,100" machi="41" ten="30,7900,0" yaku="1,1,0,1,54,1,53,1" doraHai="117" doraHaiUra="5" who="1" fromWho="1" sc="259,-39,210,89,165,-20,356,-20" /><INIT seed="5,0,0,3,2,84" ten="220,299,145,336" oya="1" hai0="100,88,1,131,40,23,5,99,122,21,94,125,134" hai1="14,78,76,8,69,43,135,112,111,80,127,55,46" hai2="113,17,38,91,50,60,25,15,6,109,82,81,16" hai3="42,41,108,33,62,45,59,39,130,37,101,66,22"/><U95/><E69/><V53/><F109/><W63/><G33/><T35/><D35/><U64/><E64/><V68/><F38/><W102/><G108/><T79/><D131/><U73/><E111/><V54/><F113/><W97/><G130/><T115/><D115/><U126/><E112/><V132/><F132/><W24/><G63/><T2/><D134/><U56/><E135/><V129/><F129/><W47/><REACH who="3" step="1"/><G97/><REACH who="3" ten="220,299,145,326" step="2"/><T29/><D99/><U71/><E127/><V128/><F128/><W74/><G74/><T44/><D125/><U32/><E32/><V7/><F68/><W121/><G121/><T20/><D122/><U49/><E126/><V104/><F60/><W93/><G93/><T26/><D94/><U18/><E95/><V65/><F104/><W124/><G124/><T11/><D1/><U87/><E71/><V75/><F75/><W123/><G123/><T72/><D72/><U92/><E92/><V107/><F107/><W90/><G90/><T96/><D88/><N who="1" m="51303" /><E73/><V83/><F65/><W70/><G70/><T86/><D96/><U89/><E89/><V36/><F91/><W77/><G77/><T120/><D120/><U9/><E9/><V52/><F36/><W27/><G27/><T10/><D10/><U28/><E28/><AGARI ba="0,1" hai="22,24,28,37,39,41,42,45,47,59,62,66,101,102" machi="28" ten="30,3900,0" yaku="1,1,7,1,9,1,53,0" doraHai="84" doraHaiUra="114" who="3" fromWho="1" sc="220,0,299,-39,145,0,326,49" /><INIT seed="6,0,0,4,3,6" ten="220,260,145,375" oya="2" hai0="51,45,44,110,81,116,93,65,41,25,36,19,4" hai1="111,0,76,132,20,53,66,21,3,102,32,2,79" hai2="56,127,119,86,63,28,55,92,46,15,130,109,120" hai3="74,80,75,16,117,64,12,59,97,48,35,112,72"/><V71/><F119/><W85/><G35/><T57/><D110/><U33/><E111/><V90/><F120/><W42/><G117/><T29/><D116/><U124/><E66/><V91/><F109/><W77/><G112/><T135/><D135/><U95/><E132/><V104/><F104/><W23/><G97/><T103/><D19/><U89/><E124/><V58/><F127/><W94/><G42/><T69/><D69/><U50/><E102/><V1/><F1/><W52/><G64/><T100/><D93/><U24/><E32/><V108/><F108/><W11/><G94/><T114/><D114/><U60/><E33/><V113/><F113/><W88/><G77/><T40/><D81/><U54/><E60/><N who="2" m="35871" /><F71/><W105/><G105/><T38/><D4/><U128/><E128/><V87/><F130/><W70/><G70/><T5/><D5/><U22/><E24/><V99/><F28/><W27/><G75/><T18/><D18/><AGARI ba="0,0" hai="11,12,16,18,23,27,48,52,59,72,74,80,85,88" machi="18" ten="30,8000,1" yaku="7,1,52,1,54,3" doraHai="6" who="3" fromWho="0" sc="220,-80,260,0,145,0,375,80" /><INIT seed="7,0,0,2,3,56" ten="140,260,145,455" oya="3" hai0="65,43,10,131,26,18,76,81,25,118,36,134,78" hai1="21,132,77,80,88,111,1,79,109,8,35,123,13" hai2="37,98,73,117,99,100,2,48,62,74,29,11,112" hai3="40,49,90,120,53,106,67,34,23,127,20,107,47"/><W87/><G34/><T22/><D118/><U5/><E88/><V72/><F37/><W84/><G120/><T103/><D131/><U45/><E21/><V42/><F117/><W124/><G67/><T68/><D134/><U51/><E13/><V86/><F29/><W91/><G53/><T101/><D36/><U69/><E51/><V0/><F112/><W128/><G128/><T24/><D43/><U92/><E45/><V129/><F129/><W121/><G121/><T50/><D68/><U12/><E92/><V33/><F33/><W17/><G17/><T71/><D71/><U102/><E79/><N who="0" m="30249" /><D81/><U39/><E102/><N who="0" m="38921" /><D65/><U135/><E69/><V133/><F133/><W6/><G40/><T32/><D32/><U95/><E39/><V85/><F62/><W59/><G47/><T14/><D50/><U116/><E35/><V54/><F42/><W28/><G49/><T60/><D60/><U113/><E116/><V38/><F38/><W30/><G59/><T3/><D3/><N who="2" m="1066" /><F11/><AGARI ba="0,0" hai="10,11,14,18,22,24,25,26" m="38921,30249" machi="11" ten="30,1000,0" yaku="8,1" doraHai="56" who="0" fromWho="2" sc="140,10,260,0,145,-10,455,0" owari="150,-25.0,260,6.0,135,-36.0,455,55.0" /></mjloggm>