<mjloggm ver="2.3"><GO type="169" lobby="0"/><UN n0="%E6%AD%A6%E5%89%87%E8%BC%9D%E6%B5%B7" n1="%E4%BF%A1%E6%BF%83%E3%81%AE%E8%8D%92%E6%B3%95%E5%B8%AB" n2="%E3%82%A6%E3%83%AB%E3%83%88%E3%83%A9%E7%AB%8B%E7%9B%B4" n3="%41%6D%69%63%68%61%6E" dan="18,17,18,16" rate="2235.44,2155.66,2243.08,2088.47" sx="M,M,M,F"/><TAIKYOKU oya="0"/><INIT seed="0,0,0,5,1,19" ten="250,250,250,250" oya="0" hai0="72,21,13,95,91,77,26,65,114,58,89,88,17" hai1="130,27,61,16,42,79,36,45,66,39,9,29,54" hai2="121,71,93,87,56,44,3,22,6,70,53,108,51" hai3="85,62,104,31,90,68,101,15,115,100,122,35,128"/><T86/><D114/><U97/><E130/><V67/><F121/><W125/><G115/><T18/><D72/><U92/><E79/><V78/><F108/><W117/><G117/><T38/><D38/><U47/><E54/><V64/><F6/><W2/><G2/><T48/><D77/><U84/><E84/><V24/><F3/><W50/><G128/><T102/><D102/><U32/><E9/><V96/><F70/><W109/><G122/><T41/><D41/><U1/><E1/><V76/><F71/><W123/><G123/><T40/><D40/><U73/><E73/><V75/><F75/><W135/><G50/><T63/><D48/><U103/><E45/><V23/><F78/><W0/><G0/><T105/><D105/><U11/><E39/><V112/><F112/><W14/><G101/><T49/><D49/><U83/><E83/><N who="2" m="47591" /><F24/><N who="3" m="18919" /><G109/><T20/><AGARI ba="0,0" hai="13,17,18,20,21,26,58,63,65,86,88,89,91,95" machi="20" ten="20,18000,2" yaku="0,1,7,1,8,1,52,2,54,1" doraHai="19" who="0" fromWho="0" sc="250,180,250,-60,250,-60,250,-60" /><INIT seed="0,1,0,3,4,121" ten="430,190,190,190" oya="0" hai0="133,1,54,130,87,90,65,57,134,34,21,110,83" hai1="60,7,48,71,118,26,63,86,15,68,47,111,94" hai2="117,11,13,99,116,114,10,41,64,24,92,109,89" hai3="59,80,70,20,35,56,91,49,135,124,16,103,122"/><T107/><D34/><U23/><E118/><N who="2" m="45675" /><F114/><W12/><G122/><T19/><D1/><U82/><E94/><V36/><F64/><W95/><G135/><N who="0" m="51723" /><D107/><U75/><E75/><V102/><F109/><W77/><G70/><T69/><D65/><U66/><E111/><V32/><F41/><W74/><G124/><T129/><D69/><U67/><E15/><V40/><F40/><W97/><G35/><T27/><D110/><U132/><E7/><V120/><F36/><W43/><G43/><T42/><D42/><U113/><E132/><V25/><F120/><W76/><G76/><T101/><D101/><U84/><E113/><V31/><F25/><W73/><G73/><T22/><D21/><U81/><E48/><AGARI ba="1,0" hai="19,22,27,48,54,57,83,87,90,129,130" m="51723" machi="48" ten="30,1500,0" yaku="20,1" doraHai="121" who="0" fromWho="1" sc="430,18,190,-18,190,0,190,0" /><INIT seed="0,2,0,5,0,8" ten="448,172,190,190" oya="0" hai0="118,11,101,88,50,134,85,127,95,3,57,31,135" hai1="94,65,5,21,72,87,90,52,110,89,96,124,100" hai2="68,116,48,108,77,49,114,39,64,80,62,86,0" hai3="132,126,63,61,111,30,123,10,23,37,102,47,45"/><T60/><D118/><U43/><E72/><V75/><F114/><W2/><G123/><T17/><D127/><U56/><E110/><V27/><F108/><W12/><G126/><T81/><D31/><U26/><E124/><V53/><F116/><W104/><G132/><N who="0" m="50731" /><D50/><U9/><E65/><V40/><F0/><W42/><G111/><T103/><D81/><U71/><E71/><V78/><F27/><W51/><G2/><T97/><D85/><U16/><E43/><V76/><F49/><W55/><G104/><T25/><D3/><U91/><E87/><V106/><F106/><W125/><G125/><T22/><D11/><U79/><E79/><V99/><F99/><W67/><G102/><T19/><D19/><U131/><E131/><V98/><F98/><W73/><G73/><T74/><D74/><U24/><E24/><V115/><F115/><W18/><REACH who="3" step="1"/><G67/><AGARI ba="2,0" hai="17,22,25,57,60,67,88,95,97,101,103" m="50731" machi="67" ten="30,2900,0" yaku="20,1,54,1" doraHai="8" who="0" fromWho="3" sc="448,35,172,0,190,0,190,-35" /><INIT seed="0,3,0,1,4,55" ten="483,172,190,155" oya="0" hai0="84,85,32,46,57,44,129,42,88,68,109,53,131" hai1="86,69,35,30,74,99,28,103,124,65,121,118,76" hai2="110,16,70,31,123,111,80,64,36,23,95,101,78" hai3="117,79,104,34,52,98,54,40,61,119,8,71,127"/><T108/><D32/><U114/><E86/><V94/><F36/><W89/><G34/><T27/><D27/><U4/><E4/><V19/><F123/><W51/><G79/><T38/><D84/><U97/><E97/><V49/><F70/><W100/><G127/><T45/><D68/><U63/><E28/><V0/><F0/><W105/><G105/><T26/><D26/><U67/><E67/><V120/><F120/><W18/><G89/><T83/><D42/><U58/><E121/><V90/><F64/><W39/><G54/><T21/><D21/><U116/><E114/><V22/><F101/><W102/><G102/><T9/><D9/><U1/><E1/><V128/><F128/><N who="0" m="49226" /><D38/><U12/><E69/><V41/><F23/><W17/><G8/><T112/><D112/><U87/><E87/><V13/><F22/><W91/><G18/><T93/><D83/><U47/><E30/><V125/><F31/><W59/><G17/><T122/><D122/><U134/><E35/><V126/><F19/><W82/><G82/><T60/><AGARI ba="3,0" hai="44,45,46,53,57,60,85,88,93,108,109" m="49226" machi="60" ten="40,7800,0" yaku="19,1,52,1,54,1" doraHai="55" who="0" fromWho="0" sc="483,87,172,-29,190,-29,155,-29" /><INIT seed="0,4,0,2,2,92" ten="570,143,161,126" oya="0" hai0="118,63,4,94,101,66,12,73,38,104,68,19,87" hai1="10,33,133,49,102,98,117,120,54,72,96,53,91" hai2="11,67,14,1,61,34,106,116,75,30,5,55,97" hai3="3,62,28,43,8,24,51,78,57,20,44,52,37"/><T129/><D38/><U83/><E117/><V15/><F55/><W86/><G3/><T112/><D112/><U93/><E120/><V114/><F116/><W132/><G132/><T13/><D73/><U108/><E33/><V18/><F114/><W99/><G99/><T90/><D118/><U35/><E35/><V2/><F75/><W124/><G124/><T31/><D129/><U109/><E133/><V29/><F29/><W9/><REACH who="3" step="1"/><G37/><REACH who="3" ten="570,143,161,116" step="2"/><T69/><D69/><U27/><E98/><V65/><F97/><W134/><G134/><T50/><D68/><U82/><E102/><V23/><F106/><W47/><G47/><T85/><D104/><U128/><E128/><V42/><F2/><W111/><G111/><T56/><D101/><U89/><E108/><V60/><F1/><W32/><G32/><T103/><D103/><U48/><E109/><V40/><F34/><W45/><G45/><T113/><D113/><U6/><E96/><V46/><F46/><W81/><AGARI ba="4,1" hai="8,9,20,24,28,43,44,51,52,57,62,78,81,86" machi="81" ten="30,8000,1" yaku="1,1,0,1,8,1,54,1,53,1" doraHai="92" doraHaiUra="77" who="3" fromWho="3" sc="570,-44,143,-24,161,-24,116,102" /><INIT seed="1,0,0,0,2,16" ten="526,119,137,218" oya="1" hai0="47,69,50,99,34,84,98,78,29,23,66,35,104" hai1="26,32,125,116,15,130,117,73,62,76,93,134,112" hai2="113,40,21,74,91,122,118,109,52,64,31,95,8" hai3="77,37,87,82,114,27,5,7,46,0,88,48,39"/><U96/><E112/><V101/><F118/><W127/><G127/><T17/><D69/><U100/><E125/><V11/><F122/><W43/><G114/><T126/><D66/><U102/><E130/><V103/><F74/><W83/><G27/><T54/><D126/><U14/><E134/><V71/><F71/><W65/><G65/><T129/><D129/><U120/><E120/><V90/><F64/><W20/><G20/><T61/><D61/><U115/><E115/><V94/><F40/><W41/><G41/><T38/><D38/><U79/><E62/><V45/><F113/><W55/><G55/><T53/><D29/><U58/><E58/><V56/><F45/><W30/><G30/><T42/><D35/><U25/><E73/><V59/><F109/><W135/><G135/><T107/><D34/><U67/><E67/><V6/><F6/><W24/><G24/><N who="1" m="9322" /><E32/><V3/><F31/><W121/><G121/><T9/><D107/><U4/><E102/><V81/><F3/><W18/><G0/><T133/><D133/><U19/><E4/><V132/><F132/><W72/><G18/><T60/><D104/><U128/><E128/><V131/><F131/><W85/><G72/><T10/><D60/><U36/><E36/><V28/><F28/><W123/><G123/><T108/><D108/><U92/><E92/><V13/><F94/><W51/><G39/><T22/><D50/><U57/><E57/><V33/><F59/><W119/><G119/><N who="1" m="45642" /><E19/><N who="2" m="10479" /><F33/><W68/><G68/><T111/><D111/><U12/><E93/><V105/><F95/><W63/><G63/><RYUUKYOKU ba="0,0" sc="526,-15,119,15,137,-15,218,15" hai1="12,14,15,76,79,96,100" hai3="5,7,37,43,46,48,51,77,82,83,85,87,88" /><INIT seed="1,1,0,1,5,73" ten="511,134,122,233" oya="1" hai0="120,88,56,111,101,40,135,110,9,74,100,70,50" hai1="38,59,61,129,78,8,49,94,44,105,24,47,12" hai2="36,17,87,3,93,66,76,32,43,7,1,23,122" hai3="67,98,83,107,13,85,90,58,2,16,126,99,10"/><U103/><E105/><V79/><F122/><W104/><G126/><T68/><D74/><U42/><E129/><V113/><F36/><W6/><G104/><T25/><D135/><U15/><E24/><V30/><F43/><W69/><G69/><T130/><D130/><U11/><E103/><V5/><F1/><W41/><G41/><T20/><D120/><U18/><E94/><V102/><F113/><W89/><G107/><T35/><D35/><U14/><E78/><N who="2" m="29739" /><F32/><W97/><G67/><T123/><D9/><N who="1" m="3659" /><E38/><V65/><F30/><W55/><G2/><T64/><D123/><U54/><E47/><V21/><F3/><W77/><G6/><N who="2" m="2057" /><F23/><AGARI ba="1,0" hai="12,14,15,18,23,42,44,49,54,59,61" m="3659" machi="23" ten="30,1500,0" yaku="8,1" doraHai="73" who="1" fromWho="2" sc="511,0,134,18,122,-18,233,0" /><INIT seed="1,2,0,0,0,26" ten="511,152,104,233" oya="1" hai0="115,2,102,111,23,117,60,66,135,47,28,73,105" hai1="99,88,5,59,7,30,91,24,64,128,86,58,13" hai2="31,80,69,110,39,46,92,15,119,89,127,75,50" hai3="0,96,97,103,55,44,38,35,93,95,16,104,29"/><U118/><E118/><V51/><F119/><W34/><G0/><T134/><D117/><U109/><E128/><V78/><F69/><W132/><G132/><T19/><D73/><U133/><E133/><V126/><F110/><W71/><G71/><T8/><D111/><U36/><E36/><V43/><F15/><W49/><G38/><T124/><D115/><U85/><E99/><V76/><F76/><W1/><G1/><T56/><D124/><N who="2" m="47658" /><F31/><W113/><G113/><T10/><D28/><U79/><E79/><V62/><F62/><W17/><G104/><T130/><D130/><U122/><E109/><V33/><F33/><W83/><G83/><T40/><D105/><U70/><E70/><V52/><F52/><W45/><G45/><T94/><D2/><U6/><E13/><V53/><F53/><W108/><G108/><T74/><D74/><U120/><E30/><V129/><F129/><W101/><G35/><T32/><D32/><U21/><E24/><AGARI ba="2,0" hai="16,17,24,29,34,44,49,55,93,95,96,97,101,103" machi="24" ten="40,5200,0" yaku="9,1,52,1,54,1" doraHai="26" who="3" fromWho="1" sc="511,0,152,-58,104,0,233,58" /><INIT seed="2,0,0,3,1,92" ten="511,94,104,291" oya="2" hai0="59,135,114,78,24,77,18,49,116,20,68,53,65" hai1="37,52,33,32,91,81,10,73,63,51,110,61,94" hai2="125,85,8,89,120,128,41,84,40,108,88,43,101" hai3="127,35,123,71,30,79,83,0,69,23,118,6,86"/><V19/><F120/><W50/><G50/><T57/><D114/><U22/><E37/><V96/><F128/><W38/><G38/><T13/><D68/><U100/><E100/><V72/><F72/><W70/><G123/><T76/><D135/><U87/><E110/><V97/><F108/><W12/><G118/><T26/><D116/><U66/><E22/><V104/><F125/><W102/><G127/><T133/><D133/><U90/><E10/><V130/><F130/><W7/><G0/><T99/><REACH who="0" step="1"/><D99/><REACH who="0" ten="501,94,104,291" step="2"/><N who="2" m="37962" /><F104/><W106/><G106/><T60/><AGARI ba="0,1" hai="13,18,20,24,26,49,53,57,59,60,65,76,77,78" machi="60" ten="30,4000,0" yaku="1,1,0,1,8,1,53,0" doraHai="92" doraHaiUra="42" who="0" fromWho="0" sc="501,50,94,-10,104,-20,291,-10" /><INIT seed="3,0,0,4,0,122" ten="551,84,84,281" oya="3" hai0="21,108,2,125,44,109,101,59,110,14,31,35,63" hai1="40,85,92,24,16,25,32,114,77,120,42,17,76" hai2="81,23,1,102,5,6,66,95,46,82,68,79,30" hai3="78,39,115,28,113,26,111,22,112,38,62,13,18"/><W55/><G78/><N who="1" m="30314" /><E32/><V104/><F104/><W60/><G39/><T126/><D2/><U41/><E120/><V133/><F133/><W50/><G38/><T73/><D73/><U11/><E114/><V37/><F66/><W83/><G83/><T128/><D128/><U123/><E123/><V87/><F68/><W7/><G7/><T135/><D135/><U47/><E47/><V93/><F102/><W71/><G71/><T43/><D35/><U34/><E34/><V52/><F82/><W127/><G127/><T65/><D101/><U54/><E54/><V118/><F118/><W107/><G107/><T74/><D74/><U100/><E85/><V91/><F37/><W132/><G132/><T98/><D98/><N who="1" m="59463" /><E11/><V106/><F106/><W86/><G86/><T121/><D121/><U0/><E0/><V124/><F1/><W70/><G70/><T131/><D131/><U9/><E9/><V27/><F124/><W48/><G48/><N who="0" m="26655" /><D14/><U61/><E42/><V10/><F10/><W80/><G80/><T103/><D103/><U94/><E94/><N who="2" m="35851" /><F79/><W3/><G3/><T119/><D119/><U19/><E41/><V15/><F15/><W12/><G12/><T117/><D117/><U88/><E40/><V116/><F116/><W45/><G115/><T84/><D84/><U134/><E134/><V90/><F90/><W33/><G113/><T4/><D4/><U130/><E130/><V129/><F129/><W105/><G105/><T36/><D36/><U69/><E88/><V99/><F99/><W49/><G112/><T53/><D65/><U89/><E89/><RYUUKYOKU ba="0,0" sc="551,10,84,10,84,10,281,-30" hai0="21,31,53,59,63,108,109,110,125,126" hai1="16,17,19,24,25,61,69" hai2="5,6,23,27,30,46,52,81,87,91" /><INIT seed="4,1,0,4,4,20" ten="561,94,94,251" oya="0" hai0="112,98,13,44,65,47,77,16,94,12,40,21,62" hai1="116,14,76,123,56,58,38,39,110,97,29,61,68" hai2="11,5,35,99,84,95,28,41,23,34,49,103,37" hai3="106,30,120,3,74,122,51,60,113,59,43,93,92"/><T4/><D112/><U96/><E76/><V7/><F37/><W57/><G106/><T125/><D125/><U71/><E29/><V45/><F84/><W33/><G74/><T52/><D77/><U83/><E14/><V9/><F23/><W115/><G3/><T78/><D78/><U86/><E61/><V90/><F103/><W19/><G19/><T131/><D131/><U17/><E17/><V119/><F119/><W6/><G6/><T81/><D81/><U24/><E123/><N who="3" m="47146" /><G30/><T8/><D40/><U102/><E110/><V48/><F48/><W54/><G33/><T50/><D65/><U63/><E63/><V25/><REACH who="2" step="1"/><F35/><REACH who="2" ten="561,94,84,251" step="2"/><W27/><G51/><T107/><D50/><U26/><E86/><V22/><F22/><W10/><G113/><T87/><D87/><U108/><E102/><V42/><F42/><W130/><G43/><T46/><D21/><U1/><E116/><V126/><F126/><W100/><G115/><T101/><D101/><U134/><E108/><V118/><F118/><W67/><G100/><T18/><D98/><U31/><E31/><V70/><F70/><W114/><G114/><T127/><D127/><U124/><E124/><V82/><F82/><W75/><G75/><T0/><D94/><U128/><E83/><V111/><F111/><W132/><G130/><T80/><D80/><U133/><E1/><V69/><F69/><W104/><G93/><T32/><D0/><U64/><E128/><V105/><F105/><W79/><G92/><T66/><D32/><U15/><E15/><V135/><F135/><W129/><G132/><RYUUKYOKU ba="1,1" sc="561,-15,94,15,84,15,251,-15" hai1="24,26,38,39,56,58,64,68,71,96,97,133,134" hai2="5,7,9,11,25,28,34,41,45,49,90,95,99" /><INIT seed="5,2,1,0,3,64" ten="546,109,99,236" oya="1" hai0="132,126,68,93,79,105,91,114,99,75,12,26,120" hai1="70,14,35,133,20,29,72,19,58,49,113,86,89" hai2="67,100,84,5,69,13,118,37,123,24,21,135,97" hai3="3,87,77,55,6,76,46,109,107,10,108,62,42"/><U17/><E72/><V81/><F118/><W102/><G87/><T78/><D26/><U44/><E70/><V98/><F37/><W96/><G62/><T11/><D68/><U73/><E73/><V112/><F123/><W36/><REACH who="3" step="1"/><G55/><REACH who="3" ten="546,109,99,226" step="2"/><T61/><D75/><U85/><E85/><V59/><F84/><W56/><G56/><T116/><D61/><U122/><E58/><V4/><F59/><W31/><G31/><T53/><D53/><U43/><E29/><V39/><F98/><W33/><G33/><T94/><D99/><U25/><E35/><V45/><F97/><W83/><G83/><T115/><D79/><AGARI ba="2,2" hai="3,6,10,36,42,46,76,77,79,96,102,107,108,109" machi="79" ten="40,1300,0" yaku="1,1,53,0" doraHai="64" doraHaiUra="30" who="3" fromWho="0" sc="546,-19,109,0,99,0,226,39" /><INIT seed="6,0,0,2,3,65" ten="527,109,99,265" oya="2" hai0="79,110,126,117,50,61,3,127,5,84,108,91,118" hai1="4,88,64,44,25,68,17,11,134,121,116,16,129" hai2="26,70,133,53,78,40,86,106,124,74,28,18,98" hai3="14,46,27,19,85,76,1,37,69,95,67,22,87"/><V51/><F124/><N who="0" m="47658" /><D79/><U43/><E116/><N who="0" m="44649" /><D50/><N who="1" m="26911" /><E68/><V66/><F133/><W82/><G1/><T47/><D47/><U101/><E64/><V33/><F18/><W132/><G132/><T113/><D113/><U97/><E134/><V8/><F8/><W10/><G46/><T41/><D41/><U123/><E25/><V35/><F40/><W105/><G105/><T48/><D48/><U9/><E88/><V80/><F35/><W34/><G37/><T30/><D30/><U2/><E11/><V15/><F15/><W29/><G95/><T57/><D5/><U24/><E24/><V96/><F74/><W93/><G93/><N who="0" m="54503" /><D3/><U63/><E16/><V115/><F115/><W135/><G135/><T45/><D45/><U72/><E17/><V111/><F111/><W125/><G125/><T122/><D122/><U21/><E123/><V109/><F109/><W0/><G85/><T58/><D58/><U99/><E121/><V38/><F38/><W130/><G67/><AGARI ba="0,0" hai="57,61,67,108,110" m="54503,44649,47658" machi="67" ten="30,2000,0" yaku="18,1,12,1" doraHai="65" who="0" fromWho="3" sc="527,20,109,0,99,0,265,-20" /><INIT seed="7,0,0,0,2,88" ten="547,109,99,245" oya="3" hai0="25,74,36,102,113,93,39,55,85,103,135,86,63" hai1="35,77,127,61,98,124,2,134,110,66,20,11,99" hai2="105,79,45,34,72,60,28,120,73,5,82,117,71" hai3="21,44,52,62,33,31,18,125,10,16,122,119,41"/><W90/><G122/><T37/><D74/><U123/><E123/><V97/><F117/><W42/><G119/><T104/><D104/><U112/><E35/><V100/><F120/><W128/><G128/><T40/><D40/><U94/><E110/><V59/><F5/><W91/><G125/><N who="1" m="48202" /><E112/><V132/><F45/><W80/><G33/><T114/><D135/><U76/><E134/><V9/><F9/><W101/><G101/><T12/><D12/><U129/><E129/><V56/><F132/><W19/><G10/><T84/><D25/><U87/><E20/><V7/><F7/><W47/><G90/><T115/><D93/><U27/><E27/><N who="2" m="18719" /><F73/><W1/><G1/><T58/><AGARI ba="0,0" hai="36,37,39,55,58,63,84,85,86,102,103,113,114,115" machi="58" ten="50,8000,1" yaku="0,1,29,2,15,1,11,1" doraHai="88" who="0" fromWho="0" sc="547,80,109,-20,99,-20,245,-40" owari="627,72.0,89,-31.0,79,-42.0,205,1.0" /></mjloggm>