<mjloggm ver="2.3"><GO type="169" lobby="0"/><UN n0="%E3%82%A6%E3%83%AB%E3%83%88%E3%83%A9%E7%AB%8B%E7%9B%B4" n1="%4A%57%49%4C%4C" n2="%E6%84%9B%E5%86%85%E9%87%8C%E8%8F%9C" n3="%E3%83%A1%E3%82%AC%E3%83%B3%E3%83%86" dan="18,16,16,16" rate="2243.01,2166.08,2038.74,2103.34" sx="M,M,F,F"/><TAIKYOKU oya="0"/><INIT seed="0,0,0,2,1,90" ten="250,250,250,250" oya="0" hai0="12,8,92,46,45,134,116,115,11,117,23,129,132" hai1="6,87,103,43,36,96,123,126,125,102,91,56,97" hai2="54,32,18,80,120,135,44,41,37,64,81,4,14" hai3="55,107,16,105,79,25,78,62,88,63,68,77,26"/><T49/><D115/><U3/><E56/><V33/><F120/><W94/><G68/><T82/><D82/><U1/><E43/><V98/><F4/><W99/><G26/><T85/><D23/><U130/><E36/><V38/><F38/><W118/><G118/><T133/><D129/><U51/><E51/><V93/><F135/><W127/><G127/><N who="1" m="48650" /><E6/><V9/><F64/><W50/><G105/><T10/><D12/><U66/><E66/><V73/><F54/><W112/><G107/><T104/><D104/><N who="1" m="63559" /><E1/><V76/><REACH who="2" step="1"/><F80/><REACH who="2" ten="250,250,240,250" step="2"/><W114/><G114/><T15/><D117/><U0/><E0/><V19/><F19/><W89/><G112/><T52/><D116/><U21/><E3/><V30/><F30/><W119/><G119/><T101/><D45/><U106/><E21/><V131/><F131/><W5/><G5/><N who="0" m="3471" /><D101/><AGARI ba="0,1" hai="9,14,18,32,33,37,41,44,73,76,81,93,98,101" machi="101" ten="30,3900,0" yaku="1,1,7,1,52,1,53,0" doraHai="90" doraHaiUra="84" who="2" fromWho="0" sc="250,-39,250,0,240,49,250,0" /><INIT seed="1,0,0,5,2,68" ten="211,250,289,250" oya="1" hai0="62,130,115,88,55,108,117,8,5,93,81,83,2" hai1="48,103,109,20,119,36,17,89,90,7,92,43,0" hai2="69,123,86,27,125,121,1,131,129,10,26,19,98" hai3="126,23,80,16,22,33,73,47,49,124,28,79,57"/><U111/><E119/><V40/><F69/><W132/><G132/><T114/><D117/><U91/><E48/><V70/><F70/><W35/><G57/><T72/><D108/><N who="1" m="41547" /><E7/><N who="2" m="1391" /><F86/><W12/><G23/><T59/><D130/><N who="2" m="49674" /><F98/><W65/><G65/><T24/><D24/><N who="2" m="9258" /><F40/><W44/><G28/><T113/><REACH who="0" step="1"/><D72/><REACH who="0" ten="201,250,289,250" step="2"/><U4/><E4/><V21/><F125/><N who="3" m="48235" /><G44/><T102/><D102/><U13/><E0/><V25/><AGARI ba="0,1" hai="19,21,25,121,123" m="9258,49674,1391" machi="25" ten="30,4000,0" yaku="19,1,34,2" doraHai="68" who="2" fromWho="2" sc="201,-10,250,-20,289,50,250,-10" /><INIT seed="2,0,0,4,2,53" ten="191,230,339,240" oya="2" hai0="72,57,36,10,65,43,123,14,85,21,29,96,67" hai1="40,5,58,88,87,112,47,115,105,68,130,0,91" hai2="74,59,50,61,77,106,9,78,127,34,8,97,35" hai3="99,98,110,38,119,44,70,128,129,132,46,135,66"/><V37/><F37/><W28/><G28/><T2/><D123/><U30/><E68/><V111/><F127/><W32/><G32/><T117/><D117/><U63/><E105/><V6/><F50/><W11/><G11/><T121/><D121/><U95/><E30/><V18/><F111/><W103/><G119/><T113/><D113/><U16/><E130/><N who="3" m="50282" /><G98/><T114/><D72/><U102/><E102/><V3/><F106/><W92/><G110/><T52/><D2/><U126/><E126/><V93/><F9/><W71/><G66/><T131/><D114/><U45/><E5/><V101/><F18/><W120/><G120/><T80/><D96/><U133/><E133/><N who="3" m="51274" /><G46/><T26/><D131/><U22/><E91/><V75/><F77/><W122/><G122/><T69/><D69/><U90/><E90/><V4/><F4/><W39/><G39/><T51/><D36/><U1/><E115/><V86/><F35/><W33/><G33/><T89/><D43/><AGARI ba="0,0" hai="38,43,44,70,71,92,99,103" m="51274,50282" machi="43" ten="30,2000,0" yaku="19,1,20,1" doraHai="53" who="3" fromWho="0" sc="191,-20,230,0,339,0,240,20" /><INIT seed="3,0,0,2,3,41" ten="171,230,339,260" oya="3" hai0="69,104,102,24,32,132,27,21,34,129,15,111,45" hai1="84,108,19,2,33,121,77,51,118,125,55,85,66" hai2="115,99,120,16,0,131,39,86,50,70,28,93,54" hai3="106,100,36,105,80,135,13,53,92,133,87,6,37"/><W5/><G92/><T65/><D111/><U101/><E108/><V29/><F39/><N who="3" m="14923" /><G53/><T96/><D129/><U67/><E121/><V113/><F131/><W31/><G31/><T12/><D132/><N who="3" m="50761" /><G13/><T112/><D112/><U7/><E125/><V49/><F29/><W117/><G117/><T3/><D3/><U35/><E118/><V119/><F28/><W116/><G116/><T46/><D69/><U79/><E101/><V62/><F70/><W107/><G100/><T124/><D65/><U17/><E7/><N who="3" m="2570" /><G87/><T74/><D102/><U88/><E2/><V23/><F86/><W47/><G80/><T25/><D25/><U20/><E85/><V9/><F119/><W30/><G30/><T58/><D96/><U134/><E134/><V128/><F99/><W71/><G71/><T110/><D110/><U22/><E35/><V95/><F95/><W44/><AGARI ba="0,0" hai="44,47,105,106,107" m="2570,50761,14923" machi="44" ten="50,12000,1" yaku="28,2,20,1,52,2" doraHai="41" who="3" fromWho="3" sc="171,-40,230,-40,339,-40,260,120" /><INIT seed="3,1,0,1,2,9" ten="131,190,299,380" oya="3" hai0="51,31,122,131,58,100,132,45,108,6,71,60,118" hai1="34,120,66,37,74,133,52,103,95,43,25,19,36" hai2="0,26,14,80,78,29,112,105,135,20,77,64,113" hai3="67,10,99,85,90,84,110,40,128,91,65,101,79"/><W61/><G110/><T15/><D118/><U116/><E120/><V5/><F105/><W16/><G40/><T49/><D122/><U4/><E116/><V88/><F0/><W119/><G119/><T114/><D71/><U94/><E74/><V2/><F2/><W97/><G128/><T21/><D108/><U33/><E133/><V13/><F135/><W104/><G97/><T62/><D131/><U123/><E66/><V42/><F112/><W30/><G30/><T68/><D68/><U63/><E4/><V18/><F113/><W24/><G85/><T87/><D132/><U106/><E106/><V44/><F64/><W82/><G67/><T86/><D100/><U72/><E72/><V38/><F5/><W48/><G48/><T12/><D114/><U111/><E111/><V59/><F59/><W1/><G1/><T69/><D69/><U76/><E76/><V134/><F134/><W3/><G3/><T53/><D60/><U129/><E129/><V7/><F7/><W121/><G121/><T70/><D70/><U81/><E81/><V102/><F102/><W28/><G10/><N who="0" m="4183" /><D31/><U89/><E103/><V17/><F88/><W115/><G115/><T117/><D117/><U50/><E63/><V23/><F80/><W75/><G75/><T41/><D51/><U27/><E123/><V47/><F47/><W92/><G104/><T35/><D35/><AGARI ba="1,0" hai="13,14,17,18,20,23,26,29,35,38,42,44,77,78" machi="35" ten="30,7700,0" yaku="7,1,9,1,52,2" doraHai="9" who="2" fromWho="0" sc="131,-80,190,0,299,80,380,0" /><INIT seed="4,0,0,4,3,53" ten="51,190,379,380" oya="0" hai0="59,123,18,56,105,8,64,61,115,47,15,84,38" hai1="90,52,82,101,112,121,89,10,81,116,79,68,57" hai2="11,99,126,118,50,85,66,119,36,40,48,30,37" hai3="32,135,86,72,93,20,6,114,75,17,73,70,28"/><T55/><D123/><U62/><E121/><V27/><F126/><W95/><G70/><T108/><D105/><U33/><E116/><N who="2" m="44587" /><F66/><W74/><G6/><T83/><D115/><U78/><E33/><V96/><F85/><W91/><G75/><T129/><D129/><U51/><E112/><V88/><F11/><W133/><G114/><T125/><D125/><U58/><E68/><V103/><F88/><N who="1" m="33897" /><E101/><V124/><F124/><W71/><G71/><T44/><D38/><N who="2" m="14954" /><F40/><W67/><G67/><T127/><D127/><U34/><E34/><N who="2" m="20831" /><F99/><W29/><G95/><AGARI ba="0,0" hai="48,50,95,96,103" m="20831,14954,44587" machi="95" ten="30,1000,0" yaku="12,1" doraHai="53" who="2" fromWho="3" sc="51,0,190,0,379,10,380,-10" /><INIT seed="5,0,0,3,3,51" ten="51,190,389,370" oya="1" hai0="66,35,123,101,109,40,2,85,63,75,121,7,103" hai1="127,26,55,53,122,6,96,54,48,44,23,56,97" hai2="14,24,62,13,99,106,64,41,87,9,133,134,118" hai3="70,93,77,60,92,61,76,58,19,68,111,91,33"/><U84/><E122/><V126/><F118/><W102/><G111/><T11/><D109/><U88/><E6/><V31/><F126/><W104/><G33/><T108/><D108/><U50/><E127/><V67/><F41/><W89/><G104/><T69/><D85/><U46/><E23/><V1/><F1/><W52/><G19/><T80/><D103/><U73/><E73/><V128/><F128/><W124/><G124/><T32/><D101/><U17/><E17/><V120/><F120/><W107/><G107/><T43/><D43/><U83/><E26/><V129/><F129/><W37/><G37/><T27/><D35/><U117/><E117/><V29/><F87/><W78/><G102/><T105/><D105/><U81/><E81/><V131/><F131/><W18/><G18/><T34/><D34/><U0/><E0/><V79/><F99/><N who="3" m="57743" /><G68/><T125/><D125/><U90/><E90/><V74/><F106/><W5/><G5/><T59/><D59/><U86/><E86/><V112/><F74/><W16/><G70/><T28/><REACH who="0" step="1"/><D40/><REACH who="0" ten="41,190,389,370" step="2"/><U130/><REACH who="1" step="1"/><E130/><REACH who="1" ten="41,180,389,370" step="2"/><V21/><F24/><W135/><G135/><T42/><D42/><U65/><E65/><V114/><F133/><W38/><G38/><T4/><D4/><U47/><E47/><V30/><F134/><W12/><G78/><AGARI ba="0,2" hai="2,7,11,27,28,32,63,66,69,75,78,80,121,123" machi="78" ten="40,8000,1" yaku="1,1,23,2,53,1" doraHai="51" doraHaiUra="25" who="0" fromWho="3" sc="41,100,180,0,389,0,370,-80" /><INIT seed="6,0,0,0,1,31" ten="141,180,389,290" oya="2" hai0="62,90,125,114,13,128,71,82,102,19,118,76,0" hai1="3,22,26,30,129,56,69,27,112,24,29,32,21" hai2="20,74,8,97,65,50,135,78,68,130,61,6,23" hai3="95,46,12,59,127,91,134,106,80,51,63,92,85"/><V45/><F135/><W1/><G1/><T111/><D0/><U101/><E69/><V40/><F130/><W67/><G106/><T25/><D111/><U57/><E101/><V9/><F9/><W17/><G127/><T81/><D114/><U110/><E57/><V83/><REACH who="2" step="1"/><F97/><REACH who="2" ten="141,180,379,290" step="2"/><W38/><G134/><T79/><D128/><U28/><E129/><V113/><F113/><W35/><G35/><T47/><D125/><U39/><E112/><V93/><F93/><W87/><G87/><T60/><D118/><U104/><E104/><V5/><F5/><W120/><G120/><T73/><D81/><U115/><E115/><V88/><F88/><W44/><G38/><T107/><D90/><U132/><E39/><V14/><AGARI ba="0,1" hai="6,8,14,20,23,40,45,50,61,65,68,74,78,83" machi="14" ten="20,12000,1" yaku="1,1,0,1,7,1,53,2" doraHai="31" doraHaiUra="18" who="2" fromWho="2" sc="141,-40,180,-40,379,130,290,-40" /><INIT seed="6,1,0,1,5,117" ten="101,140,509,250" oya="2" hai0="125,76,101,113,46,94,40,45,15,80,9,73,72" hai1="53,61,99,58,31,105,38,55,109,130,77,135,78" hai2="115,120,126,81,13,60,70,114,68,1,91,116,132" hai3="108,122,57,26,27,11,110,54,21,59,30,123,63"/><V44/><F1/><W39/><G39/><T29/><D113/><U33/><E109/><V131/><F116/><W98/><G11/><T111/><D111/><U96/><E38/><V100/><F100/><W97/><G21/><T32/><D125/><U74/><E130/><V28/><F28/><W85/><G85/><T4/><D73/><U16/><E135/><V0/><F0/><W42/><G30/><T20/><D32/><U17/><E31/><V88/><F13/><W90/><G63/><T35/><D35/><U56/><E33/><V62/><F81/><W89/><REACH who="3" step="1"/><G54/><REACH who="3" ten="101,140,509,240" step="2"/><T2/><D29/><U3/><E3/><V71/><F62/><W134/><G134/><T75/><D75/><U41/><E74/><V118/><F60/><W67/><G67/><T121/><D2/><U112/><E61/><V19/><F132/><W18/><G18/><T25/><D20/><U129/><E129/><V6/><F19/><W66/><G66/><T102/><D25/><U104/><REACH who="1" step="1"/><E41/><AGARI ba="1,1" hai="26,27,41,42,57,59,89,90,97,98,108,110,122,123" machi="41" ten="25,8000,1" yaku="1,1,22,2,52,2,53,0" doraHai="117" doraHaiUra="34" who="3" fromWho="1" sc="101,0,140,-83,509,0,240,93" /><INIT seed="7,0,0,4,2,38" ten="101,57,509,333" oya="3" hai0="26,76,115,62,96,30,42,12,86,75,71,113,101" hai1="127,133,2,21,84,70,129,44,125,14,1,60,37" hai2="68,100,52,102,24,53,130,45,93,3,119,120,39" hai3="25,105,109,69,135,43,123,17,5,116,67,112,0"/><W89/><G105/><N who="0" m="63655" /><D86/><U90/><E90/><V57/><F130/><W51/><G116/><T132/><D12/><U83/><E83/><V13/><F68/><W54/><G123/><T77/><D42/><N who="1" m="22607" /><E84/><V121/><F119/><W111/><G112/><N who="0" m="43083" /><D75/><U117/><E21/><V11/><F3/><W50/><G135/><T40/><D132/><U46/><E14/><V73/><F73/><W33/><G5/><T10/><D10/><U35/><E35/><V104/><F57/><W27/><G0/><T126/><D40/><U95/><E95/><V58/><F58/><W122/><G122/><T28/><D28/><U29/><E29/><V56/><F53/><W18/><G33/><N who="0" m="20695" /><D126/><N who="1" m="48139" /><E117/><V87/><F56/><N who="3" m="32863" /><G67/><AGARI ba="0,0" hai="62,67,71,76,77" m="20695,43083,63655" machi="67" ten="30,3900,0" yaku="25,1,15,1,11,1" doraHai="38" who="0" fromWho="3" sc="101,39,57,0,509,0,333,-39" owari="140,-26.0,57,-44.0,509,61.0,294,9.0" /></mjloggm>