<mjloggm ver="2.3"><GO type="169" lobby="0"/><UN n0="%E3%81%8B%E3%82%8A%E6%A2%85" n1="%E9%BB%84%E9%BE%8D%E5%85%84%E8%B2%B4" n2="%E3%83%88%E3%83%88%E3%83%AA%E5%85%88%E7%94%9F%31%39%E6%AD%B3" n3="%E3%81%9F%E3%81%91%E3%81%AB%E3%81%8D" dan="16,16,19,17" rate="2189.45,2164.75,2325.18,2184.58" sx="M,M,F,F"/><TAIKYOKU oya="0"/><INIT seed="0,0,0,1,2,2" ten="250,250,250,250" oya="0" hai0="129,107,7,65,133,19,97,55,44,84,42,51,27" hai1="101,117,104,47,24,56,91,126,21,108,110,98,6" hai2="26,67,128,14,11,45,71,96,85,131,80,93,16" hai3="74,90,28,17,30,8,1,68,95,5,89,132,81"/><T115/><D115/><U102/><E117/><V121/><F121/><W57/><G68/><T122/><D122/><U72/><E72/><V33/><F71/><W109/><G109/><T23/><D133/><U134/><E134/><V41/><F67/><W53/><G132/><T127/><D127/><U118/><E126/><V73/><F73/><W99/><G17/><T38/><D129/><U77/><E77/><V49/><F33/><W120/><G120/><T29/><D65/><U106/><E118/><V87/><F26/><W36/><G36/><T103/><D84/><U9/><E91/><V82/><F87/><W37/><G37/><T60/><D60/><U25/><E56/><V35/><F35/><W46/><G46/><T32/><D7/><U59/><E59/><V123/><F123/><W0/><G0/><T86/><D86/><U62/><E47/><V10/><F10/><W15/><G1/><T4/><D4/><U100/><E62/><V63/><F63/><W124/><G124/><T61/><D61/><U64/><E64/><V119/><F119/><W34/><G34/><T13/><REACH who="0" step="1"/><D38/><REACH who="0" ten="240,250,250,250" step="2"/><U113/><E113/><V31/><F82/><W48/><G74/><T54/><AGARI ba="0,1" hai="13,19,23,27,29,32,42,44,51,54,55,97,103,107" machi="54" ten="30,6000,0" yaku="1,1,2,1,0,1,53,0" doraHai="2" doraHaiUra="3" who="0" fromWho="0" sc="240,70,250,-20,250,-20,250,-20" /><INIT seed="0,1,0,1,3,51" ten="310,230,230,230" oya="0" hai0="107,132,15,115,34,20,61,71,110,12,130,101,5" hai1="32,52,123,57,42,80,95,113,83,49,131,65,33" hai2="93,44,28,104,19,8,77,88,24,10,106,25,60" hai3="13,78,31,47,70,82,54,81,23,118,84,87,21"/><T58/><D115/><U40/><E123/><V50/><F77/><W11/><G70/><T117/><D117/><U125/><E113/><V16/><F60/><W121/><G121/><T3/><D71/><U22/><E131/><V109/><F109/><W43/><G118/><T68/><D68/><U55/><E125/><V134/><F134/><W64/><G64/><T102/><D34/><U116/><E116/><V99/><F104/><W41/><G41/><T26/><D132/><U56/><E95/><V63/><F106/><W4/><G54/><T133/><D133/><U75/><E22/><N who="2" m="15415" /><F63/><W38/><REACH who="3" step="1"/><G31/><REACH who="3" ten="310,230,230,220" step="2"/><T111/><D111/><U74/><E49/><V94/><F24/><W92/><G92/><T122/><D26/><U127/><E127/><V69/><F69/><W18/><G18/><N who="2" m="6697" /><F94/><W73/><G73/><T124/><D107/><U7/><E7/><V27/><F27/><W62/><G62/><T90/><D5/><U120/><E120/><V48/><F48/><W6/><G6/><T36/><D61/><U79/><E65/><V128/><F128/><W17/><G17/><T96/><D130/><U2/><E2/><V105/><F105/><W66/><G66/><T76/><D3/><U98/><E74/><V46/><F46/><W100/><G100/><T103/><D110/><U37/><E75/><V29/><F29/><W86/><G86/><T119/><D119/><U112/><E112/><V135/><F135/><W1/><G1/><T108/><D108/><U39/><E98/><V89/><F50/><W53/><G53/><T0/><D122/><U30/><E30/><RYUUKYOKU ba="1,1" sc="310,-15,230,15,230,-15,220,15" hai1="32,33,37,39,40,42,52,55,56,57,79,80,83" hai3="4,11,13,21,23,38,43,47,78,81,82,84,87" /><INIT seed="1,2,1,2,0,64" ten="295,245,215,235" oya="1" hai0="111,36,51,31,71,33,126,86,27,77,121,99,24" hai1="66,89,45,120,18,73,54,119,95,9,118,20,70" hai2="38,43,29,42,76,103,104,80,79,15,117,122,34" hai3="83,21,125,67,13,88,39,109,57,124,102,74,55"/><U131/><E73/><V112/><F117/><W135/><G109/><T11/><D36/><U107/><E107/><V56/><F122/><W30/><G39/><T19/><D111/><U3/><E120/><V52/><F112/><W100/><G67/><T93/><D121/><U37/><E131/><V123/><F123/><W69/><G135/><T105/><D126/><N who="3" m="48745" /><G69/><T2/><D51/><U60/><E9/><V5/><F76/><N who="3" m="44439" /><G88/><T72/><D2/><U130/><E3/><V63/><F38/><W50/><G13/><T96/><D72/><U108/><E108/><V84/><F104/><W132/><G132/><T16/><D77/><U6/><E130/><V8/><REACH who="2" step="1"/><F103/><REACH who="2" ten="295,245,205,235" step="2"/><W98/><G102/><T134/><D105/><U17/><E37/><V23/><F23/><W14/><G21/><T65/><D33/><U106/><E106/><V90/><F90/><W48/><G100/><T87/><D134/><U97/><E118/><V113/><F113/><W101/><G101/><T10/><D10/><U35/><E35/><V61/><F61/><W114/><G48/><T4/><D11/><U53/><E119/><V75/><F75/><W12/><G114/><T59/><D4/><U47/><E6/><V85/><F85/><W115/><G115/><T129/><D87/><U40/><E20/><V128/><F128/><W22/><G98/><T91/><D96/><U25/><E97/><V26/><AGARI ba="2,2" hai="5,8,15,26,29,34,42,43,52,56,63,79,80,84" machi="26" ten="30,7900,0" yaku="1,1,0,1,54,1,53,1" doraHai="64" doraHaiUra="78" who="2" fromWho="2" sc="295,-22,245,-41,205,105,235,-22" /><INIT seed="2,0,0,1,0,60" ten="273,204,310,213" oya="2" hai0="51,31,63,114,26,25,117,16,39,86,95,130,38" hai1="1,70,55,125,111,132,58,88,123,121,102,129,79" hai2="4,13,84,100,107,83,72,96,7,108,29,19,98" hai3="52,131,82,36,49,32,57,30,37,122,43,48,93"/><V94/><F29/><W110/><G30/><T46/><D114/><U106/><E1/><V53/><F108/><W103/><G32/><T118/><D130/><U75/><E111/><V40/><F40/><W116/><G110/><T28/><D63/><U78/><E129/><V9/><F72/><W24/><G131/><T21/><D28/><U54/><E70/><V23/><F53/><W128/><G128/><T50/><D50/><U87/><E55/><V15/><F98/><W92/><G24/><T71/><D71/><U64/><E132/><V27/><F107/><W20/><G116/><N who="0" m="44651" /><D86/><U0/><E0/><V45/><F45/><W115/><G20/><N who="0" m="13447" /><D95/><U133/><E133/><V42/><F42/><AGARI ba="0,0" hai="21,26,31,38,39,42,46,51" m="13447,44651" machi="42" ten="30,2000,0" yaku="12,1,54,1" doraHai="60" who="0" fromWho="2" sc="273,20,204,0,310,-20,213,0" /><INIT seed="3,0,0,1,5,32" ten="293,204,290,213" oya="3" hai0="84,89,127,111,55,3,43,71,108,102,79,38,101" hai1="92,65,100,96,105,106,53,74,91,4,73,98,133" hai2="37,27,12,51,19,135,110,6,63,1,82,52,88" hai3="5,72,7,115,28,54,120,10,119,97,61,57,46"/><W131/><G115/><T59/><D127/><U24/><E65/><V94/><F37/><W87/><G119/><T49/><D79/><U18/><E133/><V41/><F135/><W33/><G72/><T103/><D71/><U69/><E69/><V113/><F113/><W112/><G112/><T62/><D38/><U17/><E4/><V16/><F110/><N who="0" m="42026" /><D43/><U125/><E125/><V14/><F1/><W47/><G120/><T13/><D13/><N who="2" m="5226" /><F6/><W123/><G123/><T116/><D116/><U86/><E53/><V85/><F27/><W70/><G131/><T81/><D62/><U0/><E0/><AGARI ba="0,0" hai="0,3,49,55,59,81,84,89,101,102,103" m="42026" machi="0" ten="30,3900,0" yaku="14,1,52,2" doraHai="32" who="0" fromWho="1" sc="293,39,204,-39,290,0,213,0" /><INIT seed="4,0,0,4,4,46" ten="332,165,290,213" oya="0" hai0="18,104,27,74,118,55,11,114,9,117,41,97,99" hai1="93,125,65,83,77,49,72,8,100,25,64,17,40" hai2="105,111,50,75,92,23,109,91,33,120,135,35,124" hai3="1,96,39,47,63,29,110,66,4,70,112,61,60"/><T82/><D41/><U7/><E125/><V32/><F120/><W67/><G110/><T128/><D114/><U85/><E72/><V87/><F105/><W3/><G112/><T2/><D128/><U24/><E100/><V30/><F75/><W115/><G115/><T73/><D2/><U52/><E93/><V94/><F124/><W43/><G4/><T134/><D134/><U13/><E40/><V130/><F135/><W68/><G60/><T123/><D27/><U116/><E116/><V126/><F126/><W15/><G15/><T6/><D6/><U80/><E80/><V34/><F130/><W28/><G96/><T133/><D133/><U127/><E127/><V21/><F94/><W0/><AGARI ba="0,0" hai="0,1,3,28,29,39,43,47,61,63,66,67,68,70" machi="0" ten="30,2000,0" yaku="0,1,9,1" doraHai="46" who="3" fromWho="3" sc="332,-10,165,-5,290,-5,213,20" /><INIT seed="5,0,0,4,0,117" ten="322,160,285,233" oya="1" hai0="82,101,81,29,76,25,47,129,124,120,110,100,85" hai1="72,112,9,93,14,24,135,31,8,50,1,59,0" hai2="44,123,53,13,86,38,102,125,26,40,32,75,109" hai3="23,74,133,132,116,62,20,92,107,10,41,48,30"/><U64/><E72/><V95/><F109/><W45/><G107/><T27/><D110/><U33/><E112/><V69/><F75/><W105/><G105/><T16/><D124/><U52/><E135/><N who="3" m="51786" /><G74/><T83/><D129/><U130/><E130/><V78/><F69/><W127/><G127/><T63/><D63/><U94/><E64/><V96/><F125/><W11/><G116/><T68/><D68/><U57/><E57/><V115/><F123/><W114/><G114/><T56/><D56/><U58/><E58/><V73/><F73/><W87/><G62/><T6/><D6/><U2/><REACH who="1" step="1"/><E8/><REACH who="1" ten="322,150,285,233" step="2"/><V54/><F115/><W19/><G10/><T90/><D47/><U15/><E15/><V46/><F13/><W5/><G11/><T61/><D61/><U67/><E67/><V70/><F46/><W80/><G45/><T91/><D25/><U4/><AGARI ba="0,1" hai="0,1,2,4,9,14,24,31,33,50,52,59,93,94" machi="4" ten="30,6000,0" yaku="1,1,0,1,54,1,53,0" doraHai="117" doraHaiUra="118" who="1" fromWho="1" sc="322,-20,150,70,285,-20,233,-20" /><INIT seed="5,1,0,5,3,104" ten="302,220,265,213" oya="1" hai0="95,120,5,69,28,31,133,13,102,57,126,73,112" hai1="83,41,134,54,67,128,75,23,107,92,7,81,115" hai2="16,99,125,35,124,17,37,30,82,0,109,25,88" hai3="44,105,86,65,119,79,116,106,22,6,3,90,58"/><U49/><E107/><V113/><F109/><W60/><G79/><T111/><D111/><U100/><E115/><V42/><F0/><W84/><G84/><T117/><D117/><N who="3" m="45129" /><G22/><T56/><D69/><U18/><E134/><V26/><F113/><W10/><G44/><T24/><D112/><U93/><E128/><V43/><F26/><W108/><G108/><T11/><D133/><U114/><E114/><V96/><F96/><W21/><G21/><T123/><D126/><N who="2" m="48746" /><F37/><W20/><G20/><T55/><D31/><U19/><E7/><V61/><F61/><W39/><G39/><T12/><D12/><U77/><E19/><N who="2" m="7243" /><F82/><AGARI ba="1,0" hai="3,6,10,58,60,65,82,86,90,105,106" m="45129" machi="82" ten="30,1000,0" yaku="12,1" doraHai="104" who="3" fromWho="2" sc="302,0,220,0,265,-13,213,13" /><INIT seed="6,0,0,4,5,102" ten="302,220,252,226" oya="2" hai0="109,28,94,69,111,43,120,51,56,18,110,66,70" hai1="89,115,35,134,39,19,130,97,57,22,5,119,81" hai2="45,17,105,74,132,126,80,60,29,101,52,98,10" hai3="108,55,90,86,47,92,13,7,31,112,65,75,84"/><V48/><F132/><W64/><G75/><T9/><D120/><U24/><E39/><V71/><F126/><W106/><G108/><T27/><D43/><U82/><E134/><V128/><F128/><W121/><G121/><T77/><D77/><U11/><E119/><V131/><F131/><W122/><G122/><T54/><D94/><U36/><E36/><V40/><F29/><W83/><G106/><T103/><D103/><U53/><E130/><V33/><F33/><W15/><G31/><T62/><D9/><U0/><E35/><V49/><F71/><W100/><G112/><T133/><D133/><U61/><REACH who="1" step="1"/><E115/><REACH who="1" ten="302,210,252,226" step="2"/><V107/><F107/><W125/><G125/><T72/><D109/><U127/><E127/><V3/><F105/><W96/><G84/><T8/><D110/><U2/><E2/><V104/><F3/><W1/><G1/><T42/><D72/><U85/><E85/><V16/><F74/><W6/><G6/><T78/><D111/><U34/><E34/><V91/><F104/><W135/><G135/><T58/><D70/><U116/><E116/><V114/><F114/><W88/><G7/><T23/><D69/><U68/><E68/><V30/><F98/><W63/><G86/><T67/><D78/><U95/><AGARI ba="0,1" hai="0,5,11,19,22,24,53,57,61,81,82,89,95,97" machi="95" ten="30,12000,2" yaku="1,1,0,1,25,2,53,2" doraHai="102" doraHaiUra="79" who="1" fromWho="1" sc="302,-30,210,130,252,-60,226,-30" /><INIT seed="7,0,0,4,3,88" ten="272,340,192,196" oya="3" hai0="5,3,116,40,30,63,1,35,26,29,119,112,23" hai1="55,74,20,81,39,48,98,87,45,42,90,34,11" hai2="94,64,102,36,54,2,86,85,109,107,124,134,103" hai3="19,61,93,14,130,4,8,47,126,17,113,13,114"/><W49/><G126/><T133/><D40/><U71/><E34/><V33/><F109/><W65/><G130/><T32/><D63/><U60/><E74/><V21/><F33/><W53/><G93/><T125/><D125/><U41/><E11/><V131/><F2/><N who="0" m="522" /><D5/><U118/><E118/><N who="0" m="45097" /><D23/><U67/><E39/><V69/><F134/><W37/><G37/><T68/><D68/><U111/><E111/><V72/><F72/><W110/><G110/><T7/><D7/><U135/><E135/><V129/><F36/><W106/><G106/><T18/><D18/><U62/><E62/><N who="2" m="40087" /><F124/><W24/><G24/><N who="0" m="18471" /><D133/><U105/><E20/><V0/><F0/><W95/><G95/><T31/><D31/><U15/><E15/><V101/><F107/><W76/><G76/><T91/><D91/><U70/><E70/><V100/><F21/><W122/><G122/><T128/><D128/><N who="2" m="49226" /><F54/><W120/><G120/><T16/><D112/><N who="3" m="43113" /><G14/><T79/><D79/><U83/><E83/><V59/><F59/><AGARI ba="0,0" hai="4,8,13,17,19,47,49,53,59,61,65" m="43113" machi="59" ten="30,1500,0" yaku="15,1" doraHai="88" who="3" fromWho="2" sc="272,0,340,0,192,-15,196,15" /><INIT seed="7,1,0,0,3,36" ten="272,340,177,211" oya="3" hai0="49,52,19,14,43,114,40,42,93,41,47,82,56" hai1="103,91,134,90,16,44,6,83,1,33,18,4,125" hai2="106,118,97,89,112,7,76,96,84,38,78,2,92" hai3="54,25,69,99,123,57,130,53,73,77,11,104,63"/><W32/><G123/><T60/><D114/><U12/><E33/><V113/><F38/><W122/><G122/><T88/><D82/><U22/><E1/><V111/><F7/><W124/><G69/><T71/><D71/><U30/><E30/><V131/><F2/><W37/><G37/><T135/><D135/><U67/><E67/><V55/><F55/><W62/><G130/><T51/><D51/><U29/><E29/><V31/><F31/><W9/><G124/><T28/><D28/><U81/><E134/><V21/><F21/><W39/><G25/><T129/><D129/><U105/><E125/><V46/><F46/><W64/><G32/><T48/><D48/><U120/><E44/><V75/><F131/><W70/><G39/><T74/><D74/><U35/><E120/><V8/><F8/><W94/><G104/><T109/><D109/><U3/><E3/><V85/><F111/><W72/><G54/><T59/><D59/><U0/><E0/><V133/><F118/><W17/><G77/><N who="2" m="29801" /><F75/><N who="3" m="28747" /><G17/><T10/><D43/><U86/><E35/><V87/><F133/><W13/><G13/><T115/><D115/><N who="2" m="44106" /><F97/><AGARI ba="1,0" hai="10,14,19,40,41,42,47,49,52,56,60,88,93,97" machi="97" ten="30,12000,2" yaku="7,1,8,1,52,3,54,2" doraHai="36" who="0" fromWho="2" sc="272,123,340,0,177,-123,211,0" owari="395,50.0,340,14.0,54,-45.0,211,-19.0" /></mjloggm>