<mjloggm ver="2.3"><GO type="169" lobby="0"/><UN n0="%65%69%6B%31" n1="%E3%81%86%E3%81%8D%E3%81%A7%E3%82%93" n2="%E3%81%A9%E3%81%84%E3%83%BC%E3%82%93" n3="%E3%82%A6%E3%83%AB%E3%83%88%E3%83%A9%E7%AB%8B%E7%9B%B4" dan="17,16,16,18" rate="2172.52,2124.63,2095.71,2236.92" sx="M,M,M,M"/><TAIKYOKU oya="0"/><INIT seed="0,0,0,4,1,77" ten="250,250,250,250" oya="0" hai0="73,69,105,20,30,67,65,15,27,129,58,99,42" hai1="40,61,28,90,44,116,19,96,84,95,11,48,131" hai2="134,128,33,29,16,26,36,80,126,89,62,108,114" hai3="5,59,50,56,76,21,52,9,55,25,87,32,63"/><T132/><D73/><U135/><E131/><V13/><F114/><W57/><G32/><T18/><D129/><U82/><E135/><V133/><F128/><W125/><G125/><T101/><D132/><N who="2" m="50794" /><F36/><W54/><G76/><T86/><D42/><U103/><E116/><V53/><F126/><W12/><G87/><T35/><D58/><U51/><E61/><V94/><F108/><W124/><G124/><T106/><D106/><U130/><E28/><V123/><F123/><W4/><G4/><T79/><REACH who="0" step="1"/><D69/><REACH who="0" ten="240,250,250,250" step="2"/><U8/><E130/><V81/><F53/><N who="3" m="31799" /><G59/><T112/><D112/><U83/><E48/><V2/><F62/><W113/><G113/><T6/><D6/><U121/><E121/><V120/><F120/><W104/><G104/><T66/><D66/><U115/><E115/><V49/><F49/><W46/><G46/><T119/><D119/><U122/><E122/><V92/><F2/><W71/><G71/><T97/><D97/><U91/><E19/><AGARI ba="0,1" hai="5,9,12,19,21,25,52,54,55,57,63" m="31799" machi="19" ten="30,2000,0" yaku="8,1,54,1" doraHai="77" who="3" fromWho="1" sc="240,0,250,-20,250,0,250,30" /><INIT seed="1,0,0,2,2,50" ten="240,230,250,280" oya="1" hai0="46,128,26,40,67,23,47,109,112,76,31,82,107" hai1="38,62,33,2,9,59,71,57,51,64,132,74,17" hai2="91,55,84,114,86,119,134,44,97,68,60,22,10" hai3="116,66,61,104,99,18,15,52,92,117,75,122,77"/><U37/><E33/><V123/><F119/><N who="3" m="45643" /><G104/><T79/><D112/><U70/><E74/><V20/><F114/><W110/><G122/><T30/><D107/><U101/><E101/><V63/><F123/><W121/><G121/><T5/><D109/><U96/><E96/><V35/><F35/><W103/><G110/><T125/><D128/><U81/><E81/><V0/><F134/><W78/><G75/><T95/><D125/><U58/><E17/><V85/><F68/><N who="1" m="26153" /><E9/><V21/><F0/><W65/><G78/><T106/><D106/><U98/><E98/><V90/><F10/><N who="3" m="6519" /><G77/><T39/><D79/><U34/><E34/><V113/><F113/><W1/><G1/><T7/><D7/><U49/><E2/><V88/><F97/><W108/><G108/><T53/><D5/><U127/><E127/><V8/><F8/><W29/><G29/><T100/><D30/><U16/><E16/><V102/><F102/><W87/><G87/><T48/><D100/><U45/><E51/><AGARI ba="0,0" hai="20,21,22,44,51,55,60,63,84,85,86,88,90,91" machi="51" ten="50,8000,1" yaku="29,2,8,1,52,1,54,1" doraHai="50" who="2" fromWho="1" sc="240,0,230,-80,250,80,280,0" /><INIT seed="2,0,0,0,1,123" ten="240,150,330,280" oya="2" hai0="11,28,107,13,36,82,6,122,124,50,70,99,112" hai1="29,41,53,90,97,34,78,10,121,110,117,109,93" hai2="3,48,64,30,119,18,62,116,23,73,33,38,113" hai3="9,20,129,1,25,45,100,14,125,15,37,83,60"/><V85/><F73/><W80/><G100/><T31/><D36/><U111/><E117/><V4/><F38/><W52/><G129/><T127/><D122/><U51/><E41/><V87/><F48/><W61/><G1/><T57/><D70/><U69/><E69/><V16/><F113/><W92/><G92/><T5/><D112/><U128/><E121/><V2/><F23/><W126/><G37/><T32/><D82/><U79/><E10/><V71/><F30/><W77/><G61/><T65/><D5/><U21/><E34/><V17/><F33/><W102/><G102/><N who="0" m="62943" /><D32/><U89/><E89/><V106/><F106/><W0/><G83/><T59/><D65/><U118/><E118/><V114/><F114/><W55/><G80/><T66/><D66/><U40/><E40/><V44/><F44/><W131/><G45/><T101/><D101/><U22/><E128/><V56/><F71/><W115/><G115/><T130/><D130/><U95/><E95/><V88/><F87/><W134/><G131/><T35/><D35/><U120/><E120/><V84/><F84/><W104/><G104/><T94/><D94/><U27/><E22/><V135/><F119/><W76/><G20/><T12/><D50/><U133/><E133/><V72/><F116/><W108/><G134/><T86/><D86/><U132/><E132/><V103/><F135/><W68/><G68/><T98/><D98/><U63/><E63/><V42/><F62/><W67/><G60/><T46/><D11/><U8/><E8/><V96/><F96/><W24/><G9/><T19/><D6/><RYUUKYOKU ba="0,0" sc="240,-10,150,30,330,-10,280,-10" hai1="21,27,29,51,53,78,79,90,93,97,109,110,111" /><INIT seed="3,1,0,3,3,91" ten="230,180,320,270" oya="3" hai0="21,104,101,89,83,85,50,48,68,121,23,27,125" hai1="25,106,86,55,51,59,47,67,98,81,64,11,40" hai2="128,102,122,19,61,35,20,37,124,65,42,46,105" hai3="58,87,97,109,63,56,32,17,26,14,96,2,52"/><W34/><G2/><T118/><D118/><U57/><E57/><V49/><F122/><W16/><G109/><T115/><D121/><U93/><E106/><V123/><F123/><W110/><G110/><T28/><D68/><U99/><E99/><V73/><F73/><W71/><G71/><T24/><D125/><U82/><E25/><V135/><F35/><W3/><G3/><T15/><D115/><U76/><E82/><V114/><F124/><W84/><G34/><T38/><D38/><U62/><REACH who="1" step="1"/><E11/><REACH who="1" ten="230,170,320,270" step="2"/><V10/><F10/><N who="3" m="6231" /><G32/><T54/><D104/><U18/><E18/><V69/><F19/><W117/><G117/><T31/><D101/><AGARI ba="1,1" hai="40,47,51,55,59,62,64,67,76,81,86,93,98,101" machi="101" ten="30,7700,0" yaku="1,1,7,1,8,1,52,1,53,0" doraHai="91" doraHaiUra="131" who="1" fromWho="0" sc="230,-80,170,90,320,0,270,0" /><INIT seed="4,0,0,0,4,5" ten="150,260,320,270" oya="0" hai0="75,68,50,28,37,9,106,90,100,129,8,39,119" hai1="89,18,122,44,110,120,99,133,130,108,54,93,104" hai2="71,87,35,25,23,131,70,11,98,101,112,61,10" hai3="38,76,121,63,117,113,64,27,80,53,77,103,97"/><T1/><D119/><U85/><E54/><V56/><F131/><W31/><G117/><T60/><D75/><U55/><E55/><V114/><F35/><W111/><G111/><T6/><D129/><U21/><E44/><V3/><F3/><W74/><G113/><N who="2" m="43625" /><F87/><W41/><G53/><T0/><D50/><U127/><E18/><N who="2" m="12535" /><F71/><W86/><G121/><N who="1" m="46698" /><E21/><V36/><F36/><W107/><G38/><T81/><D28/><U96/><E130/><V95/><F70/><W88/><G41/><T135/><D135/><U22/><E22/><V43/><F43/><W94/><G77/><T12/><D81/><U32/><E32/><V47/><F47/><W109/><G109/><N who="1" m="42090" /><E127/><V4/><F4/><W15/><G15/><T124/><D124/><U17/><E17/><V33/><F33/><W84/><G27/><T24/><D24/><U92/><E104/><V66/><AGARI ba="0,0" hai="10,11,56,61,66,95,98,101" m="12535,43625" machi="66" ten="30,4000,0" yaku="15,1,52,2" doraHai="5" who="2" fromWho="2" sc="150,-20,260,-10,320,40,270,-10" /><INIT seed="5,0,0,0,4,44" ten="130,250,360,260" oya="1" hai0="26,41,32,18,131,55,76,61,73,24,27,130,65" hai1="13,79,25,60,4,119,43,54,107,116,7,40,49" hai2="74,84,81,8,17,19,36,15,29,118,103,47,34" hai3="104,101,22,94,46,96,42,90,106,11,85,37,91"/><U67/><E107/><V112/><F118/><W0/><G22/><T45/><D55/><U122/><E122/><V109/><F112/><W132/><G132/><T71/><D18/><U78/><E25/><V53/><F74/><W95/><REACH who="3" step="1"/><G101/><REACH who="3" ten="130,250,360,250" step="2"/><T123/><D123/><U92/><E116/><V102/><F103/><W30/><G30/><T117/><D117/><U66/><E119/><V114/><F102/><W59/><G59/><T98/><D32/><U57/><E57/><V28/><F34/><W75/><G75/><T38/><D73/><U20/><E20/><V82/><F28/><W129/><G129/><T127/><D131/><U48/><E66/><V23/><F29/><W110/><G110/><T133/><D133/><U128/><E67/><V124/><F109/><W64/><G64/><T113/><D130/><U5/><E128/><V62/><F23/><W33/><G33/><T125/><D113/><U6/><E13/><V126/><F15/><W56/><G56/><T31/><D31/><U10/><E10/><V134/><F8/><W80/><G80/><T100/><REACH who="0" step="1"/><D76/><REACH who="0" ten="120,250,360,250" step="2"/><U86/><E78/><V77/><F114/><W58/><G58/><T35/><D35/><U115/><E79/><V2/><F77/><W105/><G105/><AGARI ba="0,2" hai="24,26,27,38,41,45,61,65,71,98,100,105,125,127" machi="105" ten="40,2600,0" yaku="1,1,53,1" doraHai="44" doraHaiUra="93" who="0" fromWho="3" sc="120,46,250,0,360,0,250,-26" /><INIT seed="6,0,0,1,4,107" ten="166,250,360,224" oya="2" hai0="0,126,56,114,12,82,24,58,14,80,64,109,105" hai1="51,133,13,48,7,5,69,18,117,101,26,21,98" hai2="2,121,60,110,100,4,19,8,68,32,28,20,85" hai3="73,115,59,132,37,79,89,131,127,90,31,92,33"/><V134/><F121/><W11/><G31/><T83/><D109/><U103/><E69/><V119/><F110/><W65/><G33/><T23/><D105/><U95/><E117/><V66/><F119/><W10/><G37/><T118/><D118/><U97/><E133/><V116/><F134/><W15/><G132/><T16/><D114/><U22/><E7/><V104/><F85/><W9/><G131/><T46/><D0/><U76/><E76/><V106/><F100/><W27/><G27/><T71/><D126/><U78/><E78/><V72/><F72/><W30/><G30/><T38/><D71/><U94/><REACH who="1" step="1"/><E5/><REACH who="1" ten="166,240,360,224" step="2"/><V63/><F116/><W67/><G79/><T55/><D64/><U91/><E91/><V81/><F4/><W44/><G90/><T88/><D88/><U102/><E102/><V70/><F66/><W17/><G67/><T29/><D12/><U54/><E54/><V47/><F70/><W123/><G15/><T93/><D55/><U87/><E87/><V42/><F68/><W75/><G65/><T84/><D84/><U36/><E36/><V34/><F2/><W135/><G135/><T3/><D3/><U86/><E86/><V53/><F53/><W124/><G89/><T40/><REACH who="0" step="1"/><D93/><REACH who="0" ten="156,240,360,224" step="2"/><U130/><E130/><V1/><F1/><W120/><G92/><T61/><D61/><U125/><E125/><V25/><F63/><W74/><G127/><T129/><D129/><U108/><E108/><V35/><F60/><W112/><G124/><T77/><D77/><U49/><E49/><V122/><F104/><W6/><G123/><RYUUKYOKU ba="0,2" sc="156,15,240,15,360,-15,224,-15" hai0="14,16,23,24,29,38,40,46,56,58,80,82,83" hai1="13,18,21,22,26,48,51,94,95,97,98,101,103" /><INIT seed="7,1,2,5,4,35" ten="171,255,345,209" oya="3" hai0="87,124,65,109,9,84,131,81,116,1,80,59,122" hai1="0,120,67,52,74,10,78,6,34,92,97,31,3" hai2="77,129,7,37,83,47,125,134,106,14,55,48,69" hai3="105,98,88,11,16,108,70,44,72,127,79,103,46"/><W2/><G70/><T119/><D122/><U41/><E67/><V20/><F106/><W58/><G58/><T114/><D109/><U82/><E41/><V28/><F69/><W5/><G127/><T19/><D124/><U117/><E120/><V62/><F125/><W75/><G108/><T57/><D131/><U36/><E36/><V95/><F129/><W40/><G46/><T15/><D1/><U94/><E94/><V93/><F37/><W42/><G42/><T22/><D114/><U130/><E130/><V135/><F62/><W49/><G79/><N who="0" m="46111" /><D119/><U126/><E52/><V104/><F104/><W99/><G99/><T121/><D116/><U13/><E117/><V86/><F7/><W71/><G71/><T111/><D111/><U115/><E115/><V29/><F14/><W123/><G123/><T53/><D121/><U17/><E6/><V118/><F118/><W64/><G64/><T96/><D65/><U89/><E126/><V56/><F47/><W38/><G38/><T51/><D96/><U33/><E33/><V18/><F18/><W68/><G68/><T101/><D101/><U27/><AGARI ba="1,2" hai="0,3,10,13,17,27,31,34,74,78,82,89,92,97" machi="27" ten="30,4000,0" yaku="0,1,52,2" doraHai="35" who="1" fromWho="1" sc="171,-11,255,63,345,-11,209,-21" owari="160,-34.0,318,12.0,334,43.0,188,-21.0" /></mjloggm>