<mjloggm ver="2.3"><GO type="169" lobby="0"/><UN n0="%E3%81%A8%E3%81%A0%E3%81%81%EF%BC%81" n1="%E3%81%9E%E3%82%8B%E3%83%BC%E3%81%9F" n2="%E7%99%BE%E7%89%A9%E8%AA%9E" n3="%E3%82%A6%E3%83%AB%E3%83%88%E3%83%A9%E7%AB%8B%E7%9B%B4" dan="16,16,16,18" rate="2055.16,2149.21,2138.07,2246.39" sx="M,M,M,M"/><TAIKYOKU oya="0"/><INIT seed="0,0,0,1,2,13" ten="250,250,250,250" oya="0" hai0="59,71,42,24,91,27,26,85,113,28,90,4,43" hai1="29,66,124,12,9,89,7,0,30,11,6,40,41" hai2="21,126,116,112,100,107,114,96,62,51,55,93,16" hai3="109,60,36,18,64,131,81,74,65,133,128,83,79"/><T132/><D113/><U10/><E124/><V111/><F111/><W22/><G36/><T75/><D71/><U39/><E39/><V49/><F126/><W45/><G109/><T56/><D75/><U120/><E120/><V82/><F116/><W77/><G45/><T92/><D132/><U129/><E129/><V104/><F51/><W95/><G95/><T20/><D4/><U130/><E130/><N who="3" m="49706" /><G60/><T31/><D90/><U47/><E47/><V108/><F108/><W98/><G98/><T58/><REACH who="0" step="1"/><D27/><REACH who="0" ten="240,250,250,250" step="2"/><U73/><E73/><V102/><F114/><W67/><G133/><T121/><D121/><U5/><E89/><V17/><F112/><W25/><G74/><T15/><D15/><U135/><E135/><V106/><F102/><W46/><G46/><T69/><D69/><U63/><E12/><V35/><F100/><W87/><G79/><T88/><D88/><U97/><E0/><V68/><F68/><W125/><G125/><T2/><D2/><U23/><E5/><V101/><F82/><AGARI ba="0,1" hai="18,22,25,64,65,67,77,81,82,83,87" m="49706" machi="82" ten="30,2000,0" yaku="19,1,52,1" doraHai="13" who="3" fromWho="2" sc="240,0,250,0,250,-20,250,30" /><INIT seed="1,0,0,5,4,30" ten="240,250,230,280" oya="1" hai0="52,127,94,56,49,0,57,26,45,39,67,89,124" hai1="107,123,70,28,13,64,78,17,46,118,41,71,58" hai2="101,14,50,61,98,36,90,132,104,87,35,21,40" hai3="24,109,85,7,96,20,33,19,2,110,59,60,116"/><U5/><E118/><V44/><F132/><W99/><G116/><T77/><D0/><U4/><E107/><V81/><F61/><W9/><G85/><T42/><D77/><U105/><E105/><V135/><F135/><W72/><G72/><T16/><D26/><U32/><E78/><V53/><F21/><W43/><G43/><T55/><D16/><U1/><E123/><V79/><F14/><W112/><G112/><T106/><D106/><U34/><E28/><V51/><F79/><W8/><G8/><T23/><D23/><U15/><E58/><V63/><F63/><W84/><G84/><T68/><D89/><U18/><E1/><V108/><F108/><N who="3" m="41579" /><G33/><T111/><D94/><U130/><E41/><V125/><F125/><N who="0" m="48202" /><D111/><U54/><E54/><AGARI ba="0,0" hai="2,7,9,19,20,24,54,59,60,96,99" m="41579" machi="54" ten="30,1000,0" yaku="14,1" doraHai="30" who="3" fromWho="1" sc="240,0,250,-10,230,0,280,10" /><INIT seed="2,0,0,0,1,89" ten="240,240,230,290" oya="2" hai0="111,71,48,112,20,130,96,50,42,63,35,95,60" hai1="10,92,47,40,57,106,39,127,33,105,22,23,87" hai2="99,97,53,129,98,90,82,121,62,21,43,12,118" hai3="61,66,3,135,49,15,51,4,55,81,38,75,134"/><V41/><F121/><W31/><G38/><T103/><D112/><U93/><E33/><V67/><F129/><W0/><G31/><T124/><D35/><U18/><E127/><V110/><F110/><W68/><G75/><T2/><D124/><U117/><E117/><V84/><F118/><W65/><G81/><T9/><D130/><U36/><E87/><V102/><F53/><W72/><G72/><T30/><D111/><U120/><E120/><V86/><F86/><W123/><G123/><T109/><D109/><U85/><E85/><V58/><F102/><W27/><G27/><N who="0" m="16743" /><D71/><U83/><E83/><V77/><F77/><W114/><G114/><T91/><D2/><U19/><E57/><V52/><F67/><W128/><G66/><T126/><D126/><U17/><E10/><V79/><F79/><W78/><G78/><T133/><D133/><U107/><REACH who="1" step="1"/><E36/><REACH who="1" ten="240,230,230,290" step="2"/><V94/><F82/><W8/><G128/><T69/><D9/><U113/><E113/><V32/><F32/><W64/><G134/><T131/><D131/><U44/><E44/><V1/><F1/><W74/><G135/><T25/><D69/><U13/><E13/><V14/><F21/><AGARI ba="0,1" hai="17,18,19,21,22,23,39,40,47,92,93,105,106,107" machi="21" ten="50,6400,0" yaku="1,1,52,2,53,0" doraHai="89" doraHaiUra="104" who="1" fromWho="2" sc="240,0,230,74,230,-64,290,0" /><INIT seed="3,0,0,5,5,51" ten="240,304,166,290" oya="3" hai0="53,101,120,85,36,22,6,91,44,81,23,54,133" hai1="92,71,104,29,25,16,34,2,38,107,73,83,24" hai2="88,63,118,123,37,94,77,116,106,7,56,46,0" hai3="32,79,67,21,125,8,11,26,42,129,89,47,99"/><W105/><G129/><T117/><D120/><U10/><E71/><V97/><F123/><W87/><G125/><T109/><D117/><U68/><E68/><V61/><F106/><W124/><G32/><T4/><D109/><U95/><E38/><V66/><F77/><W115/><G115/><T75/><D75/><U80/><E10/><V60/><F0/><W102/><G67/><T27/><D133/><U90/><E2/><V19/><F7/><N who="0" m="2602" /><D36/><U55/><E29/><V127/><F127/><W48/><G79/><T112/><D44/><U49/><E49/><V119/><F19/><W58/><G58/><T12/><D112/><U33/><E90/><V135/><F135/><W111/><G111/><T130/><D130/><U72/><REACH who="1" step="1"/><E16/><REACH who="1" ten="240,294,166,290" step="2"/><V96/><F96/><W132/><G124/><T43/><D101/><U121/><E121/><V14/><REACH who="2" step="1"/><F14/><REACH who="2" ten="240,294,156,290" step="2"/><W35/><G132/><T17/><D43/><AGARI ba="0,2" hai="37,43,46,56,60,61,63,66,88,94,97,116,118,119" machi="43" ten="40,5200,0" yaku="1,1,2,1,54,1,53,0" doraHai="51" doraHaiUra="82" who="2" fromWho="0" sc="240,-52,294,0,156,72,290,0" /><INIT seed="4,0,0,1,2,74" ten="188,294,228,290" oya="0" hai0="6,58,64,61,63,60,32,27,67,123,49,44,78" hai1="30,51,8,90,108,133,22,77,25,2,122,52,65" hai2="10,111,107,20,14,121,80,24,104,131,114,41,116" hai3="97,3,83,113,1,128,53,94,46,124,56,43,117"/><T7/><D123/><U88/><E122/><V4/><F121/><W59/><G117/><T42/><D32/><U130/><E108/><V91/><F116/><W132/><G113/><T125/><D125/><U76/><E2/><V28/><F114/><W62/><G128/><T79/><D27/><U118/><E118/><V12/><F131/><W89/><G132/><T37/><D37/><U129/><E129/><V84/><F111/><W115/><G115/><T100/><D100/><U26/><E130/><V15/><F41/><W87/><G59/><N who="0" m="36895" /><D63/><U101/><E133/><V81/><REACH who="2" step="1"/><F80/><REACH who="2" ten="188,294,218,290" step="2"/><W48/><REACH who="3" step="1"/><G124/><REACH who="3" ten="188,294,218,280" step="2"/><T135/><D135/><U126/><E126/><V66/><F66/><W50/><G50/><T103/><D103/><AGARI ba="0,2" hai="1,3,43,46,48,53,56,62,83,87,89,94,97,103" machi="103" ten="30,2000,0" yaku="1,1,7,1,53,0" doraHai="74" doraHaiUra="134" who="3" fromWho="0" sc="188,-20,294,0,218,0,280,40" /><INIT seed="5,0,0,0,3,45" ten="168,294,218,320" oya="1" hai0="94,26,19,134,56,109,9,114,50,82,28,54,98" hai1="31,59,5,121,20,48,116,63,62,70,33,55,79" hai2="128,29,100,13,91,35,78,68,117,15,95,36,122" hai3="10,47,105,120,16,34,46,27,127,60,89,125,24"/><U0/><E116/><V30/><F117/><W6/><G105/><T40/><D109/><U2/><E121/><V57/><F68/><W52/><G120/><T51/><D114/><U44/><E33/><V119/><F119/><W85/><G34/><T92/><D134/><U7/><E79/><V38/><F122/><W67/><G67/><T12/><D82/><U3/><E70/><V75/><F100/><W61/><G27/><T129/><D129/><U32/><E32/><V104/><F104/><W66/><G66/><T17/><D17/><U11/><E63/><V71/><F71/><W130/><G130/><T69/><D69/><U118/><E118/><V84/><F30/><W88/><G89/><T111/><D111/><U96/><E96/><V25/><F128/><W42/><G24/><T74/><D74/><U65/><REACH who="1" step="1"/><E11/><REACH who="1" ten="168,284,218,320" step="2"/><V4/><F78/><W53/><G61/><T73/><D73/><U22/><E22/><V64/><F75/><W123/><G60/><T43/><D98/><U23/><E23/><V93/><F35/><W8/><G123/><T14/><D9/><U77/><E77/><V81/><F64/><W1/><G10/><T108/><D108/><U135/><E135/><V90/><F84/><W21/><G8/><T72/><D72/><U18/><E18/><V80/><F4/><W87/><G6/><T112/><D19/><U58/><E58/><V110/><F57/><W83/><G87/><T124/><D56/><U39/><E39/><V107/><F110/><W126/><G85/><T76/><D76/><U132/><E132/><V106/><F38/><RYUUKYOKU ba="0,1" sc="168,-10,284,30,218,-10,320,-10" hai1="0,2,3,5,7,20,31,44,48,55,59,62,65" /><INIT seed="5,1,1,5,0,19" ten="158,314,208,310" oya="1" hai0="58,62,97,126,41,109,56,115,17,37,122,133,1" hai1="33,127,96,131,120,105,52,113,0,119,25,30,34" hai2="60,128,61,44,59,43,102,8,38,132,112,5,129" hai3="67,10,135,54,27,95,83,121,87,71,21,73,40"/><U31/><E119/><V90/><F132/><W89/><G121/><T84/><D109/><U110/><E120/><V39/><F102/><W9/><G135/><T6/><D122/><U69/><E110/><V68/><F90/><W94/><G40/><T32/><D133/><U66/><E0/><V104/><F104/><W81/><G71/><T70/><D32/><U82/><E113/><V48/><F112/><W93/><G67/><T64/><D115/><U114/><E114/><V28/><F28/><N who="3" m="17519" /><G73/><T49/><D126/><U53/><E127/><V92/><F92/><N who="3" m="35435" /><G54/><T134/><D97/><U98/><E82/><AGARI ba="1,1" hai="9,10,81,82,83,87,89,95" m="35435,17519" machi="82" ten="30,2000,0" yaku="8,1,52,1" doraHai="19" who="3" fromWho="1" sc="158,0,314,-23,208,0,310,33" /><INIT seed="6,0,0,3,1,56" ten="158,291,208,343" oya="2" hai0="88,26,128,25,85,79,14,4,66,108,33,19,124" hai1="109,69,125,20,111,71,62,23,36,99,134,98,100" hai2="7,42,5,121,126,104,35,70,1,129,119,29,48" hai3="118,103,17,53,49,28,83,82,54,97,132,133,3"/><V31/><F104/><W55/><G3/><T78/><D108/><U52/><E36/><V12/><F70/><W95/><G118/><T16/><D128/><U127/><E52/><N who="3" m="20074" /><G28/><N who="2" m="10825" /><F48/><W47/><G17/><N who="0" m="6731" /><D33/><U21/><E134/><AGARI ba="0,0" hai="47,49,55,82,83,95,97,103,132,133,134" m="20074" machi="134" ten="30,2000,0" yaku="20,1,54,1" doraHai="56" who="3" fromWho="1" sc="158,0,291,-20,208,0,343,20" /><INIT seed="7,0,0,5,3,98" ten="158,271,208,363" oya="3" hai0="113,114,112,134,2,87,117,31,16,115,66,22,12" hai1="47,100,25,78,97,68,15,121,59,73,34,7,69" hai2="120,30,5,62,71,0,17,79,13,125,58,127,85" hai3="95,42,43,8,50,49,124,70,88,65,57,102,38"/><W35/><G35/><T40/><N who="0" m="28672" /><DORA hai="92" /><T75/><D117/><U89/><E89/><V64/><F30/><W72/><G88/><T74/><D134/><U11/><E121/><V126/><F120/><W24/><G95/><T99/><D2/><U56/><E47/><V131/><F131/><W52/><G102/><T86/><D40/><U39/><E39/><V116/><F116/><W132/><G52/><T94/><D66/><U44/><E44/><V41/><F41/><W3/><G3/><T14/><D31/><U6/><E6/><V51/><F5/><W107/><G65/><T36/><D36/><U54/><E56/><V53/><F0/><W129/><G57/><T76/><D12/><U1/><E1/><V108/><F108/><W29/><G29/><T109/><D109/><U101/><E101/><V45/><F85/><N who="0" m="32266" /><D76/><U135/><E135/><V61/><F79/><W83/><G38/><T27/><D27/><U26/><E26/><V4/><F4/><W37/><G24/><T90/><AGARI ba="0,0" hai="14,16,22,74,75,90,94,99" m="32266,28672" machi="90" ten="60,8000,1" yaku="15,1,11,1,52,1,54,1" doraHai="98,92" who="0" fromWho="0" sc="158,80,271,-20,208,-20,363,-40" owari="238,-16.0,251,5.0,188,-31.0,323,42.0" /></mjloggm>