<mjloggm ver="2.3"><GO type="169" lobby="0"/><UN n0="%E3%82%A6%E3%83%AB%E3%83%88%E3%83%A9%E7%AB%8B%E7%9B%B4" n1="%E3%81%AF%E3%81%84%E3%81%A6%E3%82%93%E3%81%BC%E3%83%BC" n2="%E7%91%9E%E5%8E%9F%E3%81%AF%E3%82%84%E3%82%8A%E3%83%97%E3%83%AD" n3="%6D%69%72%69%72%69" dan="18,18,18,18" rate="2244.43,2230.76,2188.99,2227.25" sx="M,M,F,M"/><TAIKYOKU oya="0"/><INIT seed="0,0,0,1,2,75" ten="250,250,250,250" oya="0" hai0="52,104,59,27,26,55,61,24,87,98,42,76,50" hai1="9,39,91,93,19,89,33,124,109,51,115,120,18" hai2="17,40,116,31,78,130,29,121,49,79,128,85,36" hai3="125,123,118,94,7,117,6,113,86,11,58,23,54"/><T69/><D42/><U46/><E120/><V95/><F121/><W47/><G123/><T111/><D111/><U88/><E33/><V30/><F36/><W64/><G113/><T102/><D69/><U96/><E109/><V21/><F116/><W43/><G64/><T22/><D87/><U53/><E115/><V1/><F1/><W12/><G125/><T63/><D76/><U67/><E124/><V35/><F35/><W25/><G7/><T132/><D132/><U70/><E39/><V34/><F34/><W101/><G101/><T28/><REACH who="0" step="1"/><D63/><REACH who="0" ten="240,250,250,250" step="2"/><U83/><E70/><V4/><F130/><W126/><G86/><T122/><D122/><U41/><E41/><V32/><F128/><W65/><G126/><T2/><D2/><U80/><E67/><V135/><F135/><W112/><G65/><T48/><D48/><U66/><E66/><V71/><F71/><W127/><G127/><T73/><D73/><U84/><E9/><V133/><F133/><W103/><G112/><T68/><D68/><U106/><E106/><V14/><F32/><W15/><G43/><T60/><D60/><U129/><E129/><V72/><F72/><W100/><G117/><T10/><D10/><U108/><E108/><V0/><F0/><W134/><G11/><T16/><D16/><N who="1" m="6187" /><E80/><V62/><F62/><W110/><G110/><T45/><AGARI ba="0,1" hai="22,24,26,27,28,45,50,52,55,59,61,98,102,104" machi="45" ten="20,7800,0" yaku="1,1,0,1,7,1,54,1,53,0" doraHai="75" doraHaiUra="8" who="0" fromWho="0" sc="240,88,250,-26,250,-26,250,-26" /><INIT seed="0,1,0,5,2,70" ten="328,224,224,224" oya="0" hai0="69,27,108,22,34,13,130,92,59,44,85,41,1" hai1="53,135,83,93,32,45,113,123,30,79,37,99,55" hai2="131,122,52,39,88,50,97,76,73,127,10,101,62" hai3="72,21,121,61,48,56,125,96,0,40,19,46,49"/><T109/><D69/><U43/><E123/><V104/><F122/><W95/><G121/><T115/><D1/><U120/><E120/><V71/><F131/><W117/><G0/><T29/><D115/><U15/><E113/><V6/><F127/><W129/><G129/><T9/><D59/><U98/><E135/><V132/><F132/><W64/><G125/><T38/><D130/><U33/><E15/><V118/><F118/><W18/><G72/><T16/><D85/><U94/><E30/><V24/><F39/><W80/><G80/><T133/><D133/><U11/><E11/><V82/><F24/><W17/><G117/><T26/><REACH who="0" step="1"/><D92/><REACH who="0" ten="318,224,224,224" step="2"/><U119/><E119/><V28/><F71/><W78/><G78/><T89/><D89/><U74/><E94/><V128/><F128/><W107/><G107/><T4/><AGARI ba="1,1" hai="4,9,13,16,22,26,27,29,34,38,41,44,108,109" machi="4" ten="30,11700,0" yaku="1,1,0,1,52,1,54,1,53,0" doraHai="70" doraHaiUra="54" who="0" fromWho="0" sc="318,130,224,-40,224,-40,224,-40" /><INIT seed="0,2,0,2,4,8" ten="448,184,184,184" oya="0" hai0="51,50,96,115,28,103,83,86,24,59,69,60,89" hai1="124,18,66,85,118,21,29,122,13,67,53,92,5" hai2="3,37,44,132,36,100,134,43,30,90,70,76,106" hai3="42,9,121,12,130,46,32,129,63,52,112,49,31"/><T123/><D115/><U64/><E118/><V84/><F70/><W101/><G112/><T1/><D1/><U95/><E122/><V11/><F76/><W127/><G121/><T55/><D69/><U74/><E74/><V98/><F36/><W125/><G101/><T116/><D116/><U72/><E72/><V93/><F30/><W4/><G32/><T109/><D109/><U97/><E124/><N who="3" m="47690" /><G31/><T78/><D78/><U20/><E5/><V57/><F3/><W135/><G135/><T34/><REACH who="0" step="1"/><D123/><REACH who="0" ten="438,184,184,184" step="2"/><U15/><E29/><V114/><F114/><W14/><G14/><T2/><D2/><U87/><E53/><V108/><F108/><W23/><G23/><T38/><D38/><U71/><E71/><V45/><F134/><W35/><G35/><T80/><D80/><U40/><E40/><V77/><F132/><W33/><G33/><T75/><D75/><U41/><E41/><V102/><F43/><W16/><G4/><T82/><D82/><U61/><E21/><V62/><F37/><W25/><G25/><T7/><D7/><U27/><E13/><V48/><F77/><W10/><G9/><T0/><D0/><U79/><E27/><V19/><F11/><W73/><G73/><T17/><D17/><U99/><E79/><V113/><F19/><W6/><G6/><T128/><D128/><U22/><E22/><V65/><F113/><W56/><AGARI ba="2,1" hai="10,12,16,42,46,49,52,56,63,129,130" m="47690" machi="56" ten="30,7900,0" yaku="18,1,52,1,54,2" doraHai="8" who="3" fromWho="3" sc="438,-41,184,-22,184,-22,184,95" /><INIT seed="1,0,0,2,0,75" ten="397,162,162,279" oya="1" hai0="123,97,42,87,62,81,82,99,69,100,86,101,68" hai1="120,28,70,31,54,117,113,14,4,88,111,83,71" hai2="6,0,33,102,38,30,58,20,95,78,52,126,104" hai3="27,60,110,23,22,48,74,131,112,84,108,105,47"/><U17/><E120/><V80/><F104/><W11/><G74/><T12/><D42/><U129/><E117/><V24/><F38/><W39/><G39/><T3/><D12/><U43/><E113/><V51/><F126/><W34/><G112/><T44/><D44/><U1/><E129/><V61/><F0/><W8/><G105/><T25/><D25/><U98/><E43/><V46/><F6/><W79/><G34/><T90/><D3/><U125/><E125/><V77/><F33/><W127/><G60/><T114/><D114/><U89/><E4/><V94/><F80/><N who="3" m="47135" /><G131/><T91/><REACH who="0" step="1"/><D62/><REACH who="0" ten="387,162,162,279" step="2"/><U96/><E1/><V57/><F57/><W72/><G127/><T65/><D65/><U7/><E14/><V45/><F45/><W2/><G2/><T67/><D67/><U135/><E54/><N who="2" m="30071" /><F102/><W26/><G26/><T19/><D19/><U107/><E17/><V116/><F116/><W5/><G27/><T15/><D15/><U109/><E7/><V55/><F55/><W133/><G5/><T16/><D16/><U50/><E28/><V103/><F103/><W106/><G47/><T122/><AGARI ba="0,1" hai="68,69,81,82,86,87,90,91,97,99,100,101,122,123" machi="122" ten="25,12000,2" yaku="1,1,0,1,22,2,53,2" doraHai="75" doraHaiUra="64" who="0" fromWho="0" sc="387,130,162,-60,162,-30,279,-30" /><INIT seed="2,0,0,5,1,69" ten="517,102,132,249" oya="2" hai0="56,6,100,63,51,134,33,25,57,26,129,40,8" hai1="67,113,107,123,15,70,91,82,49,71,90,66,98" hai2="1,20,31,55,23,130,75,117,99,14,110,42,60" hai3="11,102,2,34,85,120,114,77,29,101,116,86,30"/><V76/><F117/><W22/><G116/><T62/><D129/><U32/><E113/><V121/><F121/><W5/><G34/><T18/><D100/><U46/><E32/><V39/><F1/><W126/><G120/><T38/><D51/><U27/><E123/><V16/><F130/><W80/><G126/><T21/><D134/><U93/><E107/><V4/><F4/><W95/><G114/><T58/><D40/><U10/><E27/><V7/><F7/><W64/><G64/><T125/><D38/><U108/><E108/><V105/><F110/><W53/><G53/><T119/><D125/><U50/><E71/><V88/><F75/><W9/><G9/><T12/><REACH who="0" step="1"/><D119/><REACH who="0" ten="507,102,132,249" step="2"/><U54/><E54/><V128/><BYE who="1" /><F128/><W44/><G101/><T35/><D35/><U112/><E112/><V109/><F109/><W81/><G102/><UN n1="%E3%81%AF%E3%81%84%E3%81%A6%E3%82%93%E3%81%BC%E3%83%BC" /><T73/><D73/><U103/><E50/><V68/><F39/><W124/><G124/><T104/><D104/><U132/><E49/><V61/><F105/><W0/><G0/><T96/><D96/><U36/><E36/><V17/><F42/><W122/><G122/><T79/><D79/><U118/><E118/><V3/><F76/><W92/><G44/><T28/><AGARI ba="0,1" hai="6,8,12,18,21,25,26,28,33,56,57,58,62,63" machi="28" ten="30,2000,0" yaku="1,1,0,1,53,0" doraHai="69" doraHaiUra="135" who="0" fromWho="0" sc="507,30,102,-5,132,-10,249,-5" /><INIT seed="3,0,0,3,3,15" ten="537,97,122,244" oya="3" hai0="3,64,82,101,10,76,105,68,88,34,89,1,114" hai1="92,66,115,54,18,117,85,47,102,35,38,133,36" hai2="95,11,107,69,25,0,41,75,32,128,79,58,83" hai3="5,80,31,96,44,63,60,131,17,110,20,62,65"/><W132/><G132/><T119/><D119/><U13/><E115/><V70/><F128/><W52/><G131/><T84/><D34/><U94/><E35/><V29/><F107/><W104/><G110/><T6/><D1/><U7/><E7/><V49/><F95/><W124/><G124/><T93/><D114/><U57/><E133/><V40/><F40/><W87/><G31/><T23/><D23/><U118/><E66/><V71/><F71/><W121/><G121/><T48/><D48/><U24/><E24/><V125/><F125/><W72/><G72/><T22/><D22/><U30/><E30/><V16/><F0/><W19/><G5/><T109/><D109/><U134/><E134/><V43/><F43/><W67/><G96/><T27/><D27/><U99/><E47/><V2/><F2/><W126/><G104/><T98/><REACH who="0" step="1"/><D105/><REACH who="0" ten="527,97,122,244" step="2"/><U112/><E112/><V122/><F122/><W91/><G126/><T116/><D116/><U55/><E118/><V56/><F41/><W12/><G20/><T97/><D97/><U135/><E117/><V81/><F49/><N who="3" m="28711" /><G12/><T111/><D111/><U130/><E135/><V106/><F106/><W26/><G26/><T90/><D90/><N who="1" m="53327" /><E130/><V77/><F32/><W129/><G129/><T14/><D14/><U28/><E38/><V33/><F33/><W46/><G46/><T37/><D37/><U127/><E36/><V39/><F39/><W59/><G63/><AGARI ba="0,1" hai="3,6,10,63,64,68,76,82,84,88,89,93,98,101" machi="63" ten="40,2600,0" yaku="1,1,54,1,53,0" doraHai="15" doraHaiUra="103" who="0" fromWho="3" sc="527,36,97,0,122,0,244,-26" /><INIT seed="4,0,0,3,4,30" ten="563,97,122,218" oya="0" hai0="113,61,98,73,26,71,14,7,59,24,86,123,55" hai1="16,42,64,41,18,106,34,10,107,94,1,101,5" hai2="36,100,15,51,75,129,8,130,6,46,69,50,19" hai3="44,109,47,38,63,58,28,102,112,52,114,39,21"/><T80/><D123/><U92/><E64/><V78/><F69/><W23/><G102/><T99/><D73/><U32/><E101/><V60/><F36/><W45/><G109/><T35/><D71/><U104/><E10/><V96/><F60/><W122/><G122/><T131/><D131/><U120/><E120/><V118/><F118/><W84/><G84/><T25/><D35/><N who="1" m="13355" /><E5/><V9/><F78/><W53/><G53/><T132/><D132/><U0/><E94/><N who="2" m="58391" /><F75/><W110/><G110/><T97/><D113/><N who="3" m="43625" /><G28/><T12/><REACH who="0" step="1"/><D7/><REACH who="0" ten="553,97,122,218" step="2"/><U3/><E92/><V124/><F130/><W105/><G105/><T70/><D70/><U22/><E22/><AGARI ba="0,1" hai="21,22,23,38,39,44,45,47,52,58,63" m="43625" machi="22" ten="30,2000,0" yaku="15,1,54,1" doraHai="30" who="3" fromWho="1" sc="553,0,97,-20,122,0,218,30" /><INIT seed="5,0,0,5,5,98" ten="553,77,122,248" oya="1" hai0="38,9,80,100,4,25,48,5,91,14,103,132,127" hai1="20,28,129,117,32,88,40,106,2,54,33,121,126" hai2="49,18,78,109,29,73,26,94,36,135,128,125,0" hai3="56,17,53,99,16,104,133,89,81,7,116,96,44"/><U12/><E121/><V64/><F109/><W62/><G7/><T124/><D38/><U66/><E117/><V35/><F36/><W120/><G120/><T43/><D5/><U21/><E2/><V34/><F0/><W45/><G133/><T95/><D80/><U97/><E40/><V23/><F135/><W102/><G116/><T52/><D43/><U3/><E3/><V76/><F35/><W59/><G59/><N who="0" m="33159" /><D132/><U119/><E119/><V77/><F128/><W122/><G122/><T27/><D127/><U82/><E66/><V110/><F110/><W101/><G89/><T8/><D8/><U60/><E129/><V6/><F6/><W68/><G81/><T55/><D55/><U65/><E126/><V67/><F125/><W39/><G68/><T114/><D114/><U85/><E54/><V70/><F70/><W1/><G1/><T41/><D41/><U79/><E12/><V111/><F111/><W24/><G24/><N who="0" m="9291" /><D124/><U112/><E112/><V61/><F73/><W87/><G87/><AGARI ba="0,0" hai="4,9,14,87,91,95,100,103" m="9291,33159" machi="87" ten="30,7700,0" yaku="8,1,52,2,54,1" doraHai="98" who="0" fromWho="3" sc="553,77,77,0,122,0,248,-77" /><INIT seed="6,0,0,4,2,27" ten="630,77,122,171" oya="2" hai0="80,61,79,10,12,4,36,134,125,102,59,7,3" hai1="5,19,64,48,87,33,25,63,116,91,93,8,57" hai2="123,118,29,23,22,42,9,60,52,129,81,133,95" hai3="76,92,47,44,28,104,119,127,14,121,128,70,94"/><V73/><F118/><W21/><G104/><T20/><D36/><U58/><E116/><V43/><F123/><W85/><G121/><T35/><D35/><U41/><E33/><V13/><F133/><W39/><G70/><T89/><D102/><U107/><E107/><V40/><F129/><W34/><G34/><T83/><D125/><U15/><E25/><N who="2" m="16567" /><F73/><W6/><G119/><T38/><D38/><U46/><REACH who="1" step="1"/><E58/><REACH who="1" ten="630,67,122,171" step="2"/><N who="2" m="34887" /><F23/><W50/><G21/><T84/><D20/><U24/><E24/><V26/><F26/><W122/><G122/><T72/><D134/><U88/><E88/><V130/><F130/><W30/><G128/><T2/><D4/><AGARI ba="0,1" hai="4,5,8,15,19,41,46,48,57,63,64,87,91,93" machi="4" ten="40,2600,0" yaku="1,1,8,1,53,0" doraHai="27" doraHaiUra="111" who="1" fromWho="0" sc="630,-26,67,36,122,0,171,0" /><INIT seed="7,0,0,2,1,116" ten="604,103,122,171" oya="3" hai0="32,76,135,1,20,25,94,117,107,63,64,9,33" hai1="89,5,86,45,47,71,75,83,52,100,126,59,2" hai2="29,39,95,50,111,34,80,56,127,62,42,104,112" hai3="74,90,132,99,120,106,78,91,121,85,54,79,30"/><W41/><G41/><T69/><D107/><U13/><E71/><V102/><F111/><W11/><G30/><T97/><D117/><U87/><E75/><V68/><F104/><W73/><G54/><T26/><D135/><U122/><E122/><V14/><F39/><W16/><G16/><T21/><D76/><N who="3" m="29225" /><G11/><T130/><D9/><N who="1" m="4271" /><E2/><V81/><F68/><W105/><G132/><T98/><D63/><N who="1" m="36327" /><E126/><V3/><F3/><W119/><G119/><T17/><D17/><U43/><E43/><V15/><F127/><W18/><G18/><T108/><D64/><U24/><E100/><V67/><F112/><W49/><G49/><T31/><D26/><U58/><E87/><V92/><F29/><W113/><G113/><T12/><D31/><U103/><E103/><V4/><F34/><W38/><G38/><T93/><D25/><U109/><E109/><V65/><F65/><W70/><G70/><T129/><D69/><U22/><E58/><V134/><F134/><W124/><G124/><T88/><D108/><U0/><E0/><V114/><F114/><W55/><G55/><T27/><D1/><U115/><E115/><V101/><F101/><W57/><G57/><T19/><D33/><U84/><E84/><V53/><F42/><W131/><G74/><T51/><D32/><U48/><E48/><V82/><F102/><W125/><G105/><T66/><D51/><U8/><E8/><N who="2" m="4359" /><F15/><W40/><G40/><T96/><D12/><U72/><E72/><V77/><F77/><W60/><G125/><T44/><D19/><AGARI ba="0,0" hai="19,22,24,45,47,83,86,89" m="36327,4271" machi="19" ten="30,2000,0" yaku="8,1,54,1" doraHai="116" who="1" fromWho="0" sc="604,-20,103,20,122,0,171,0" owari="584,69.0,123,-28.0,122,-38.0,171,-3.0" /></mjloggm>