<mjloggm ver="2.3"><GO type="169" lobby="0"/><UN n0="%43%4C%53" n1="%E3%82%A6%E3%83%AB%E3%83%88%E3%83%A9%E7%AB%8B%E7%9B%B4" n2="%E3%83%97%E3%83%AD%E3%83%86%E3%82%A4%E3%83%B3%E5%BE%97%E7%9B%9B" n3="%E6%B9%98%E5%8C%97%E2%91%AD%E4%B8%89%E4%BA%95%E5%AF%BF" dan="18,18,16,16" rate="2199.45,2257.37,2161.81,2142.62" sx="M,M,M,M"/><TAIKYOKU oya="0"/><INIT seed="0,0,0,1,4,123" ten="250,250,250,250" oya="0" hai0="103,43,23,80,112,126,46,53,61,55,21,27,36" hai1="12,50,118,9,68,32,56,82,88,38,75,11,127" hai2="92,1,39,0,124,94,101,128,111,90,115,63,44" hai3="6,15,3,8,84,117,30,132,35,114,109,122,91"/><T16/><D126/><U72/><E68/><V102/><F115/><W33/><G122/><T10/><D112/><U19/><E38/><V65/><F124/><W34/><G114/><T70/><D103/><U66/><E32/><V52/><F128/><W79/><G79/><T95/><D95/><U74/><E118/><V47/><F39/><W42/><G42/><T135/><D135/><U37/><E37/><V113/><F113/><W110/><G117/><T45/><D45/><U69/><E69/><V100/><F94/><N who="3" m="54631" /><G132/><T107/><D107/><U104/><E104/><V125/><F125/><W22/><G15/><T51/><D36/><U93/><E127/><V17/><F17/><W59/><G59/><T98/><D98/><U60/><E50/><V85/><F47/><W31/><G22/><T105/><D105/><U116/><E116/><V130/><F130/><W13/><G3/><T62/><D10/><U57/><E57/><V133/><F133/><W25/><G25/><T26/><D80/><U106/><E106/><V129/><F129/><W97/><G97/><T49/><D70/><U86/><REACH who="1" step="1"/><E11/><REACH who="1" ten="250,240,250,250" step="2"/><V40/><F63/><N who="0" m="24074" /><D49/><U81/><AGARI ba="0,1" hai="9,12,19,56,60,66,72,74,75,81,82,86,88,93" machi="81" ten="40,5200,0" yaku="1,1,0,1,54,1,53,0" doraHai="123" doraHaiUra="121" who="1" fromWho="1" sc="250,-26,240,62,250,-13,250,-13" /><INIT seed="1,0,0,1,3,21" ten="224,302,237,237" oya="1" hai0="108,75,13,102,38,1,30,115,72,88,68,14,76" hai1="129,23,112,24,70,124,109,121,114,7,91,43,62" hai2="78,2,41,45,16,36,77,134,123,33,81,118,90" hai3="67,93,113,116,92,56,65,5,103,25,11,0,101"/><U122/><E70/><V104/><F104/><W74/><G74/><T9/><D68/><U135/><E43/><V49/><F2/><W73/><G73/><T60/><D115/><U79/><E79/><V28/><F123/><N who="1" m="47113" /><E62/><V71/><F71/><W105/><G113/><N who="1" m="43626" /><E91/><V84/><F118/><W127/><G116/><T44/><D60/><U35/><E129/><V22/><F134/><W57/><G127/><T63/><D63/><U61/><E61/><V111/><F111/><W31/><G57/><T106/><D108/><U133/><E109/><V97/><F36/><W54/><G67/><T125/><D72/><U34/><E7/><V69/><F69/><W64/><G65/><T4/><D88/><U15/><E15/><V132/><F132/><N who="1" m="50761" /><E124/><V130/><F130/><W80/><G64/><T96/><D125/><U53/><E53/><V3/><F3/><W120/><G120/><T12/><D75/><U6/><E6/><V110/><F110/><W8/><G80/><T98/><D76/><U119/><E119/><V52/><F41/><W85/><G85/><T10/><D38/><U17/><AGARI ba="0,0" hai="17,23,24,34,35" m="50761,43626,47113" machi="17" ten="40,12000,1" yaku="20,1,34,2,52,1" doraHai="21" who="1" fromWho="1" sc="224,-40,302,120,237,-40,237,-40" /><INIT seed="1,1,0,2,5,118" ten="184,422,197,197" oya="1" hai0="33,2,114,62,47,126,44,89,46,94,67,119,131" hai1="56,12,97,99,79,27,106,43,115,73,110,86,34" hai2="100,18,132,58,107,19,15,28,122,81,6,120,75" hai3="103,55,98,52,4,80,23,11,113,69,85,24,91"/><U30/><E115/><V49/><F28/><W54/><G69/><T129/><D2/><U117/><E117/><V26/><F6/><W36/><G36/><T59/><D33/><U0/><E0/><V65/><F26/><W83/><G83/><T88/><D119/><U40/><E73/><V63/><F19/><W112/><G113/><T109/><D114/><U127/><E127/><V125/><F125/><W76/><G76/><T121/><D126/><U135/><E135/><V105/><F132/><W57/><G112/><T128/><D109/><U53/><E12/><V60/><F49/><W90/><G11/><T82/><D82/><U74/><E74/><V71/><F100/><W66/><G4/><T45/><N who="0" m="11776" /><DORA hai="124" /><T31/><D31/><U108/><E86/><V50/><F50/><W17/><G66/><T5/><D5/><U130/><E79/><V123/><F81/><W14/><G14/><T22/><D22/><U41/><E106/><V92/><F92/><N who="3" m="56607" /><G103/><T8/><D8/><U37/><E37/><V20/><REACH who="2" step="1"/><F75/><REACH who="2" ten="184,422,187,197" step="2"/><W51/><AGARI ba="1,1" hai="17,23,24,51,52,54,55,57,80,85,90" m="56607" machi="51" ten="30,2000,0" yaku="8,1,54,1" doraHai="118,124" who="3" fromWho="3" sc="184,-6,422,-11,187,-6,197,33" /><INIT seed="2,0,0,3,1,122" ten="178,411,181,230" oya="2" hai0="102,113,58,121,96,21,86,43,10,110,76,97,23" hai1="39,90,70,50,133,66,67,83,15,124,77,120,6" hai2="38,101,99,52,100,71,55,64,30,127,53,47,72" hai3="74,98,111,117,18,106,128,108,25,84,68,63,65"/><V28/><F72/><W54/><G117/><T17/><D121/><U26/><E39/><V129/><F127/><W27/><G74/><T19/><D113/><U135/><E120/><V118/><F118/><W115/><G115/><T89/><D43/><U107/><E107/><V104/><F101/><W20/><G128/><T14/><D76/><U114/><E114/><V45/><F129/><W42/><G42/><T94/><D10/><U7/><E124/><V123/><F123/><W61/><G84/><T34/><D34/><U9/><E6/><V41/><REACH who="2" step="1"/><F47/><REACH who="2" ten="178,411,171,230" step="2"/><W31/><G61/><AGARI ba="0,1" hai="28,30,38,41,45,52,53,55,61,64,71,99,100,104" machi="61" ten="40,7700,0" yaku="1,1,2,1,54,1,53,0" doraHai="122" doraHaiUra="82" who="2" fromWho="3" sc="178,0,411,0,171,87,230,-77" /><INIT seed="2,1,0,1,1,43" ten="178,411,258,153" oya="2" hai0="111,23,78,71,34,46,8,112,28,109,73,66,37" hai1="116,93,15,99,135,11,81,27,118,64,30,35,106" hai2="88,47,44,29,42,115,75,25,59,117,86,133,131" hai3="65,48,108,13,91,3,83,58,124,110,80,55,96"/><V31/><F75/><W127/><G3/><T89/><D89/><U5/><E135/><V128/><F117/><W119/><G119/><T33/><D23/><U68/><E93/><V67/><F115/><W0/><G0/><T51/><D112/><U69/><E81/><N who="2" m="49231" /><F42/><W9/><G65/><T10/><D37/><U126/><E69/><V54/><F67/><W87/><G96/><T70/><D78/><U41/><E41/><V76/><F76/><W2/><G83/><T7/><D73/><U95/><E126/><N who="3" m="48170" /><G2/><T14/><D10/><U62/><E106/><V92/><F92/><W61/><G61/><N who="0" m="40271" /><D28/><N who="2" m="10826" /><F25/><W26/><G26/><T129/><D71/><U97/><E97/><V85/><F85/><W132/><G132/><T104/><D104/><U1/><E1/><V90/><F90/><AGARI ba="1,0" hai="5,11,15,27,30,35,62,64,68,90,95,99,116,118" machi="90" ten="30,1000,0" yaku="7,1" doraHai="43" who="1" fromWho="2" sc="178,0,411,13,258,-13,153,0" /><INIT seed="3,0,0,5,4,124" ten="178,424,245,153" oya="3" hai0="118,84,26,18,10,104,56,17,130,19,65,90,109" hai1="39,122,117,92,44,77,67,3,9,111,53,123,101" hai2="99,112,83,108,86,42,128,91,34,47,131,50,45" hai3="8,33,41,110,7,70,54,85,96,132,121,94,4"/><W105/><G33/><T27/><D118/><U36/><E67/><V93/><F34/><W58/><G70/><T40/><D104/><U59/><E77/><V125/><F112/><W0/><G121/><T126/><D126/><U68/><E68/><V119/><F119/><W55/><G41/><T75/><D75/><U71/><E71/><V74/><F125/><W81/><G105/><T60/><D109/><U25/><E25/><N who="0" m="9225" /><D40/><U63/><E111/><V38/><F74/><W89/><G110/><T115/><D115/><U46/><E117/><V66/><F66/><W69/><G69/><T120/><D120/><U88/><E101/><V114/><F114/><W98/><G132/><T1/><D1/><U2/><E2/><V6/><F6/><W135/><G135/><T87/><D87/><U95/><E3/><V79/><REACH who="2" step="1"/><F108/><REACH who="2" ten="178,424,235,153" step="2"/><W133/><G4/><T11/><D65/><U14/><E123/><V134/><F134/><W80/><G133/><T37/><D11/><U127/><E9/><V12/><F12/><W13/><G0/><T16/><D10/><U52/><E14/><V30/><F30/><W43/><G43/><AGARI ba="0,1" hai="38,42,43,45,47,50,79,83,86,91,93,99,128,131" machi="43" ten="40,5200,0" yaku="1,1,52,2,53,0" doraHai="124" doraHaiUra="116" who="2" fromWho="3" sc="178,0,424,0,235,62,153,-52" /><INIT seed="4,0,0,2,1,32" ten="178,424,297,101" oya="0" hai0="129,4,9,104,40,12,121,21,2,94,118,19,38" hai1="3,91,135,125,28,20,107,111,109,75,110,46,108" hai2="52,66,106,95,43,27,97,124,34,85,30,54,61" hai3="56,93,89,33,45,92,80,22,132,49,122,29,105"/><T31/><D118/><U15/><E3/><V103/><F43/><W126/><G105/><T58/><D104/><U123/><E107/><V102/><F124/><W76/><G126/><T14/><D121/><U133/><E75/><V16/><F103/><W98/><G33/><T70/><D70/><U36/><E125/><V53/><F16/><W47/><G122/><T130/><D58/><U99/><E123/><V82/><F95/><W55/><G132/><N who="1" m="50762" /><E111/><V81/><REACH who="2" step="1"/><F85/><REACH who="2" ten="178,424,287,101" step="2"/><W65/><G93/><T63/><D94/><U1/><E108/><V8/><F8/><W51/><G65/><T35/><D40/><U120/><E110/><V78/><F78/><W5/><G5/><T88/><D38/><U37/><E37/><V101/><F101/><W90/><G89/><T11/><D88/><U69/><E36/><V134/><F134/><W57/><G29/><T7/><D63/><U59/><E91/><V24/><F24/><AGARI ba="0,1" hai="2,4,7,9,11,12,14,19,21,24,31,35,129,130" machi="24" ten="40,18000,2" yaku="24,2,34,3,52,1" doraHai="32" who="0" fromWho="2" sc="178,190,424,0,287,-180,101,0" /><INIT seed="4,1,0,2,5,83" ten="368,424,107,101" oya="0" hai0="35,114,115,4,94,69,65,46,52,38,29,16,48" hai1="120,124,1,57,60,19,13,79,90,63,80,74,98" hai2="91,92,119,9,84,107,26,14,73,37,58,111,70" hai3="45,104,112,32,21,86,28,116,87,123,36,23,126"/><T113/><D4/><U43/><E1/><V7/><F70/><W82/><G104/><T15/><D38/><U89/><E120/><V5/><F111/><W105/><G105/><T85/><D35/><U41/><E124/><V125/><F107/><W0/><G0/><T110/><D29/><U103/><E103/><V109/><F73/><W25/><G126/><T18/><D110/><U121/><E121/><V8/><F125/><W66/><G123/><T132/><D132/><U75/><E75/><V81/><F37/><W131/><G116/><T59/><D69/><U100/><E100/><V108/><F119/><W77/><G66/><T30/><D30/><U24/><E24/><V101/><F26/><W39/><G112/><T47/><D65/><U40/><E98/><V106/><F106/><W22/><G131/><T118/><D118/><U122/><E122/><V97/><REACH who="2" step="1"/><F58/><REACH who="2" ten="368,424,97,101" step="2"/><W135/><G135/><T10/><D18/><U127/><E57/><V129/><F129/><W102/><G102/><T34/><D34/><U11/><E127/><V72/><F72/><W61/><G61/><T17/><D17/><U93/><E63/><V76/><F76/><W117/><G117/><T3/><D3/><AGARI ba="1,1" hai="3,5,7,8,9,14,81,84,91,92,97,101,108,109" machi="3" ten="30,7700,0" yaku="1,1,7,1,52,1,53,1" doraHai="83" doraHaiUra="78" who="2" fromWho="0" sc="368,-80,424,0,97,90,101,0" /><INIT seed="5,0,0,1,0,1" ten="288,424,187,101" oya="1" hai0="106,47,45,55,30,9,111,99,110,13,96,54,79" hai1="5,4,59,0,18,16,53,90,105,19,3,56,130" hai2="58,39,77,52,7,44,70,15,41,125,71,98,43" hai3="101,50,78,127,62,6,36,95,109,114,80,12,87"/><U118/><E105/><V117/><F117/><W112/><G36/><T82/><D30/><U38/><E38/><V74/><F125/><W63/><G127/><T89/><D45/><U92/><E118/><V32/><F32/><W128/><G109/><T76/><D76/><U104/><E104/><V107/><F41/><W27/><G128/><T10/><D10/><U124/><E124/><V22/><F77/><W135/><G135/><T73/><D54/><U29/><E29/><V67/><F74/><W42/><G27/><T35/><D35/><U14/><E130/><V120/><F67/><W72/><G72/><T21/><D21/><U131/><E131/><V49/><F120/><W93/><G114/><T33/><D33/><U108/><E108/><V65/><F65/><W134/><G134/><T34/><D34/><U68/><E68/><V69/><F22/><W28/><G28/><T8/><D8/><U119/><E119/><V88/><F107/><W83/><G83/><T48/><D96/><U51/><E0/><V94/><REACH who="2" step="1"/><F70/><REACH who="2" ten="288,424,177,101" step="2"/><W123/><G123/><T20/><D20/><N who="1" m="11287" /><E53/><V61/><F61/><N who="3" m="23051" /><G112/><T91/><D110/><U84/><E51/><V11/><AGARI ba="0,1" hai="7,11,15,39,43,44,49,52,58,69,71,88,94,98" machi="11" ten="30,12000,2" yaku="1,1,0,1,52,1,54,2,53,1" doraHai="1" doraHaiUra="2" who="2" fromWho="2" sc="288,-30,424,-60,177,130,101,-30" /><INIT seed="6,0,0,0,1,107" ten="258,364,307,71" oya="2" hai0="77,69,73,103,13,57,25,31,122,27,29,72,39" hai1="112,60,101,93,0,11,99,114,76,3,45,128,1" hai2="17,9,7,48,38,46,125,110,50,63,106,70,119" hai3="32,82,12,21,6,67,2,28,89,36,133,120,118"/><V80/><F119/><W98/><G36/><T75/><D77/><U111/><E111/><V90/><F110/><W37/><G37/><T78/><D78/><U79/><E128/><V58/><F125/><W135/><G67/><T129/><D57/><U23/><E11/><V131/><F131/><W41/><G41/><T59/><D59/><U115/><E60/><V85/><F106/><W4/><G89/><T35/><D129/><U105/><E23/><V126/><F70/><W121/><G98/><T33/><D122/><N who="3" m="47209" /><G82/><T8/><D39/><U68/><E68/><V16/><F38/><W56/><G56/><T81/><D69/><U96/><E45/><V15/><F126/><W116/><G2/><T130/><D130/><U53/><E53/><N who="2" m="29847" /><F50/><W66/><G32/><T74/><D103/><AGARI ba="0,0" hai="0,1,3,76,79,93,96,99,101,103,105,112,114,115" machi="103" ten="50,1600,0" yaku="15,1" doraHai="107" who="1" fromWho="0" sc="258,-16,364,16,307,0,71,0" /><INIT seed="7,0,0,3,2,14" ten="242,380,307,71" oya="3" hai0="52,80,109,97,43,93,76,54,49,120,20,12,111" hai1="113,19,65,64,11,42,72,51,63,107,56,60,91" hai2="37,82,92,121,61,8,38,125,112,15,83,57,98" hai3="1,2,99,50,44,66,4,31,32,10,94,13,77"/><W89/><G77/><T33/><D120/><U127/><E107/><V30/><F121/><W88/><G66/><T79/><D33/><U81/><E72/><V23/><F112/><W101/><G31/><T114/><D114/><U126/><E113/><V119/><F125/><N who="1" m="47625" /><E11/><V131/><F131/><W16/><G32/><T90/><D43/><U41/><E19/><V9/><F38/><W132/><G132/><T62/><D62/><U53/><E81/><V118/><F37/><W39/><G39/><T55/><D76/><U24/><E24/><N who="2" m="16671" /><F119/><W129/><G129/><T115/><D115/><U47/><E91/><N who="2" m="55583" /><F118/><W84/><G4/><T6/><D6/><U36/><E36/><V27/><F27/><W123/><G123/><T135/><D135/><U29/><E29/><V106/><F106/><W87/><G89/><T17/><REACH who="0" step="1"/><D49/><REACH who="0" ten="232,380,307,71" step="2"/><U25/><E51/><V85/><F85/><AGARI ba="0,1" hai="12,17,20,52,54,55,79,80,85,90,93,97,109,111" machi="85" ten="40,8000,1" yaku="1,1,2,1,52,1,54,1,53,0" doraHai="14" doraHaiUra="103" who="0" fromWho="2" sc="232,90,380,0,307,-80,71,0" owari="322,12.0,380,48.0,227,-17.0,71,-43.0" /></mjloggm>