<mjloggm ver="2.3"><GO type="169" lobby="0"/><UN n0="%70%65%61%74%65%72" n1="%E3%82%A6%E3%83%AB%E3%83%88%E3%83%A9%E7%AB%8B%E7%9B%B4" n2="%E6%8E%A8%E7%A9%BA%EF%BC%B0" n3="%E3%81%8B%E3%81%A3%E9%A3%9B%E3%81%B0%E3%81%9B%E5%85%A8%E9%83%A8" dan="17,19,16,17" rate="2139.94,2314.90,2087.75,2127.45" sx="M,M,F,M"/><TAIKYOKU oya="0"/><INIT seed="0,0,0,1,0,30" ten="250,250,250,250" oya="0" hai0="89,68,110,127,72,113,51,7,133,79,80,83,29" hai1="19,0,101,73,61,15,122,87,129,105,126,131,106" hai2="18,84,25,37,121,45,28,107,35,5,130,82,88" hai3="52,81,13,42,66,49,112,24,108,4,120,67,63"/><T50/><D68/><U93/><E0/><V39/><F121/><W22/><G112/><T3/><D113/><U41/><E73/><V6/><F107/><W34/><G120/><T53/><D127/><U111/><E122/><V14/><F130/><W86/><G108/><T109/><D133/><U95/><E111/><N who="0" m="42505" /><D29/><U21/><E126/><V16/><F18/><W54/><G42/><T99/><D99/><N who="1" m="59647" /><E61/><V98/><F98/><W48/><G34/><T57/><D7/><U55/><E55/><V12/><F12/><W92/><G13/><T125/><D3/><U102/><E41/><V100/><F100/><W58/><G4/><T115/><D115/><U128/><E102/><V26/><F45/><W117/><G117/><T8/><D8/><U2/><E2/><V97/><F97/><W85/><G67/><T116/><D116/><U70/><E70/><V119/><F119/><W33/><G66/><T118/><D118/><U9/><E9/><V123/><F123/><W32/><G54/><T44/><D125/><U135/><E135/><V60/><F60/><W65/><G65/><T78/><D89/><AGARI ba="0,0" hai="15,19,21,87,89,93,105,106,128,129,131" m="59647" machi="89" ten="30,1000,0" yaku="19,1" doraHai="30" who="1" fromWho="0" sc="250,-10,250,10,250,0,250,0" /><INIT seed="1,0,0,2,0,123" ten="240,260,250,250" oya="1" hai0="105,38,95,5,58,49,86,100,26,109,3,43,126" hai1="18,82,75,34,131,107,130,9,67,92,42,121,84" hai2="74,135,78,85,81,48,125,62,53,21,90,122,19" hai3="16,120,52,104,118,14,57,56,45,101,50,68,63"/><U88/><E34/><V61/><F122/><W91/><G120/><T129/><D129/><N who="1" m="49163" /><E121/><V72/><F135/><W98/><G118/><T25/><D126/><U32/><E32/><V51/><F125/><W132/><G132/><T115/><D115/><U1/><E107/><V103/><F103/><W39/><G39/><T54/><D105/><U108/><E67/><V59/><F74/><W83/><G68/><T114/><D114/><U116/><E116/><V37/><F51/><W134/><G134/><T133/><D133/><U44/><E18/><V13/><REACH who="2" step="1"/><F37/><REACH who="2" ten="240,260,240,250" step="2"/><W77/><G63/><T8/><D38/><N who="1" m="21591" /><E75/><V70/><F70/><W47/><G50/><T110/><D43/><U17/><E82/><AGARI ba="0,1" hai="13,19,21,48,53,59,61,62,72,78,81,82,85,90" machi="82" ten="30,2000,0" yaku="1,1,7,1,53,0" doraHai="123" doraHaiUra="33" who="2" fromWho="1" sc="240,0,260,-20,240,30,250,0" /><INIT seed="2,0,0,2,3,93" ten="240,240,270,250" oya="2" hai0="48,58,28,96,67,51,12,25,133,117,14,3,100" hai1="53,69,62,50,55,54,111,123,71,18,82,39,81" hai2="15,36,106,64,108,9,105,109,29,97,116,85,41" hai3="24,8,131,65,17,31,34,44,107,112,2,83,114"/><V11/><F116/><W23/><G107/><T95/><D3/><U73/><E73/><V59/><F85/><W134/><G65/><T20/><D133/><U42/><E18/><V78/><F78/><W124/><G44/><T80/><D117/><U46/><E82/><V75/><F75/><W61/><G61/><N who="0" m="38327" /><D80/><U6/><E6/><V40/><F29/><W74/><G134/><T7/><D7/><U19/><E19/><V38/><F64/><W4/><G124/><T13/><AGARI ba="0,0" hai="12,13,14,20,25,28,48,51,95,96,100" m="38327" machi="13" ten="30,4000,0" yaku="25,1,8,1,52,1" doraHai="93" who="0" fromWho="0" sc="240,40,240,-10,270,-20,250,-10" /><INIT seed="3,0,0,1,0,88" ten="280,230,250,240" oya="3" hai0="83,55,104,20,79,1,133,70,131,91,17,116,57" hai1="5,21,73,92,95,45,94,84,22,59,89,115,66" hai2="31,76,106,56,117,125,71,2,72,103,82,99,38" hai3="49,41,135,80,62,75,0,15,34,3,14,68,11"/><W134/><G34/><T122/><D1/><U113/><E73/><V128/><F117/><W39/><G39/><T36/><D36/><U33/><E33/><V12/><F38/><W118/><G118/><T120/><D70/><U129/><E129/><V28/><F2/><W69/><G41/><T8/><D8/><U123/><E123/><V112/><F71/><N who="3" m="27211" /><G49/><T30/><D30/><U50/><E5/><V44/><F112/><W98/><G15/><T47/><D47/><U96/><E96/><V77/><F44/><W32/><G62/><T23/><D23/><N who="1" m="8715" /><E115/><V130/><F12/><W29/><G98/><T102/><D116/><U63/><E113/><V101/><F56/><W52/><G52/><AGARI ba="0,0" hai="45,50,52,59,63,66,84,89,92,94,95" m="8715" machi="52" ten="30,8000,1" yaku="8,1,52,3,54,1" doraHai="88" who="1" fromWho="3" sc="280,0,230,80,250,0,240,-80" /><INIT seed="4,0,0,5,0,101" ten="280,310,250,160" oya="0" hai0="13,18,82,95,31,36,134,50,56,132,113,73,47" hai1="116,131,14,27,16,63,118,90,80,104,102,96,68" hai2="8,5,10,49,123,100,7,66,110,42,72,83,64" hai3="15,43,54,88,30,53,124,79,57,86,35,4,78"/><T24/><D113/><U115/><E131/><V28/><F100/><W74/><G124/><T76/><D95/><U108/><E108/><V11/><F123/><W58/><G43/><T71/><D71/><U65/><E115/><V3/><F110/><W25/><G74/><T106/><D56/><U81/><E27/><V69/><F28/><W67/><G67/><T55/><D36/><U37/><E37/><V128/><F128/><W89/><G4/><T29/><D106/><U21/><REACH who="1" step="1"/><E90/><REACH who="1" ten="280,300,250,160" step="2"/><V92/><F3/><W119/><G89/><T85/><D73/><U2/><E2/><V23/><F72/><W130/><G130/><T62/><D24/><U40/><E40/><V0/><F0/><W12/><G15/><T77/><D13/><U44/><E44/><V122/><F42/><W70/><G12/><T107/><D47/><U94/><E94/><V60/><F92/><W133/><G25/><T19/><D31/><U117/><AGARI ba="0,1" hai="14,16,21,63,65,68,80,81,96,102,104,116,117,118" machi="117" ten="30,7900,0" yaku="1,1,0,1,52,1,54,1,53,0" doraHai="101" doraHaiUra="48" who="1" fromWho="1" sc="280,-39,300,89,250,-20,160,-20" /><INIT seed="5,0,0,4,5,70" ten="241,389,230,140" oya="1" hai0="9,24,57,60,87,99,41,121,49,36,89,118,92" hai1="44,31,75,112,98,134,88,64,32,5,23,55,61" hai2="3,12,28,72,10,17,45,85,15,91,30,73,26" hai3="132,102,2,105,106,100,47,83,43,129,14,68,6"/><U66/><E75/><V53/><F3/><W42/><G14/><T104/><D118/><U93/><E32/><V29/><F26/><W71/><G132/><T25/><D49/><U65/><E112/><V50/><REACH who="2" step="1"/><F15/><REACH who="2" ten="241,389,220,140" step="2"/><W38/><G2/><T59/><D24/><N who="1" m="16799" /><E134/><V37/><F37/><W18/><G38/><T97/><D25/><U117/><E117/><V103/><F103/><W114/><G102/><T123/><D36/><U115/><E115/><V116/><F116/><W130/><G100/><T101/><D101/><U96/><E65/><V74/><F74/><W39/><G39/><T56/><D121/><U77/><E64/><V81/><AGARI ba="0,1" hai="10,12,17,28,29,30,45,50,53,72,73,81,85,91" machi="81" ten="30,7900,0" yaku="1,1,0,1,25,2,53,0" doraHai="70" doraHaiUra="124" who="2" fromWho="2" sc="241,-20,389,-39,220,89,140,-20" /><INIT seed="6,0,0,1,3,23" ten="221,350,309,120" oya="2" hai0="0,6,51,22,102,59,106,73,17,67,1,104,94" hai1="133,114,11,110,123,49,47,118,116,21,100,96,55" hai2="14,98,45,82,32,5,115,121,60,10,93,78,83" hai3="2,97,91,66,56,19,38,58,108,125,13,131,41"/><V63/><F121/><W111/><G2/><T33/><D33/><U42/><E110/><V113/><F32/><W9/><G125/><T8/><D0/><U44/><E114/><N who="2" m="43531" /><F45/><W124/><G124/><T43/><D73/><U27/><E11/><V76/><F82/><W87/><G131/><T77/><D77/><N who="2" m="29802" /><F83/><W26/><G41/><T129/><D43/><U109/><E109/><V4/><F5/><W7/><G7/><T122/><D129/><U16/><E133/><V74/><F74/><W65/><G38/><T57/><D122/><U79/><E123/><V92/><F92/><W95/><G95/><T3/><D94/><U119/><E79/><V86/><F86/><W101/><G87/><T89/><D106/><U99/><REACH who="1" step="1"/><E100/><AGARI ba="0,0" hai="4,10,14,60,63,93,98,100" m="29802,43531" machi="100" ten="30,1500,0" yaku="15,1" doraHai="23" who="2" fromWho="1" sc="221,0,350,-15,309,15,120,0" /><INIT seed="6,1,0,5,5,93" ten="221,335,324,120" oya="2" hai0="30,121,90,96,72,49,73,25,1,13,24,28,95" hai1="94,109,38,62,58,110,102,59,66,98,124,84,56" hai2="81,0,67,37,68,119,36,97,33,20,134,114,40" hai3="55,78,87,6,70,43,9,10,77,74,26,21,54"/><V12/><F33/><W133/><G74/><T2/><D121/><U99/><E38/><V111/><F0/><W125/><G70/><T120/><D120/><U112/><E112/><V31/><F119/><W116/><G116/><T18/><D49/><U63/><E124/><V14/><F81/><W22/><G125/><T82/><D82/><U4/><E4/><V71/><F97/><W101/><G43/><T46/><D46/><U113/><E113/><V39/><F40/><W60/><G101/><T91/><D13/><U86/><E99/><V17/><F114/><W100/><G100/><T50/><D50/><U3/><E3/><V8/><F134/><W42/><G42/><T80/><D18/><U7/><E7/><V104/><F104/><W123/><G6/><T51/><D51/><U34/><E34/><V64/><F111/><W76/><G123/><T132/><D80/><U88/><E84/><V5/><REACH who="2" step="1"/><F31/><REACH who="2" ten="221,335,314,120" step="2"/><W105/><G105/><T107/><D107/><U108/><REACH who="1" step="1"/><E66/><AGARI ba="1,1" hai="5,8,12,14,17,20,36,37,39,64,66,67,68,71" machi="66" ten="40,3900,0" yaku="1,1,2,1,53,0" doraHai="93" doraHaiUra="89" who="2" fromWho="1" sc="221,0,335,-42,314,52,120,0" /><INIT seed="6,2,0,3,4,109" ten="221,293,366,120" oya="2" hai0="61,80,0,131,117,66,37,121,67,65,85,19,39" hai1="107,105,115,113,14,99,116,68,26,110,38,50,47" hai2="112,30,79,78,89,27,130,42,86,93,122,132,10" hai3="96,102,34,15,36,44,2,91,104,133,81,13,31"/><V9/><F122/><W28/><G2/><T72/><D72/><U55/><E110/><V103/><F42/><W23/><G34/><T29/><D121/><U43/><E116/><V128/><F103/><W60/><G133/><T21/><D0/><U56/><E26/><V74/><F132/><W76/><G91/><T8/><D117/><U127/><E127/><V62/><F62/><W24/><G28/><T3/><D61/><U4/><E68/><V129/><F112/><N who="1" m="43081" /><E99/><V108/><F108/><W71/><G36/><T53/><D39/><U125/><E125/><V7/><F74/><W134/><G44/><T41/><D37/><U20/><E20/><N who="2" m="15719" /><F10/><AGARI ba="2,0" hai="4,10,14,38,43,47,50,55,56,105,107" m="43081" machi="10" ten="30,7700,0" yaku="15,1,52,3" doraHai="109" who="1" fromWho="2" sc="221,0,293,83,366,-83,120,0" /><INIT seed="7,0,0,5,4,88" ten="221,376,283,120" oya="3" hai0="57,20,32,58,108,53,12,66,107,135,10,98,68" hai1="17,124,0,116,109,34,121,59,86,6,104,117,76" hai2="131,130,85,122,24,1,103,113,41,39,70,18,5" hai3="101,74,73,48,23,13,112,38,11,43,31,30,118"/><W36/><G118/><T82/><D108/><U127/><E109/><V78/><F70/><W54/><G112/><T19/><D32/><U92/><E104/><V4/><F103/><W42/><G101/><T80/><D68/><U64/><E34/><V111/><F111/><W45/><G42/><T132/><D66/><U29/><E29/><V83/><F113/><W128/><G128/><T119/><D119/><N who="1" m="45643" /><E121/><V28/><F122/><W37/><G43/><T114/><D57/><U87/><E17/><V65/><F65/><W9/><G9/><T115/><D20/><U102/><E86/><V129/><F18/><W63/><G63/><N who="0" m="36303" /><D80/><N who="1" m="47495" /><E6/><V62/><F62/><W77/><G77/><T33/><D10/><U3/><E59/><V71/><F71/><W120/><G120/><T81/><D12/><U27/><E27/><V60/><F60/><W69/><G69/><T72/><D82/><U61/><E61/><V21/><REACH who="2" step="1"/><F1/><REACH who="2" ten="221,376,273,120" step="2"/><W46/><G46/><AGARI ba="0,1" hai="4,5,21,24,28,39,41,46,78,83,85,129,130,131" machi="46" ten="40,5200,0" yaku="1,1,2,1,19,1,53,0" doraHai="88" doraHaiUra="134" who="2" fromWho="3" sc="221,0,376,0,273,62,120,-52" owari="221,-18.0,376,47.0,335,14.0,68,-43.0" /></mjloggm>