<mjloggm ver="2.3"><GO type="169" lobby="0"/><UN n0="%E3%83%88%E3%83%88%E3%83%AA%E5%85%88%E7%94%9F%31%39%E6%AD%B3" n1="%E9%A7%84%E5%A6%B9" n2="%E5%A4%A7%E5%92%8C%E7%94%B0%E5%B0%82%E5%8B%99" n3="%E3%81%8A%E3%81%AF%44%E3%83%9D%E3%83%86%E3%83%88" dan="19,17,18,16" rate="2289.64,2160.44,2157.56,2121.19" sx="F,F,M,F"/><TAIKYOKU oya="0"/><INIT seed="0,0,0,1,2,124" ten="250,250,250,250" oya="0" hai0="39,118,85,64,48,55,119,90,91,134,123,57,17" hai1="32,132,122,51,130,81,135,129,127,79,3,60,19" hai2="111,106,42,87,74,50,34,10,21,23,43,69,6" hai3="67,101,31,46,33,37,63,61,125,1,75,44,120"/><T22/><D123/><U71/><E122/><V45/><F74/><W30/><G120/><T113/><D113/><U28/><E127/><V53/><F34/><W84/><G75/><T95/><D39/><U131/><E3/><V13/><F111/><W2/><G101/><T93/><D134/><N who="1" m="51243" /><E51/><V4/><F106/><W110/><G110/><T128/><D128/><U100/><E100/><V99/><F69/><W133/><G125/><T41/><D64/><N who="1" m="41351" /><E19/><V96/><F4/><W108/><G108/><T12/><REACH who="0" step="1"/><D41/><REACH who="0" ten="240,250,250,250" step="2"/><U20/><E32/><V58/><F43/><W117/><G37/><T109/><D109/><U9/><E9/><V116/><F42/><W59/><G33/><T24/><D24/><N who="1" m="16391" /><E131/><V80/><F10/><W107/><G133/><T126/><D126/><U7/><E7/><V97/><F6/><W14/><G117/><T104/><D104/><U36/><E36/><V15/><F116/><W78/><G107/><T16/><D16/><U70/><E70/><V82/><F21/><W103/><G31/><T26/><D26/><U94/><E94/><V49/><F23/><W0/><G30/><T52/><D52/><U86/><AGARI ba="0,1" hai="79,81,86,129,130" m="16391,41351,51243" machi="86" ten="30,4000,0" yaku="20,1,52,2" doraHai="124" who="1" fromWho="1" sc="240,-20,250,50,250,-10,250,-10" /><INIT seed="1,0,0,4,2,82" ten="220,300,240,240" oya="1" hai0="36,115,14,37,95,63,107,8,2,11,104,41,29" hai1="34,22,1,3,45,56,52,92,114,16,32,127,21" hai2="108,96,19,90,13,35,75,44,50,49,40,71,69" hai3="28,98,43,15,39,126,5,113,23,135,53,109,70"/><U10/><E114/><V103/><F108/><W46/><G113/><T42/><D115/><U57/><E45/><V88/><F35/><W48/><G109/><T54/><D2/><U12/><E127/><V89/><F75/><W26/><G135/><T55/><D95/><U97/><E57/><V125/><F50/><W99/><G126/><T122/><D14/><U132/><E132/><V121/><F121/><W25/><G25/><T6/><D6/><U31/><E32/><V20/><REACH who="2" step="1"/><F125/><REACH who="2" ten="220,300,230,240" step="2"/><W18/><G5/><T77/><D122/><U101/><E34/><V47/><F47/><W83/><G46/><T17/><D36/><U85/><E85/><V79/><F79/><W134/><G48/><T68/><D77/><U100/><E100/><V123/><F123/><W118/><G39/><T111/><D37/><U58/><E58/><V76/><F76/><W72/><G134/><T130/><D111/><U61/><REACH who="1" step="1"/><E31/><REACH who="1" ten="220,290,230,240" step="2"/><V93/><AGARI ba="0,2" hai="13,19,20,40,44,49,69,71,88,89,90,93,96,103" machi="93" ten="30,12000,2" yaku="1,1,0,1,54,1,53,3" doraHai="82" doraHaiUra="84" who="2" fromWho="2" sc="220,-30,290,-60,230,140,240,-30" /><INIT seed="2,0,0,0,5,51" ten="190,230,370,210" oya="2" hai0="78,117,83,22,120,132,111,44,38,74,93,63,95" hai1="58,116,129,35,94,103,130,73,56,67,107,33,5" hai2="82,34,91,88,127,81,109,79,134,75,69,96,12" hai3="71,55,89,104,115,1,110,64,8,46,98,42,108"/><V84/><F69/><W4/><G115/><T90/><D120/><U14/><E116/><V26/><F127/><W102/><G89/><T3/><D3/><U10/><E107/><V21/><F134/><W113/><G113/><T66/><D132/><U76/><E76/><V118/><F118/><W85/><G85/><T68/><D117/><U131/><E73/><V86/><F109/><W54/><G64/><T28/><D111/><N who="3" m="42537" /><G71/><T72/><D72/><U62/><REACH who="1" step="1"/><E58/><REACH who="1" ten="190,220,370,210" step="2"/><V133/><F133/><W37/><AGARI ba="0,1" hai="1,4,8,37,42,46,54,55,98,102,104" m="42537" machi="37" ten="30,4000,0" yaku="14,1,52,2" doraHai="51" who="3" fromWho="3" sc="190,-10,220,-10,370,-20,210,50" /><INIT seed="3,0,0,4,1,23" ten="180,210,350,260" oya="3" hai0="43,90,13,123,52,72,80,9,2,28,87,50,19" hai1="133,6,125,91,63,7,35,111,131,112,84,120,45" hai2="104,29,69,129,49,93,126,74,38,103,107,1,21" hai3="67,57,83,73,98,42,5,97,127,16,24,128,106"/><W119/><G119/><T32/><D123/><U135/><E112/><V40/><F74/><W27/><G128/><T85/><D72/><U51/><E120/><V109/><F69/><W34/><G127/><T4/><D43/><U122/><E122/><V100/><F1/><W10/><G106/><T48/><D85/><U8/><E125/><V113/><F38/><W0/><G42/><T26/><REACH who="0" step="1"/><D52/><REACH who="0" ten="170,210,350,260" step="2"/><N who="1" m="29807" /><E131/><V60/><F129/><W102/><G98/><T11/><AGARI ba="0,1" hai="2,4,9,11,13,19,26,28,32,48,50,80,87,90" machi="11" ten="20,5200,0" yaku="1,1,0,1,7,1,52,1,53,0" doraHai="23" doraHaiUra="39" who="0" fromWho="0" sc="170,62,210,-13,350,-13,260,-26" /><INIT seed="4,0,0,0,0,37" ten="232,197,337,234" oya="0" hai0="89,33,32,86,135,6,53,100,51,87,36,103,114" hai1="69,70,117,54,9,14,81,26,15,83,122,129,79" hai2="111,84,90,125,108,5,98,77,82,126,58,119,28" hai3="40,55,85,30,96,39,11,18,67,56,19,2,3"/><T45/><D114/><U25/><E117/><V120/><F5/><W123/><G123/><T31/><D135/><U48/><E122/><V68/><F68/><W0/><G67/><T43/><D6/><N who="1" m="3383" /><E70/><V27/><F120/><W20/><G85/><T44/><D87/><N who="1" m="48575" /><E69/><V71/><F58/><W73/><G73/><T12/><D12/><U102/><E129/><V50/><F50/><W104/><G11/><T75/><D75/><U110/><E110/><V107/><F71/><W60/><G30/><T29/><D29/><U16/><E102/><N who="2" m="62935" /><F90/><W8/><G8/><T99/><D31/><U121/><E83/><V61/><F119/><W46/><REACH who="3" step="1"/><G20/><REACH who="3" ten="232,197,337,224" step="2"/><T23/><D23/><N who="1" m="11679" /><E121/><V88/><F108/><W4/><G4/><T10/><D10/><U41/><E41/><V63/><F111/><W124/><G124/><T13/><D33/><U115/><E115/><V132/><F125/><W17/><G17/><T21/><D32/><U109/><E109/><V24/><F126/><W72/><G72/><T78/><D21/><U59/><AGARI ba="0,1" hai="25,26,48,54,59" m="11679,48575,3383" machi="59" ten="30,2000,0" yaku="8,1,54,1" doraHai="37" who="1" fromWho="1" sc="232,-10,197,30,337,-5,224,-5" /><INIT seed="5,0,0,0,4,22" ten="222,227,332,219" oya="1" hai0="1,87,13,7,103,99,84,86,73,120,24,44,34" hai1="112,10,119,127,102,40,68,16,15,109,32,135,126" hai2="29,53,14,54,100,67,27,8,23,110,106,75,5" hai3="55,121,43,61,101,42,93,47,35,12,45,2,58"/><U130/><E119/><V21/><F110/><W78/><G2/><T63/><D73/><U62/><E109/><V56/><F75/><W31/><G121/><T128/><D1/><U82/><E112/><V92/><F106/><W77/><G12/><T81/><D120/><U46/><E130/><V122/><F21/><W134/><G134/><T25/><D128/><U83/><E102/><V36/><F36/><W94/><G35/><T17/><D7/><U129/><E129/><V20/><F20/><W9/><G9/><N who="0" m="6319" /><D34/><U11/><E11/><V41/><F41/><N who="3" m="15371" /><G31/><T97/><D44/><N who="3" m="16969" /><G101/><T76/><D103/><U116/><E135/><V125/><F122/><W114/><G114/><T57/><D81/><U52/><E116/><V6/><F6/><W113/><G113/><T39/><D76/><AGARI ba="0,0" hai="55,58,61,76,77,78,93,94" m="16969,15371" machi="76" ten="30,1000,0" yaku="8,1" doraHai="22" who="3" fromWho="0" sc="222,-10,227,0,332,0,219,10" /><INIT seed="6,0,0,0,3,57" ten="212,227,332,229" oya="2" hai0="37,84,123,94,38,86,115,125,129,42,48,45,10" hai1="14,19,73,31,97,104,126,26,77,36,53,114,69" hai2="112,130,1,46,124,34,56,17,119,18,8,41,127" hai3="80,66,70,106,135,4,22,3,52,82,103,100,131"/><V102/><F119/><W91/><G131/><T23/><D123/><U33/><E36/><V25/><F102/><W122/><G122/><T65/><D129/><U54/><E114/><V16/><F112/><W75/><G135/><T50/><D115/><U55/><E126/><V108/><F108/><W2/><G106/><T107/><D107/><U29/><E29/><V15/><F1/><W87/><G22/><T101/><D125/><U0/><E0/><V60/><F130/><W20/><G20/><T132/><D132/><U49/><E69/><V81/><F81/><W40/><G40/><T12/><D65/><U83/><E97/><V111/><F111/><W47/><G2/><T6/><D38/><U74/><E104/><V64/><F124/><W67/><G67/><T105/><D105/><U109/><E109/><V58/><F58/><W63/><G4/><T76/><D76/><U98/><E98/><V95/><F95/><W9/><G9/><T28/><D101/><U85/><REACH who="1" step="1"/><E49/><REACH who="1" ten="212,217,332,229" step="2"/><V89/><F127/><W39/><G3/><T7/><D48/><U90/><E90/><V35/><F89/><W61/><G39/><T27/><D37/><U113/><E113/><V5/><F34/><W24/><G100/><T68/><D68/><U51/><E51/><N who="2" m="27087" /><F35/><W21/><G103/><T71/><D71/><U79/><E79/><V134/><F134/><W43/><G70/><T96/><D96/><U44/><E44/><V62/><F25/><W92/><G24/><T88/><D84/><U120/><E120/><V93/><F56/><W117/><G87/><T13/><D13/><RYUUKYOKU ba="0,1" sc="212,15,217,15,332,-15,229,-15" hai0="6,7,10,12,23,27,28,42,45,50,86,88,94" hai1="14,19,26,31,33,53,54,55,73,74,77,83,85" /><INIT seed="7,1,1,0,0,42" ten="227,232,317,214" oya="3" hai0="127,94,20,9,93,27,46,107,74,111,126,33,124" hai1="66,72,4,87,106,29,67,13,110,10,84,134,31" hai2="69,109,57,80,100,68,97,91,48,7,44,32,18" hai3="12,117,118,5,135,114,60,85,15,95,108,61,71"/><W63/><G71/><T54/><D111/><U125/><E110/><V92/><F109/><W14/><G108/><T121/><D121/><U8/><E72/><V88/><F32/><W47/><G114/><T128/><D128/><U16/><E106/><V2/><F57/><W83/><G135/><T59/><D74/><U56/><E134/><V22/><F7/><W58/><G95/><N who="0" m="36363" /><D107/><U65/><E56/><V41/><F2/><W19/><G5/><T122/><D122/><U130/><E130/><V37/><F37/><W104/><G104/><T1/><D46/><U23/><E125/><V64/><F64/><W129/><G129/><T96/><D96/><U45/><E45/><V17/><F17/><W50/><G58/><T98/><D98/><U39/><E39/><V112/><F112/><W89/><REACH who="3" step="1"/><G19/><REACH who="3" ten="227,232,317,204" step="2"/><N who="0" m="12703" /><D1/><U49/><E4/><V51/><F68/><W0/><G0/><T35/><D9/><U53/><E8/><V113/><F69/><W3/><G3/><T78/><D78/><U102/><E10/><V34/><F113/><W21/><G21/><T70/><D70/><U132/><E132/><V116/><F22/><W81/><G81/><T86/><D86/><N who="1" m="32811" /><E102/><V103/><F100/><W52/><AGARI ba="1,2" hai="12,14,15,47,50,52,60,61,63,83,85,89,117,118" machi="52" ten="30,11700,0" yaku="1,1,0,1,52,1,54,1,53,0" doraHai="42" doraHaiUra="28" who="3" fromWho="3" sc="227,-40,232,-40,317,-40,204,140" owari="187,-31.0,192,-21.0,277,8.0,344,44.0" /></mjloggm>