<mjloggm ver="2.3"><GO type="169" lobby="0"/><UN n0="%3D%4A%61%6D" n1="%45%6E%64%54%47%65%6E%65" n2="%E3%82%AB%E3%82%A4%E3%81%A1%E3%82%83%E3%82%93" n3="%E3%83%88%E3%83%88%E3%83%AA%E5%85%88%E7%94%9F%31%39%E6%AD%B3" dan="16,16,16,19" rate="2162.36,2041.43,2080.96,2355.89" sx="M,M,F,F"/><TAIKYOKU oya="0"/><INIT seed="0,0,0,1,3,116" ten="250,250,250,250" oya="0" hai0="61,3,89,39,34,6,40,106,113,16,80,111,12" hai1="60,9,22,13,71,121,87,2,84,126,37,41,108" hai2="74,50,110,97,20,127,90,119,66,81,36,47,68" hai3="14,130,44,27,118,64,5,56,11,10,43,95,1"/><T53/><D113/><U0/><E108/><V48/><F110/><W18/><G130/><T99/><D111/><U72/><E126/><V131/><F131/><W117/><G64/><T35/><D40/><U78/><E22/><V77/><F127/><W33/><G56/><T120/><D39/><U100/><E100/><V103/><F119/><W101/><G101/><T26/><D120/><U52/><E71/><V91/><F36/><W134/><G134/><T124/><D124/><U24/><E24/><V98/><F98/><W25/><G95/><T30/><D35/><U63/><E121/><V4/><F4/><W7/><G44/><T21/><D80/><U29/><E29/><V82/><F82/><W67/><G67/><T115/><D115/><U96/><E96/><V104/><F48/><W128/><G43/><T58/><D89/><U105/><E105/><V129/><F129/><W133/><G133/><T94/><D94/><U65/><E65/><V102/><F102/><W86/><G86/><T70/><D99/><U23/><E84/><V88/><F20/><N who="3" m="13463" /><G128/><T45/><D45/><N who="1" m="23727" /><E87/><V79/><F77/><W73/><G73/><T59/><D106/><U42/><E42/><V75/><F75/><W112/><G112/><T17/><D59/><N who="1" m="34919" /><E78/><V46/><F50/><W57/><G57/><T28/><D70/><U15/><E72/><V8/><F8/><W51/><G51/><T135/><D135/><U38/><E63/><N who="2" m="40031" /><F74/><W122/><G122/><T107/><D107/><U54/><E38/><V31/><F31/><AGARI ba="0,0" hai="1,5,7,10,11,14,27,31,33,117,118" m="13463" machi="31" ten="30,2000,0" yaku="34,2" doraHai="116" who="3" fromWho="2" sc="250,0,250,0,250,-20,250,20" /><INIT seed="1,0,0,1,1,41" ten="250,250,230,270" oya="1" hai0="105,134,123,91,38,92,8,135,31,63,97,77,127" hai1="89,83,67,80,20,25,2,47,5,37,24,40,61" hai2="76,108,55,64,131,106,30,96,39,99,133,122,57" hai3="129,86,42,124,104,3,117,95,49,93,27,78,14"/><U34/><E34/><V60/><F122/><W12/><G3/><T71/><D31/><U45/><E24/><V101/><F108/><W121/><G104/><T112/><D38/><U51/><E5/><V73/><F131/><W62/><G121/><T126/><D8/><U53/><E2/><V54/><F133/><N who="0" m="50698" /><D63/><U75/><E89/><V15/><F39/><W111/><G111/><T114/><D71/><U4/><E4/><V115/><F115/><N who="0" m="44074" /><D105/><U19/><E75/><V69/><F30/><W10/><G62/><T107/><D123/><U90/><E90/><V33/><F33/><W0/><G10/><T56/><D56/><AGARI ba="0,0" hai="19,20,25,37,40,45,47,51,53,56,61,67,80,83" machi="56" ten="30,5800,0" yaku="7,1,52,2" doraHai="41" who="1" fromWho="0" sc="250,-58,250,58,230,0,270,0" /><INIT seed="1,1,0,2,1,85" ten="192,308,230,270" oya="1" hai0="40,76,20,65,87,3,110,68,105,115,97,89,38" hai1="118,44,17,16,19,52,1,77,124,80,74,64,117" hai2="66,78,129,30,54,127,99,6,32,13,75,132,27" hai3="39,24,109,26,120,15,126,90,69,58,59,71,130"/><U93/><E64/><V61/><F129/><W73/><G120/><T94/><D115/><U102/><E1/><V0/><F0/><W84/><G73/><T4/><D110/><U47/><E124/><V21/><F127/><W31/><G126/><T128/><D128/><U35/><E35/><V111/><F111/><W101/><G39/><T29/><D4/><U56/><E117/><V123/><F123/><W113/><G113/><T72/><D3/><U28/><E28/><V67/><F132/><W125/><G125/><T50/><D38/><U92/><E118/><V91/><F78/><W83/><G130/><T100/><D40/><U41/><E41/><V10/><F75/><W37/><G37/><T104/><D50/><U46/><REACH who="1" step="1"/><E102/><REACH who="1" ten="192,298,230,270" step="2"/><V88/><F67/><W98/><G109/><T57/><D68/><U134/><E134/><V82/><F66/><W70/><G15/><T79/><D29/><U62/><AGARI ba="1,1" hai="16,17,19,44,46,47,52,56,62,74,77,80,92,93" machi="62" ten="30,11700,0" yaku="1,1,0,1,54,2,53,0" doraHai="85" doraHaiUra="45" who="1" fromWho="1" sc="192,-40,298,130,230,-40,270,-40" /><INIT seed="1,2,0,0,1,59" ten="152,428,190,230" oya="1" hai0="109,31,90,14,132,102,38,34,70,52,124,106,2" hai1="32,8,36,21,35,71,18,1,103,9,111,41,30" hai2="29,107,61,112,135,93,11,91,80,101,49,120,92" hai3="15,47,87,60,12,26,82,50,58,76,17,5,23"/><U45/><E71/><V69/><F120/><W121/><G121/><T27/><D2/><U22/><E103/><V68/><F135/><W129/><G129/><T62/><D38/><U53/><E53/><V104/><F112/><W0/><G0/><T119/><D119/><U75/><E75/><V28/><F11/><W6/><G12/><T105/><D132/><U57/><E111/><V16/><F49/><W44/><G15/><T24/><D124/><U88/><E32/><V115/><F115/><W79/><G79/><T96/><D109/><U42/><E42/><V98/><F80/><W116/><G116/><T134/><D90/><U130/><E130/><V114/><F114/><W4/><REACH who="3" step="1"/><G50/><REACH who="3" ten="152,428,190,220" step="2"/><T113/><D134/><U48/><E1/><V51/><F51/><W37/><G37/><T126/><D113/><U110/><E36/><V81/><F107/><W56/><G56/><T63/><D106/><U94/><E57/><V127/><F69/><W7/><N who="3" m="1024" /><DORA hai="67" /><W78/><G78/><T10/><D70/><U128/><E128/><V55/><F68/><W83/><G83/><T97/><D14/><N who="1" m="9431" /><E110/><V95/><F104/><W3/><G3/><T65/><D105/><U100/><E48/><V66/><F81/><W108/><G108/><T89/><D126/><U85/><E8/><V64/><F127/><W84/><G84/><T118/><D10/><U54/><E9/><V19/><F98/><W86/><G86/><T46/><D97/><U33/><E85/><V131/><F131/><W25/><G25/><T122/><D96/><U123/><E123/><V125/><F125/><RYUUKYOKU ba="2,1" sc="152,-10,428,-10,190,-10,220,30" hai3="17,23,26,44,47,58,60,76,82,87" /><INIT seed="2,3,1,3,1,83" ten="142,418,180,250" oya="2" hai0="41,67,91,81,32,7,46,2,110,37,61,51,130" hai1="9,62,128,79,50,59,121,93,1,86,21,30,80" hai2="105,129,109,120,71,107,24,84,122,118,29,10,89" hai3="8,92,15,25,33,70,74,112,90,97,22,64,108"/><V132/><F118/><W133/><G33/><T135/><D32/><U119/><E119/><V96/><F71/><W66/><G74/><T55/><D110/><U113/><E128/><V104/><F129/><W53/><G108/><T27/><D130/><U69/><E113/><V14/><F109/><W26/><G133/><T43/><D135/><U103/><E121/><V40/><F132/><W111/><G111/><T54/><D27/><U116/><E9/><V98/><F40/><W72/><G72/><T65/><D7/><U5/><E5/><V19/><F122/><W131/><G131/><T78/><D91/><U17/><E30/><V125/><F125/><W95/><G112/><T44/><D2/><U3/><E1/><V127/><F127/><W100/><G53/><N who="0" m="19979" /><D81/><U114/><E3/><V35/><REACH who="2" step="1"/><F120/><REACH who="2" ten="142,418,170,250" step="2"/><W134/><G134/><T39/><D78/><U4/><E79/><V77/><F77/><W87/><G70/><N who="0" m="42287" /><D67/><U11/><E116/><V18/><F18/><N who="3" m="12503" /><G26/><T48/><AGARI ba="3,2" hai="37,39,41,43,44,46,48,51" m="42287,19979" machi="48" ten="30,8000,1" yaku="35,5" doraHai="83" who="0" fromWho="0" sc="142,109,418,-23,170,-43,250,-23" /><INIT seed="3,0,0,0,4,14" ten="251,395,127,227" oya="3" hai0="73,123,62,11,106,40,54,49,16,26,117,80,63" hai1="21,30,110,60,34,92,47,133,2,41,90,113,45" hai2="23,127,115,93,4,94,64,102,27,79,76,55,101" hai3="104,120,6,10,22,124,5,135,61,43,125,38,52"/><W0/><G120/><T129/><D117/><U107/><E110/><V69/><F115/><W20/><G104/><T114/><D106/><U100/><E133/><V81/><F127/><N who="3" m="48715" /><G135/><T109/><D123/><U86/><E113/><V134/><F134/><W132/><G132/><T82/><D114/><U99/><E34/><V51/><F4/><W74/><G74/><T33/><D40/><U78/><E2/><V53/><F64/><W91/><G6/><T9/><D129/><U32/><E32/><V66/><F66/><W48/><G61/><N who="0" m="23051" /><D33/><U59/><E41/><V88/><F69/><W119/><G119/><T12/><D73/><U46/><E78/><V36/><F36/><W96/><G43/><T3/><D3/><U44/><N who="1" m="11776" /><DORA hai="57" /><U112/><E112/><V70/><F70/><W128/><G38/><T29/><D9/><U71/><E71/><V118/><F118/><W98/><G128/><T68/><D68/><U65/><E107/><V42/><F42/><W25/><G22/><N who="0" m="15575" /><D109/><U39/><E39/><V84/><F23/><W105/><G105/><T83/><D49/><U31/><E21/><V8/><F8/><W37/><G37/><T19/><D54/><N who="2" m="20490" /><F51/><W108/><G108/><T13/><D13/><U15/><E15/><V116/><F116/><W131/><G131/><T87/><D87/><U97/><E86/><V58/><F27/><W103/><G48/><T35/><D35/><U56/><E65/><V122/><F122/><W28/><G52/><T126/><D126/><U130/><E130/><V1/><F1/><W85/><G103/><N who="2" m="39433" /><F58/><N who="1" m="22057" /><E60/><V77/><AGARI ba="0,0" hai="76,77,79,81,84,88,93,94" m="39433,20490" machi="77" ten="30,4000,0" yaku="5,1,8,1,54,1" doraHai="14,57" who="2" fromWho="2" sc="251,-10,395,-10,127,40,227,-20" /><INIT seed="4,0,0,2,1,135" ten="241,385,167,207" oya="0" hai0="65,19,126,114,100,44,15,4,62,121,0,132,129" hai1="74,115,85,103,45,38,113,51,27,99,90,133,50" hai2="70,25,110,130,125,49,18,119,82,68,127,63,30" hai3="86,20,35,77,59,71,109,34,41,92,66,7,102"/><T95/><D121/><U128/><E128/><V78/><F110/><W123/><G109/><T116/><D116/><U104/><E133/><V75/><F130/><W58/><G123/><T42/><D129/><U14/><E74/><V73/><F119/><W31/><G71/><T105/><D132/><U72/><E72/><V80/><F18/><W67/><G41/><T97/><D114/><N who="1" m="43531" /><E14/><V26/><F49/><W8/><G35/><T69/><D0/><U111/><E27/><V93/><F93/><W46/><G46/><T122/><D122/><U29/><E29/><V17/><F17/><W22/><G34/><T52/><D4/><U84/><E84/><V87/><F26/><W120/><G120/><T1/><D1/><U98/><E98/><V112/><F112/><W39/><G39/><T32/><D32/><U5/><E5/><V36/><F36/><W47/><G47/><T64/><D105/><U117/><E117/><V88/><F73/><W118/><G118/><T12/><D12/><U81/><E111/><V2/><F2/><N who="3" m="119" /><G31/><T16/><D19/><U48/><E38/><V134/><F134/><W56/><G77/><T11/><D65/><N who="3" m="24585" /><G86/><T37/><D52/><AGARI ba="0,0" hai="45,48,50,51,52,81,85,90,99,103,104" m="43531" machi="52" ten="30,3900,0" yaku="15,1,11,1,54,1" doraHai="135" who="1" fromWho="0" sc="241,-39,385,39,167,0,207,0" /><INIT seed="5,0,0,5,2,58" ten="202,424,167,207" oya="1" hai0="127,89,99,43,14,83,22,132,114,92,49,135,25" hai1="80,102,121,33,0,36,34,50,131,40,48,117,38" hai2="37,82,85,124,100,39,46,47,118,77,52,19,56" hai3="10,17,74,41,115,64,95,73,90,86,104,21,75"/><U105/><E131/><V68/><F118/><W63/><G104/><T45/><D114/><U134/><E134/><N who="0" m="51241" /><D127/><U23/><E0/><V51/><F124/><W55/><G115/><T28/><D14/><U5/><E5/><V66/><F100/><W54/><G41/><T27/><D27/><U20/><E80/><AGARI ba="0,0" hai="22,25,28,43,45,49,80,83,89,92,99" m="51241" machi="80" ten="30,1000,0" yaku="20,1" doraHai="58" who="0" fromWho="1" sc="202,10,424,-10,167,0,207,0" /><INIT seed="6,0,0,2,1,19" ten="212,414,167,207" oya="2" hai0="30,20,106,93,12,44,42,80,92,52,47,127,100" hai1="126,122,71,118,108,16,27,58,134,21,96,94,124" hai2="73,3,81,7,66,41,64,1,26,36,5,63,105" hai3="72,113,40,53,115,104,57,54,114,51,14,135,22"/><V89/><F105/><W28/><G104/><T76/><D127/><U107/><E71/><V110/><F110/><W86/><G72/><T95/><D106/><U15/><E107/><V130/><F130/><W10/><G135/><T84/><D100/><U132/><E122/><V101/><F101/><W77/><G40/><T129/><D129/><U87/><E118/><V60/><F26/><N who="3" m="16471" /><G54/><T55/><D44/><U78/><E58/><V59/><F41/><W4/><G86/><T37/><REACH who="0" step="1"/><D12/><REACH who="0" ten="202,414,167,207" step="2"/><U133/><E15/><V103/><F103/><W70/><G70/><T65/><D65/><U102/><E108/><V61/><F66/><W43/><G43/><T49/><D49/><U25/><E124/><V50/><F50/><W74/><G51/><T91/><D91/><U112/><E126/><V69/><F69/><W24/><G53/><T120/><D120/><U123/><E123/><V79/><F64/><W13/><G13/><T125/><D125/><U82/><E132/><V111/><F111/><W116/><G57/><T67/><D67/><U98/><E133/><V88/><F59/><W33/><G116/><T68/><D68/><U90/><E134/><V85/><F36/><W46/><G46/><T131/><D131/><U17/><E102/><V29/><F3/><W9/><G9/><T0/><D0/><U11/><E11/><V99/><F1/><W18/><G77/><T117/><D117/><U56/><E78/><V39/><F39/><W128/><G128/><T97/><D97/><U8/><E56/><V6/><F99/><W109/><G109/><T32/><D32/><RYUUKYOKU ba="0,1" sc="202,30,414,-10,167,-10,207,-10" hai0="20,30,37,42,47,52,55,76,80,84,92,93,95" /><INIT seed="7,1,1,1,1,102" ten="232,404,157,197" oya="3" hai0="72,45,23,121,111,60,108,100,74,7,4,83,87" hai1="126,40,82,124,43,21,35,75,36,122,92,34,62" hai2="50,6,73,128,18,79,46,119,44,101,97,17,125" hai3="56,1,11,24,104,81,93,127,68,65,76,37,106"/><W69/><G37/><T38/><D121/><U130/><E122/><V52/><F119/><W84/><G127/><T70/><D100/><U53/><E130/><V39/><F128/><W27/><G56/><T25/><D7/><U96/><E21/><V16/><F125/><W64/><G93/><T5/><D5/><U28/><E40/><V14/><F73/><W66/><G11/><T95/><D4/><U41/><E41/><V112/><F79/><W105/><REACH who="3" step="1"/><G1/><REACH who="3" ten="232,404,157,187" step="2"/><T54/><D95/><U78/><E124/><V58/><F112/><W61/><G61/><T116/><D38/><U22/><E126/><V71/><F71/><AGARI ba="1,2" hai="24,27,64,65,66,68,69,71,76,81,84,104,105,106" machi="71" ten="50,12000,1" yaku="1,1,52,3,53,0" doraHai="102" doraHaiUra="135" who="3" fromWho="2" sc="232,0,404,0,157,-123,187,143" /><INIT seed="7,2,0,3,4,102" ten="232,404,34,330" oya="3" hai0="119,62,88,128,71,70,135,59,32,86,118,8,24" hai1="94,126,78,6,58,123,43,74,15,12,51,109,45" hai2="112,49,9,14,96,98,46,29,56,127,79,87,11" hai3="5,120,37,17,131,57,81,67,121,132,85,97,52"/><W47/><G131/><T117/><D128/><U105/><E126/><V114/><F127/><W40/><G132/><T125/><D135/><U115/><E123/><V80/><F29/><W124/><G124/><T76/><D76/><U92/><E109/><V113/><F56/><W83/><G67/><T33/><D125/><U35/><E35/><V101/><F101/><W21/><G5/><T107/><D8/><U48/><E115/><V22/><F22/><W4/><G4/><T99/><D33/><U20/><E105/><V19/><F11/><W7/><G7/><T104/><D99/><U36/><E20/><V34/><F34/><W129/><G129/><T26/><D71/><U103/><E103/><V111/><F111/><W39/><G39/><T110/><D70/><U28/><E28/><V42/><F19/><W1/><G1/><T53/><D110/><U84/><E74/><V68/><F68/><W66/><G66/><T54/><D54/><U130/><E130/><V90/><F90/><W55/><G97/><T95/><REACH who="0" step="1"/><D32/><REACH who="0" ten="222,404,34,330" step="2"/><U61/><E78/><V133/><REACH who="2" step="1"/><F133/><REACH who="2" ten="222,404,24,330" step="2"/><W69/><G69/><T82/><D82/><U0/><E0/><V72/><F72/><W108/><G108/><T100/><D100/><U122/><E6/><V106/><F106/><AGARI ba="2,2" hai="24,26,53,59,62,86,88,95,104,106,107,117,118,119" machi="106" ten="50,8000,1" yaku="1,1,52,3,54,1,53,0" doraHai="102" doraHaiUra="41" who="0" fromWho="2" sc="222,106,404,0,24,-86,330,0" owari="328,-7.0,404,50.0,-62,-56.0,330,13.0" /></mjloggm>