<mjloggm ver="2.3"><GO type="169" lobby="0"/><UN n0="%E3%83%8B%E3%83%A3%E3%83%83%E3%83%94%E3%83%BC%E5%A4%8F%E7%9B%AE" n1="%65%72%75%6D%69%6F%72%75" n2="%E3%82%A6%E3%83%AB%E3%83%88%E3%83%A9%E7%AB%8B%E7%9B%B4" n3="%E6%AD%A6%E5%89%87%E8%BC%9D%E6%B5%B7" dan="19,16,18,17" rate="2251.05,2107.70,2249.27,2214.12" sx="M,F,M,M"/><TAIKYOKU oya="0"/><INIT seed="0,0,0,2,3,85" ten="250,250,250,250" oya="0" hai0="129,53,77,121,119,63,24,41,135,35,10,83,29" hai1="48,13,17,54,93,28,55,66,95,134,9,87,100" hai2="33,7,40,98,5,84,114,123,81,78,92,116,12" hai3="75,127,96,37,44,122,22,89,19,4,86,52,80"/><T45/><D119/><U64/><E134/><V110/><F123/><W38/><G127/><T39/><D121/><U133/><E28/><V30/><F114/><W68/><G122/><T88/><D135/><U20/><E133/><V109/><F116/><W82/><G68/><T14/><D129/><U111/><E111/><N who="2" m="42507" /><F40/><W115/><G115/><T1/><D1/><U43/><E43/><V97/><F97/><W104/><G4/><T79/><D53/><U125/><E125/><V34/><F30/><W107/><G75/><T128/><D63/><U69/><E69/><V71/><F71/><W49/><G82/><T62/><D62/><U2/><E55/><V99/><F99/><W60/><G60/><T126/><D128/><U108/><E108/><V31/><F31/><W25/><REACH who="3" step="1"/><G96/><REACH who="3" ten="250,250,250,240" step="2"/><T3/><D126/><U120/><E120/><V132/><F5/><W32/><G32/><T72/><D72/><U51/><E2/><V105/><F132/><W16/><G16/><T26/><D10/><U58/><E17/><V56/><F34/><W0/><G0/><T15/><D3/><U112/><E9/><N who="2" m="4159" /><F33/><W101/><G101/><T36/><D35/><U118/><E100/><N who="2" m="62615" /><F92/><W67/><G67/><T50/><D83/><U8/><E66/><V102/><F102/><W70/><G70/><T76/><D29/><U94/><E64/><V47/><F81/><W90/><G90/><T42/><D88/><U59/><E112/><V65/><F78/><W61/><G61/><T130/><D79/><U73/><E95/><V106/><F65/><W21/><G21/><T18/><D77/><RYUUKYOKU ba="0,1" sc="250,-10,250,-10,250,-10,240,30" hai3="19,22,25,37,38,44,49,52,80,86,89,104,107" /><INIT seed="1,1,1,1,1,14" ten="240,240,240,270" oya="1" hai0="113,32,64,34,124,111,112,27,122,69,125,9,55" hai1="72,15,73,70,23,1,128,53,48,12,120,35,52" hai2="80,18,6,90,78,83,96,20,33,110,19,134,75" hai3="5,42,54,109,133,126,79,74,132,58,66,94,108"/><U3/><E120/><V119/><F33/><N who="0" m="12906" /><D55/><U29/><E70/><V62/><F119/><W129/><G5/><T86/><D86/><U118/><E35/><V71/><F110/><N who="3" m="42603" /><G74/><T16/><D111/><U77/><E118/><V2/><F134/><N who="3" m="51819" /><G79/><T106/><D106/><U46/><E77/><V98/><F6/><W36/><G94/><T89/><D89/><U130/><E29/><V127/><F2/><W10/><G10/><T131/><D122/><U114/><E23/><V17/><F20/><W4/><G4/><T116/><D116/><U43/><E43/><V135/><F135/><W88/><G88/><T50/><D50/><U91/><E48/><V41/><F41/><W67/><G126/><N who="0" m="48747" /><D131/><U11/><E91/><V82/><F127/><W85/><G85/><T60/><D9/><U115/><REACH who="1" step="1"/><E11/><REACH who="1" ten="240,230,240,270" step="2"/><V117/><F117/><W99/><G42/><T31/><D31/><U61/><E61/><V92/><REACH who="2" step="1"/><F98/><REACH who="2" ten="240,230,230,270" step="2"/><W28/><G99/><T63/><D63/><U97/><E97/><V40/><F40/><W68/><G28/><T107/><D107/><U81/><E81/><V123/><F123/><W26/><G129/><T84/><D60/><U59/><E59/><V45/><F45/><AGARI ba="1,3" hai="1,3,12,15,45,46,52,53,72,73,114,115,128,130" machi="45" ten="25,9600,0" yaku="1,1,22,2,54,1,53,0" doraHai="14" doraHaiUra="13" who="1" fromWho="2" sc="240,0,230,129,230,-99,270,0" /><INIT seed="1,2,0,1,0,111" ten="240,359,131,270" oya="1" hai0="46,127,31,23,24,64,87,19,107,45,124,104,47" hai1="76,83,32,92,48,73,54,109,53,103,58,105,112" hai2="20,10,57,70,110,0,16,36,2,117,68,18,101" hai3="135,95,130,94,17,21,99,84,116,115,52,96,134"/><U62/><E112/><V5/><F36/><W34/><G34/><T42/><D42/><U65/><E32/><V6/><F117/><W86/><G116/><T66/><D87/><N who="3" m="33321" /><G52/><T7/><D7/><U49/><E109/><V61/><F110/><W12/><G130/><T114/><D114/><U133/><E105/><N who="0" m="40521" /><D19/><U37/><E37/><V56/><F101/><W108/><G108/><T69/><D69/><U55/><REACH who="1" step="1"/><E133/><REACH who="1" ten="240,349,131,270" step="2"/><V129/><F129/><W13/><G115/><T119/><D119/><U22/><E22/><V82/><F20/><W33/><G33/><T27/><D23/><U43/><E43/><V71/><F82/><W78/><G135/><T98/><D31/><U106/><E106/><V59/><F61/><W123/><G134/><T38/><D38/><U132/><E132/><V100/><F100/><W29/><G29/><T25/><D98/><AGARI ba="2,1" hai="48,49,53,54,55,58,62,65,73,76,83,92,98,103" machi="98" ten="40,7700,0" yaku="1,1,53,2" doraHai="111" doraHaiUra="44" who="1" fromWho="0" sc="240,-83,349,93,131,0,270,0" /><INIT seed="1,3,0,5,1,61" ten="157,442,131,270" oya="1" hai0="97,40,16,38,78,127,37,117,6,25,58,73,34" hai1="20,126,36,14,69,94,87,55,8,10,112,45,92" hai2="75,83,96,101,118,60,11,67,121,107,76,128,27" hai3="18,50,44,1,23,106,32,70,135,115,82,15,42"/><U9/><E112/><V80/><F118/><W51/><G115/><T66/><D117/><U93/><E126/><V57/><F121/><W119/><G119/><T81/><D6/><U30/><E69/><V125/><F125/><W12/><G1/><T22/><D127/><U98/><E87/><V35/><F128/><W130/><G106/><T116/><D116/><U114/><E114/><V39/><F39/><W21/><G32/><T108/><D108/><U31/><E98/><V13/><F83/><W102/><G102/><T111/><D111/><U123/><E123/><V68/><F57/><W74/><G135/><T109/><D109/><U17/><REACH who="1" step="1"/><E55/><REACH who="1" ten="157,432,131,270" step="2"/><V33/><REACH who="2" step="1"/><F27/><REACH who="2" ten="157,432,121,270" step="2"/><N who="3" m="14775" /><G70/><T62/><D40/><AGARI ba="3,2" hai="8,9,10,14,17,20,30,31,36,40,45,92,93,94" machi="40" ten="40,2000,0" yaku="1,1,53,0" doraHai="61" doraHaiUra="52" who="1" fromWho="0" sc="157,-29,432,49,121,0,270,0" /><INIT seed="1,4,0,0,0,22" ten="128,481,121,270" oya="1" hai0="92,132,86,23,99,26,70,115,105,126,35,117,78" hai1="62,74,65,110,42,21,102,123,57,67,77,30,19" hai2="84,89,18,114,82,119,8,6,28,135,76,37,46" hai3="13,2,71,134,111,125,116,93,34,38,85,108,60"/><U72/><E123/><V0/><F119/><W16/><G38/><T112/><D117/><U121/><E121/><V118/><F118/><W107/><G107/><T45/><D35/><U33/><E42/><V66/><F135/><W59/><G2/><T20/><D70/><U9/><E102/><V101/><F114/><W133/><G71/><T100/><D132/><N who="3" m="50793" /><G116/><T50/><D126/><U32/><E9/><V75/><F66/><W48/><G48/><T83/><D20/><U104/><E104/><V129/><F18/><W79/><G34/><T95/><D115/><U91/><E67/><V5/><F5/><W4/><G4/><T51/><D112/><U106/><E106/><V96/><F28/><W10/><G125/><T124/><D124/><U1/><E1/><V64/><F64/><N who="3" m="38943" /><G93/><T68/><D51/><U80/><E30/><V3/><F3/><W88/><G88/><T27/><D68/><U98/><E98/><V54/><F129/><W7/><G7/><T52/><D27/><U128/><E128/><V24/><F24/><W55/><G55/><T97/><D99/><U25/><E91/><V36/><F96/><W131/><G131/><T103/><D103/><U44/><E72/><V17/><F101/><W127/><G127/><T12/><D12/><U56/><E33/><V58/><F89/><W14/><G14/><T61/><D61/><N who="1" m="38063" /><E32/><V43/><F75/><W109/><G85/><T11/><D11/><U47/><E74/><V120/><F37/><W63/><G63/><T39/><D39/><U87/><E62/><N who="2" m="36183" /><F120/><W40/><G40/><T130/><D130/><RYUUKYOKU ba="4,0" sc="128,10,481,-30,121,10,270,10" hai0="23,26,45,50,52,78,83,86,92,95,97,100,105" hai2="0,6,8,17,36,43,46,76,82,84" hai3="10,13,16,79,108,109,111" /><INIT seed="2,5,0,4,5,21" ten="138,451,131,280" oya="2" hai0="7,78,122,1,41,82,71,110,58,2,24,38,119" hai1="72,91,95,15,94,35,61,30,121,124,96,34,116" hai2="128,84,81,37,103,13,118,75,120,40,54,126,59" hai3="104,77,101,57,107,88,50,89,92,113,131,74,48"/><V66/><F118/><W100/><G57/><T36/><D71/><U111/><E116/><V33/><F120/><W133/><G50/><T14/><D122/><U134/><E111/><V135/><F75/><W31/><G48/><T49/><D119/><U108/><E108/><V45/><F33/><W46/><G46/><T86/><D110/><U127/><E121/><V65/><F128/><W19/><G19/><T27/><D1/><U112/><E72/><V102/><F126/><N who="1" m="48169" /><E112/><V47/><F47/><W42/><G31/><T76/><D2/><U20/><E134/><V9/><F135/><W68/><G42/><T132/><D132/><U29/><E61/><V28/><F28/><N who="1" m="10857" /><E94/><V12/><F65/><W32/><G32/><T44/><D76/><U63/><E63/><V17/><F66/><W129/><G133/><T18/><D7/><U79/><E79/><V69/><F69/><W6/><G6/><T25/><REACH who="0" step="1"/><D58/><REACH who="0" ten="128,451,131,280" step="2"/><U3/><E3/><V5/><F59/><W83/><G68/><T52/><D52/><U99/><E35/><V97/><F54/><W93/><G77/><T106/><D106/><U90/><E34/><V67/><F67/><W114/><G74/><T23/><AGARI ba="5,1" hai="14,18,23,24,25,27,36,38,41,44,49,78,82,86" machi="23" ten="30,8000,1" yaku="1,1,0,1,52,3,53,0" doraHai="21" doraHaiUra="130" who="0" fromWho="0" sc="128,105,451,-25,131,-45,280,-25" /><INIT seed="3,0,0,4,0,123" ten="233,426,86,255" oya="3" hai0="20,122,91,49,18,106,104,98,126,65,38,80,83" hai1="24,53,32,117,88,87,125,120,29,1,0,135,86" hai2="5,110,97,61,2,60,62,23,40,79,99,35,132" hai3="50,89,42,13,36,48,69,66,85,63,133,43,25"/><W78/><G133/><T8/><D38/><U75/><E75/><V22/><F35/><W46/><G78/><T41/><D122/><U70/><E120/><V101/><F2/><W81/><G43/><T37/><D37/><U127/><E135/><V119/><F132/><W34/><REACH who="3" step="1"/><G13/><REACH who="3" ten="233,426,86,245" step="2"/><T54/><D41/><U100/><E125/><V9/><F40/><W92/><G92/><T14/><D126/><U134/><E127/><V109/><F119/><W93/><G93/><T105/><D105/><U115/><E117/><V45/><F79/><W64/><G64/><T113/><D106/><U94/><E94/><N who="2" m="58551" /><F99/><W96/><G96/><T3/><D104/><U73/><E134/><V118/><F118/><W102/><G102/><T90/><D98/><U11/><E100/><V33/><F33/><W26/><G26/><T15/><D15/><U116/><E24/><V21/><F45/><W103/><G103/><T6/><D65/><U129/><E32/><V112/><F112/><W107/><G107/><T95/><D113/><U47/><E47/><V7/><F9/><W84/><G84/><T4/><D8/><U52/><E11/><V76/><F76/><W51/><G51/><T56/><D49/><U58/><E116/><V44/><F44/><W74/><G74/><T131/><D3/><U68/><E73/><V55/><F55/><W39/><G39/><T114/><D54/><U28/><E115/><V12/><F12/><W27/><G27/><T17/><D14/><U130/><E0/><V72/><F72/><W71/><G71/><T128/><D114/><U124/><E124/><RYUUKYOKU ba="0,1" sc="233,-15,426,-15,86,15,245,15" hai2="5,7,21,22,23,60,61,62,109,110" hai3="25,34,36,42,46,48,50,63,66,69,81,85,89" /><INIT seed="3,1,1,0,0,115" ten="218,411,101,260" oya="3" hai0="114,35,43,126,44,103,116,41,91,23,111,24,74" hai1="78,27,9,12,68,73,79,66,58,108,112,75,39" hai2="55,28,117,123,37,2,61,50,26,22,95,131,127" hai3="86,63,36,52,70,77,31,135,29,30,48,34,18"/><W64/><G135/><T1/><D74/><U47/><E112/><V125/><F37/><W8/><G36/><T90/><D1/><U83/><E108/><V121/><F61/><W118/><G118/><T97/><D35/><U113/><E68/><V99/><F2/><W0/><G77/><T38/><D114/><U110/><E110/><V120/><F131/><W32/><G86/><T71/><D71/><U45/><E113/><V65/><F65/><W69/><G69/><T67/><D67/><U72/><E27/><V19/><F28/><W93/><G93/><T54/><D111/><U104/><E104/><V25/><F25/><W134/><G134/><T119/><D126/><U94/><E94/><V59/><REACH who="2" step="1"/><F117/><REACH who="2" ten="218,411,91,260" step="2"/><W60/><G60/><T100/><D119/><U82/><E39/><V15/><F15/><W62/><G62/><T49/><D116/><U4/><E66/><V101/><AGARI ba="1,2" hai="19,22,26,50,55,59,95,99,101,120,121,123,125,127" machi="101" ten="40,5200,0" yaku="1,1,0,1,13,1,53,0" doraHai="115" doraHaiUra="128" who="2" fromWho="2" sc="218,-14,411,-14,91,75,260,-27" /><INIT seed="4,0,0,4,2,80" ten="204,397,166,233" oya="0" hai0="71,11,134,23,21,40,27,111,124,113,68,128,135" hai1="51,126,116,85,31,115,99,107,123,104,108,74,106" hai2="77,91,3,70,83,65,118,48,15,5,29,88,98" hai3="84,110,14,52,35,125,50,12,9,18,66,120,103"/><T28/><D113/><U97/><E51/><V47/><F3/><W109/><G35/><T114/><D114/><U100/><E31/><V58/><F70/><W22/><G125/><T122/><D122/><U130/><E115/><V56/><F29/><W96/><G66/><T49/><D124/><U55/><E55/><V10/><F118/><W7/><G120/><T20/><D11/><U82/><E116/><V76/><F76/><W117/><G117/><T60/><D128/><U129/><E123/><V8/><F8/><W132/><G132/><N who="0" m="50731" /><D111/><U0/><E0/><V46/><F46/><W41/><G41/><T26/><D60/><U75/><E108/><V102/><F65/><W90/><G96/><N who="1" m="36938" /><E100/><V62/><F62/><W69/><G103/><T59/><D59/><U57/><E57/><V19/><F58/><N who="3" m="33047" /><G69/><N who="0" m="26699" /><D28/><U30/><E30/><V44/><F56/><W38/><G38/><T72/><D72/><N who="1" m="27691" /><E126/><V45/><F48/><W95/><AGARI ba="0,0" hai="7,9,12,14,18,22,84,90,95,109,110" m="33047" machi="95" ten="30,4000,0" yaku="25,1,52,1,54,1" doraHai="80" who="3" fromWho="3" sc="204,-20,397,-10,166,-10,233,40" /><INIT seed="5,0,0,2,3,35" ten="184,387,156,273" oya="1" hai0="97,57,43,104,80,32,123,135,59,22,98,4,44" hai1="109,95,91,53,41,63,124,20,103,79,89,102,130" hai2="28,9,105,25,52,46,125,36,42,15,111,76,7" hai3="72,45,90,58,13,93,64,47,106,27,54,120,116"/><U122/><E122/><V128/><F105/><W85/><G120/><T114/><D32/><U21/><E124/><V100/><F128/><W5/><G72/><T31/><D123/><U118/><E118/><V117/><F125/><W73/><G73/><T18/><D31/><U87/><E130/><V49/><F100/><N who="1" m="38441" /><E41/><V19/><F111/><W115/><G106/><T61/><D104/><U1/><E1/><V70/><F70/><W60/><G115/><T77/><D135/><U3/><E3/><V33/><F76/><W83/><G116/><T101/><D101/><U24/><E79/><V113/><F113/><W62/><G27/><T40/><D4/><U34/><E34/><V56/><REACH who="2" step="1"/><F117/><REACH who="2" ten="184,387,146,273" step="2"/><W78/><G78/><T86/><D114/><U107/><E107/><V14/><F14/><W66/><G13/><T12/><D59/><N who="1" m="35311" /><E109/><V134/><F134/><W17/><G58/><T51/><REACH who="0" step="1"/><D43/><REACH who="0" ten="174,387,146,273" step="2"/><U133/><E133/><V108/><F108/><W11/><G47/><T38/><D38/><U67/><E91/><V112/><F112/><W0/><G45/><T88/><D88/><U71/><E89/><V127/><F127/><W29/><G90/><T55/><AGARI ba="0,2" hai="12,18,22,40,44,51,55,57,61,77,80,86,97,98" machi="55" ten="20,5200,0" yaku="1,1,0,1,7,1,8,1,53,0" doraHai="35" doraHaiUra="126" who="0" fromWho="0" sc="174,72,387,-26,146,-13,273,-13" /><INIT seed="6,0,0,0,3,120" ten="246,361,133,260" oya="2" hai0="6,126,132,105,58,92,22,83,89,84,93,34,116" hai1="45,66,36,59,2,14,43,11,25,54,27,91,46" hai2="31,99,127,103,51,101,110,76,21,123,37,20,130" hai3="78,8,57,121,81,134,30,26,94,42,97,90,56"/><V13/><F37/><W28/><G121/><T52/><D34/><U107/><E2/><V49/><F123/><W133/><G42/><T98/><D105/><U67/><E107/><V64/><F130/><W60/><G8/><T4/><D132/><N who="3" m="50793" /><G60/><N who="0" m="35911" /><D126/><U39/><E91/><V75/><F127/><W32/><G30/><T70/><D70/><U117/><E117/><V124/><F124/><W104/><G104/><T118/><D93/><U122/><E122/><V85/><F75/><AGARI ba="0,0" hai="26,28,32,56,57,75,78,81,90,94,97" m="50793" machi="75" ten="30,1000,0" yaku="20,1" doraHai="120" who="3" fromWho="2" sc="246,0,361,0,133,-10,260,10" /><INIT seed="7,0,0,5,2,130" ten="246,361,123,270" oya="3" hai0="112,117,13,54,75,25,100,128,68,29,17,67,61" hai1="108,4,77,125,63,127,90,3,111,72,57,104,50" hai2="122,14,69,98,35,40,21,42,133,99,115,18,27" hai3="36,81,106,38,82,22,55,20,119,6,116,85,12"/><W105/><G6/><T94/><D75/><U97/><E50/><V74/><F69/><W15/><G85/><T43/><D117/><U0/><E77/><V114/><F74/><W66/><REACH who="3" step="1"/><G55/><REACH who="3" ten="246,361,123,260" step="2"/><T65/><D54/><N who="1" m="34231" /><E72/><V96/><F122/><W107/><G107/><T80/><D43/><U73/><E73/><V86/><F86/><W135/><G135/><T78/><D128/><U32/><E4/><V118/><F118/><W102/><G102/><T83/><D67/><AGARI ba="0,1" hai="12,15,20,22,36,38,66,67,81,82,105,106,116,119" machi="67" ten="25,12000,1" yaku="1,1,22,2,53,2" doraHai="130" doraHaiUra="9" who="3" fromWho="0" sc="246,-120,361,0,123,0,260,130" owari="126,-27.0,361,16.0,123,-38.0,390,49.0" /></mjloggm>