<mjloggm ver="2.3"><GO type="169" lobby="0"/><UN n0="%E3%83%88%E3%83%88%E3%83%AA%E5%85%88%E7%94%9F%31%39%E6%AD%B3" n1="%E3%83%87%E3%83%8D%E3%83%9C%E3%83%A9" n2="%E3%82%A2%E3%83%88%E3%83%9F%E3%83%83%E3%82%AF%E3%83%AA%E3%83%BC%E3%83%81" n3="%E5%AE%89%E6%96%8E" dan="19,16,16,17" rate="2295.71,2122.07,2067.51,2145.03" sx="F,M,M,M"/><TAIKYOKU oya="0"/><INIT seed="0,0,0,5,0,84" ten="250,250,250,250" oya="0" hai0="56,18,118,86,58,68,48,22,97,28,15,102,95" hai1="89,63,52,10,128,75,29,122,92,133,106,50,38" hai2="64,98,91,114,65,34,4,94,57,12,27,69,39" hai3="36,125,30,5,7,88,43,24,26,115,33,31,6"/><T121/><D118/><U90/><E122/><V45/><F114/><W42/><G36/><T55/><D121/><U20/><E106/><V61/><F39/><W49/><G115/><T66/><D68/><U117/><E117/><V51/><F34/><W1/><G49/><T77/><D28/><U132/><E38/><V107/><F107/><W19/><G125/><T120/><D120/><U96/><E75/><V110/><F110/><W37/><G37/><T54/><D66/><U9/><E63/><V53/><F27/><W62/><G62/><T46/><REACH who="0" step="1"/><D55/><REACH who="0" ten="240,250,250,250" step="2"/><U40/><E29/><V130/><F130/><W131/><G131/><T32/><D32/><U67/><E128/><V103/><F69/><W80/><G31/><T119/><D119/><U3/><E67/><V74/><F65/><W60/><G30/><T83/><AGARI ba="0,1" hai="15,18,22,46,48,54,56,58,77,83,86,95,97,102" machi="83" ten="30,6000,0" yaku="1,1,0,1,8,1,53,0" doraHai="84" doraHaiUra="2" who="0" fromWho="0" sc="240,70,250,-20,250,-20,250,-20" /><INIT seed="0,1,0,5,0,124" ten="310,230,230,230" oya="0" hai0="24,83,105,93,51,3,44,9,66,110,42,90,96" hai1="18,22,135,59,54,120,116,91,118,43,57,2,97" hai2="16,122,75,39,84,23,92,102,1,69,65,29,41" hai3="85,27,5,103,53,35,117,8,33,10,32,21,64"/><T107/><D110/><U72/><E120/><V60/><F122/><W58/><G117/><T20/><D66/><U17/><E2/><V12/><F75/><W87/><G103/><T70/><D70/><U119/><E72/><V73/><F73/><W31/><G64/><T133/><D133/><U28/><E135/><V89/><F1/><W48/><REACH who="3" step="1"/><G8/><REACH who="3" ten="310,230,230,220" step="2"/><T71/><D71/><U134/><E118/><V62/><F102/><W106/><G106/><T37/><D107/><U61/><E119/><V81/><F69/><W114/><G114/><T7/><D105/><U45/><E116/><V88/><F65/><W40/><G40/><T76/><D37/><U49/><E134/><V101/><F101/><W74/><G74/><T68/><D68/><U26/><E59/><V82/><F41/><W113/><G113/><T15/><D3/><AGARI ba="1,1" hai="3,5,10,21,27,31,32,33,35,48,53,58,85,87" machi="3" ten="40,1300,0" yaku="1,1,53,0" doraHai="124" doraHaiUra="95" who="3" fromWho="0" sc="310,-16,230,0,230,0,220,26" /><INIT seed="1,0,0,4,3,35" ten="294,230,230,246" oya="1" hai0="24,20,75,22,108,111,125,63,15,52,1,23,10" hai1="86,94,112,110,33,68,43,80,72,118,98,101,84" hai2="17,119,29,134,92,55,56,67,53,14,120,96,65" hai3="48,116,58,109,6,69,131,82,113,19,103,88,121"/><U122/><E68/><V133/><F119/><W124/><G69/><T25/><D75/><U7/><E33/><V97/><F29/><W105/><G113/><T50/><D63/><U64/><E64/><N who="2" m="24651" /><F120/><W21/><G6/><N who="0" m="1359" /><D125/><U59/><E7/><V49/><F92/><W42/><G103/><T126/><D126/><U16/><E43/><V95/><F95/><W117/><G105/><T85/><D85/><U37/><E37/><V47/><F133/><W89/><G121/><T4/><D50/><U28/><E122/><V81/><F81/><W39/><G124/><T99/><D52/><U70/><E28/><V104/><F104/><W26/><G39/><T106/><D99/><U135/><E70/><V79/><F79/><W36/><G36/><T18/><D4/><U3/><E118/><V5/><F5/><W132/><G42/><T127/><D106/><U12/><E72/><V91/><F91/><W30/><G89/><T76/><D76/><U8/><E112/><V38/><F134/><W31/><G132/><T0/><D0/><U13/><E3/><V100/><F100/><W114/><G114/><T123/><D123/><U44/><E135/><V128/><F38/><W129/><G116/><T93/><D93/><U11/><E80/><V74/><F74/><W57/><G117/><T78/><D78/><U9/><E101/><V73/><F73/><W87/><G48/><T60/><D60/><U77/><E77/><V34/><F49/><W62/><G62/><T51/><D127/><U2/><E94/><V61/><F61/><W27/><G82/><T40/><D40/><RYUUKYOKU ba="0,0" sc="294,0,230,0,230,0,246,0" /><INIT seed="2,1,0,1,2,37" ten="294,230,230,246" oya="2" hai0="50,57,25,129,0,135,114,81,22,126,77,8,39" hai1="11,34,89,112,56,17,70,119,131,104,29,90,54" hai2="4,99,132,53,121,110,27,2,117,41,63,84,85" hai3="123,127,83,7,79,73,103,45,91,116,69,97,49"/><V51/><F121/><W13/><G123/><T47/><D114/><U72/><E112/><V86/><F117/><W115/><G116/><T78/><D39/><U94/><E119/><V96/><F132/><W68/><G115/><T71/><D71/><U28/><E70/><V75/><F75/><W64/><G127/><T52/><D135/><U55/><E72/><V36/><F110/><W76/><G76/><T1/><D126/><U61/><E104/><V92/><F63/><W42/><G64/><T10/><D129/><U113/><E113/><V31/><F4/><W15/><G15/><T122/><D122/><U60/><E34/><V33/><F2/><W128/><G128/><T48/><D1/><U3/><E131/><V101/><F99/><W100/><G100/><T6/><D81/><U133/><E133/><V107/><F107/><W24/><G91/><T93/><D93/><U59/><E89/><V21/><F33/><W20/><G13/><T62/><D8/><U14/><REACH who="1" step="1"/><E3/><REACH who="1" ten="294,220,230,246" step="2"/><V125/><F125/><W134/><G134/><T88/><D88/><U38/><E38/><V65/><F65/><W118/><G118/><T46/><D78/><U106/><E106/><V19/><F36/><W16/><G7/><T87/><D77/><U43/><E43/><V44/><REACH who="2" step="1"/><F41/><REACH who="2" ten="294,220,220,246" step="2"/><W26/><G69/><T66/><D66/><U74/><E74/><V105/><F105/><N who="3" m="63727" /><G68/><T9/><D0/><U23/><E23/><V109/><F109/><W120/><G120/><T80/><D22/><U35/><E35/><V95/><F95/><W12/><G20/><T30/><D6/><RYUUKYOKU ba="1,2" sc="294,-30,220,10,220,10,246,10" hai1="11,14,17,28,29,54,55,56,59,60,61,90,94" hai2="19,21,27,31,44,51,53,84,85,86,92,96,101" hai3="12,16,24,26,42,45,49,73,79,83" /><INIT seed="2,2,2,5,0,95" ten="264,230,230,256" oya="2" hai0="15,91,71,88,12,92,40,32,13,63,5,26,133" hai1="3,127,93,41,53,47,100,125,18,112,70,29,117" hai2="44,66,118,102,50,73,128,55,96,130,105,82,85" hai3="101,129,68,48,11,52,134,37,30,49,38,20,2"/><V59/><F118/><W110/><G68/><T116/><D116/><U24/><E117/><V7/><F73/><W46/><G110/><T17/><D133/><U39/><E112/><V75/><F75/><W72/><G134/><T97/><D40/><U119/><E119/><V121/><F121/><W111/><G111/><T36/><D36/><U23/><E70/><V132/><F132/><W94/><G72/><T90/><D5/><U126/><E3/><V42/><F7/><W99/><G129/><N who="2" m="49769" /><F66/><W135/><G135/><T45/><D45/><U51/><E29/><V6/><F6/><W0/><G11/><T43/><D43/><U113/><E113/><V1/><F1/><W103/><G0/><T25/><D32/><U34/><E34/><V131/><N who="2" m="49777" /><V106/><DORA hai="89" /><F106/><W33/><G33/><T122/><D122/><U28/><E28/><V123/><F123/><W31/><G2/><T67/><REACH who="0" step="1"/><D17/><REACH who="0" ten="254,230,230,256" step="2"/><U74/><E39/><V81/><F85/><W115/><G115/><T77/><D77/><U109/><E74/><V57/><F57/><N who="3" m="32903" /><G37/><AGARI ba="2,3" hai="37,42,44,50,55,59,81,82,96,102,105" m="49777" machi="37" ten="40,3900,0" yaku="19,1,52,1" doraHai="95,89" who="2" fromWho="3" sc="254,0,230,0,230,75,256,-45" /><INIT seed="2,3,0,1,2,91" ten="254,230,305,211" oya="2" hai0="133,13,101,39,117,116,106,135,75,70,126,115,73" hai1="3,80,57,37,6,27,66,134,127,87,102,118,74" hai2="110,10,38,5,30,45,28,7,125,108,43,18,83" hai3="68,17,59,114,36,105,0,86,12,104,4,130,109"/><V67/><F67/><W96/><G68/><T112/><D70/><U23/><E118/><N who="0" m="45673" /><D39/><U41/><E74/><N who="0" m="28169" /><D13/><U69/><E69/><V85/><F125/><W90/><G36/><T42/><D42/><U14/><E134/><N who="0" m="51209" /><D126/><U8/><E127/><V122/><F18/><W19/><G12/><T24/><D24/><U46/><E14/><V94/><F28/><W9/><G17/><T49/><D49/><U123/><E27/><V15/><F30/><W22/><G19/><T97/><AGARI ba="3,0" hai="97,101,106,112,115" m="51209,28169,45673" machi="97" ten="40,8000,1" yaku="12,1,20,1,23,1,34,2" doraHai="91" who="0" fromWho="0" sc="254,89,230,-23,305,-43,211,-23" /><INIT seed="3,0,0,5,5,52" ten="343,207,262,188" oya="3" hai0="127,93,90,118,38,31,105,84,120,85,45,63,49" hai1="87,21,46,56,41,42,134,108,15,40,26,116,83" hai2="89,0,34,126,27,60,20,121,100,74,129,36,16" hai3="9,130,24,75,14,7,39,67,32,50,101,112,62"/><W111/><G112/><T30/><D118/><U54/><E108/><V58/><F36/><W65/><G39/><T68/><D120/><U125/><E125/><V47/><F126/><W23/><G111/><T25/><D38/><U82/><E134/><V96/><F0/><W133/><G133/><T71/><D105/><U124/><E124/><V107/><F74/><W106/><G75/><T48/><D127/><U33/><E33/><V43/><F129/><W11/><G130/><T29/><D48/><U131/><E131/><V19/><F34/><W104/><G32/><T92/><D25/><U18/><E116/><V10/><F121/><W22/><G50/><T44/><D63/><N who="1" m="36247" /><E46/><V94/><F47/><W95/><G11/><T109/><D109/><U59/><E59/><V51/><F51/><W4/><G4/><T78/><D44/><U122/><E122/><V97/><F43/><W1/><G1/><T66/><D66/><U81/><E26/><V117/><F117/><W135/><G67/><T3/><D3/><U128/><E128/><V12/><F19/><W5/><G5/><T17/><D17/><U35/><E35/><V88/><F89/><AGARI ba="0,0" hai="15,18,21,40,41,42,81,82,83,87,89" m="36247" machi="89" ten="30,2000,0" yaku="8,1,52,1" doraHai="52" who="1" fromWho="2" sc="343,0,207,20,262,-20,188,0" /><INIT seed="4,0,0,3,0,54" ten="343,227,242,188" oya="0" hai0="24,5,76,91,132,33,35,39,94,116,129,98,72" hai1="32,63,14,90,88,99,84,127,45,51,104,55,57" hai2="68,85,9,67,80,20,66,62,73,44,112,47,117" hai3="36,123,16,48,10,38,70,13,7,56,30,120,60"/><T17/><D116/><U23/><E32/><V89/><F112/><W31/><G70/><T118/><D118/><U27/><E127/><V50/><F117/><W34/><G48/><T133/><D39/><N who="3" m="14889" /><G34/><T126/><D126/><U58/><E104/><V93/><F9/><W115/><G7/><T65/><D129/><U53/><E14/><V78/><F66/><N who="3" m="39175" /><G115/><T0/><D65/><N who="1" m="39151" /><E99/><V37/><F37/><W111/><G111/><T1/><D33/><U102/><E102/><V130/><F130/><W96/><G96/><T125/><D125/><U107/><E107/><V113/><F113/><W15/><G13/><T49/><D5/><U124/><E124/><V52/><REACH who="2" step="1"/><F20/><REACH who="2" ten="343,227,232,188" step="2"/><W41/><G41/><T2/><D35/><U64/><E64/><V4/><F4/><W110/><G110/><T12/><D1/><U109/><E109/><V3/><F3/><W87/><G87/><T121/><D2/><U61/><E84/><V81/><F81/><W86/><G86/><T29/><D0/><U75/><E75/><V46/><AGARI ba="0,1" hai="44,46,47,50,52,62,67,68,73,78,80,85,89,93" machi="46" ten="20,8000,1" yaku="1,1,0,1,7,1,54,1,53,1" doraHai="54" doraHaiUra="74" who="2" fromWho="2" sc="343,-40,227,-20,232,90,188,-20" /><INIT seed="5,0,0,0,3,79" ten="303,207,322,168" oya="1" hai0="131,127,10,8,54,4,35,89,2,6,61,126,106" hai1="100,122,52,49,116,97,18,17,124,43,23,21,128" hai2="58,93,30,64,114,72,107,95,40,74,99,15,51" hai3="117,73,48,67,50,57,13,22,81,9,135,27,42"/><U119/><E122/><V133/><F107/><W70/><G135/><T37/><D35/><U55/><E128/><V112/><F133/><W25/><G117/><T83/><D37/><U109/><E124/><N who="0" m="47657" /><D106/><U121/><E121/><V19/><F30/><W12/><G70/><T31/><D31/><U53/><E109/><V132/><F132/><W69/><G69/><T34/><D34/><U33/><E33/><V41/><F64/><W59/><G73/><N who="2" m="28265" /><F58/><W36/><G36/><T24/><D24/><U125/><E125/><V76/><F76/><W102/><G67/><T75/><D131/><U86/><E86/><V111/><F111/><W120/><G120/><T26/><D26/><U66/><E66/><V11/><F51/><W96/><G22/><N who="1" m="8202" /><E116/><V104/><F104/><W78/><G25/><T71/><D71/><U123/><E119/><V45/><F45/><N who="3" m="25655" /><G27/><T20/><D20/><U115/><E123/><V110/><F110/><W7/><G50/><T118/><D118/><U84/><E49/><V103/><F93/><N who="3" m="58639" /><G13/><N who="0" m="5255" /><D75/><U113/><E43/><V82/><F40/><W68/><G68/><T60/><D54/><U14/><E55/><V65/><F65/><W130/><G130/><T134/><D134/><U1/><E53/><V46/><F41/><W56/><G78/><T47/><D47/><U16/><E14/><V87/><F46/><W63/><G63/><T39/><D39/><U77/><E77/><V5/><F15/><W62/><G62/><T44/><D44/><U91/><E52/><V92/><F99/><W129/><G129/><T105/><D105/><N who="1" m="63631" /><E1/><V28/><F28/><RYUUKYOKU ba="0,0" sc="303,10,207,10,322,-30,168,10" hai0="2,6,10,60,61,83,89" hai1="16,17,18,84,91,113,115" hai3="7,9,12,56,57,59,81" /><INIT seed="5,1,0,3,5,37" ten="313,217,292,178" oya="1" hai0="71,66,86,34,131,43,62,130,9,90,96,20,22" hai1="2,73,121,98,13,59,14,111,123,58,133,10,23" hai2="120,104,68,108,40,76,85,7,107,19,78,12,1" hai3="95,18,132,6,46,125,70,57,63,4,56,82,100"/><U83/><E2/><V128/><F108/><W38/><G70/><T81/><D34/><U5/><E111/><V72/><F120/><W11/><G82/><T16/><D43/><U53/><E133/><V42/><F68/><W28/><G28/><T31/><D96/><U35/><E35/><V129/><F72/><W0/><G125/><T48/><D48/><U87/><E73/><V109/><F109/><W27/><G132/><T115/><D115/><U36/><E36/><V33/><F33/><W51/><G38/><T26/><REACH who="0" step="1"/><D9/><REACH who="0" ten="303,217,292,178" step="2"/><U122/><E98/><V92/><F40/><W114/><G114/><T25/><AGARI ba="1,1" hai="16,20,22,25,26,31,62,66,71,81,86,90,130,131" machi="25" ten="30,7900,0" yaku="1,1,2,1,0,1,54,1,53,0" doraHai="37" doraHaiUra="39" who="0" fromWho="0" sc="303,92,217,-40,292,-21,178,-21" /><INIT seed="6,0,0,4,1,52" ten="395,177,271,157" oya="2" hai0="103,96,108,15,95,116,9,59,50,117,48,8,112" hai1="44,85,25,4,91,0,76,38,90,126,12,7,104" hai2="134,26,131,86,60,80,84,55,36,111,23,128,6" hai3="53,19,110,3,35,89,75,62,14,93,113,34,51"/><V29/><F36/><W81/><G110/><T74/><D108/><U57/><E104/><V106/><F106/><W31/><G3/><T115/><D74/><U54/><E0/><V92/><F111/><W79/><G62/><T21/><D21/><U73/><E73/><V42/><F134/><W11/><G31/><T47/><D59/><U87/><E126/><V22/><F42/><W129/><G129/><N who="2" m="49737" /><F6/><W114/><G93/><T119/><D9/><U118/><E118/><V130/><N who="2" m="49745" /><V45/><DORA hai="88" /><F92/><W27/><G89/><T17/><D50/><U39/><E76/><N who="2" m="46087" /><F86/><W32/><REACH who="3" step="1"/><G27/><REACH who="3" ten="395,177,271,147" step="2"/><T122/><D122/><U133/><E25/><V18/><F60/><W132/><G132/><T98/><D98/><U46/><E133/><V121/><F121/><W33/><N who="3" m="8192" /><DORA hai="125" /><W66/><G66/><T13/><D13/><U2/><E12/><N who="2" m="9543" /><F55/><AGARI ba="0,1" hai="8,15,17,47,48,55,95,96,103,112,115,116,117,119" machi="55" ten="40,2600,0" yaku="12,1,52,1" doraHai="52,88,125" who="0" fromWho="2" sc="395,36,177,0,271,-26,147,0" /><INIT seed="7,0,0,2,4,29" ten="431,177,245,147" oya="3" hai0="43,0,123,91,94,126,85,68,33,109,106,32,134" hai1="45,108,64,28,82,1,99,27,86,74,14,92,62" hai2="55,113,71,83,76,127,39,93,56,80,104,34,103" hai3="51,133,18,41,60,125,131,78,54,122,130,67,84"/><W13/><G122/><T114/><RYUUKYOKU type="yao9" ba="0,0" sc="431,0,177,0,245,0,147,0" hai0="0,32,33,43,68,85,91,94,106,109,114,123,126,134" /><INIT seed="7,1,0,5,0,62" ten="431,177,245,147" oya="3" hai0="36,2,109,37,77,3,20,45,27,88,134,75,131" hai1="29,133,11,60,82,112,123,1,10,116,85,102,124" hai2="120,7,16,4,103,83,105,73,61,121,54,118,44" hai3="78,67,31,58,99,115,111,28,6,110,81,127,5"/><W87/><G115/><T74/><D109/><N who="3" m="41481" /><G99/><T43/><D37/><U100/><E123/><V17/><F103/><N who="1" m="39465" /><E112/><V50/><F105/><W66/><G127/><T117/><D117/><U8/><E133/><V80/><F118/><W56/><G56/><T41/><D41/><U122/><E1/><V38/><F44/><W46/><G46/><T84/><D20/><U47/><E122/><V92/><F120/><W34/><G58/><T53/><D27/><U57/><E116/><V79/><F38/><W21/><G21/><T95/><D53/><N who="1" m="33839" /><E47/><V9/><F121/><W63/><G63/><T89/><D89/><N who="1" m="51383" /><E124/><V72/><F61/><W107/><G107/><T108/><D77/><U51/><E51/><V64/><F64/><N who="3" m="24619" /><G34/><T101/><D108/><U128/><E128/><V40/><F40/><W119/><G119/><T125/><D125/><U39/><E39/><V26/><F9/><W97/><G97/><T30/><D131/><U106/><E106/><V48/><F48/><W25/><G25/><T52/><D45/><U113/><E113/><V76/><F50/><W55/><G55/><T132/><D52/><U104/><E104/><V33/><F54/><W126/><G126/><T86/><D43/><U96/><E96/><V15/><F26/><W42/><G42/><T94/><D36/><U65/><E65/><V32/><F32/><W18/><G31/><AGARI ba="1,0" hai="8,10,11,29,31" m="51383,33839,39465" machi="31" ten="30,1000,0" yaku="8,1" doraHai="62" who="1" fromWho="3" sc="431,0,177,13,245,0,147,-13" owari="431,53.0,190,-21.0,245,5.0,134,-37.0" /></mjloggm>