<mjloggm ver="2.3"><GO type="169" lobby="0"/><UN n0="%E7%89%8C%E6%B5%81%E5%AE%9A%E7%9F%B3%E6%9C%80%E9%AB%98" n1="%E3%83%AC%E3%83%87%E3%82%B9%E3%83%9E" n2="%E3%82%A6%E3%83%AB%E3%83%88%E3%83%A9%E7%AB%8B%E7%9B%B4" n3="%E3%83%88%E3%83%88%E3%83%AA%E5%85%88%E7%94%9F%31%39%E6%AD%B3" dan="16,18,18,19" rate="2156.83,2216.53,2241.77,2300.62" sx="M,M,M,F"/><TAIKYOKU oya="0"/><INIT seed="0,0,0,2,3,95" ten="250,250,250,250" oya="0" hai0="130,69,66,31,63,74,19,62,92,16,57,25,91" hai1="45,116,86,50,14,60,104,37,99,46,42,71,24" hai2="30,102,67,28,112,18,83,85,58,124,35,80,33" hai3="12,11,51,96,133,118,27,128,23,68,114,40,115"/><T107/><D130/><U127/><E116/><V119/><F112/><W4/><G68/><T105/><D74/><U20/><E127/><V75/><F67/><W10/><G128/><T7/><D7/><U89/><E14/><V55/><F75/><W103/><G118/><T76/><D76/><U36/><E71/><V32/><F124/><W21/><G133/><T70/><D107/><U43/><E60/><V111/><F111/><W100/><G100/><T52/><D105/><U3/><E3/><V88/><F119/><W108/><G108/><T110/><D70/><U72/><E72/><V125/><F125/><W94/><G23/><T53/><D53/><U93/><E50/><V78/><F102/><W106/><G106/><T65/><D65/><U81/><E104/><V84/><REACH who="2" step="1"/><F18/><REACH who="2" ten="250,250,240,250" step="2"/><W49/><G115/><T135/><D110/><U9/><E9/><V34/><N who="2" m="8192" /><DORA hai="54" /><V117/><F117/><W77/><G114/><T8/><D8/><U90/><E24/><V47/><F47/><W132/><G10/><T121/><D135/><U123/><REACH who="1" step="1"/><E20/><REACH who="1" ten="250,240,240,250" step="2"/><V13/><F13/><W129/><G132/><T29/><D25/><U48/><E48/><AGARI ba="0,2" hai="28,30,48,55,58,78,80,83,84,85,88" m="8192" machi="48" ten="70,8000,1" yaku="1,1,52,1,54,1,53,0" doraHai="95,54" doraHaiUra="39,109" who="2" fromWho="1" sc="250,0,240,-80,240,100,250,0" /><INIT seed="1,0,0,3,4,107" ten="250,160,340,250" oya="1" hai0="114,63,92,99,58,51,89,96,69,106,34,19,27" hai1="80,66,11,100,9,21,74,133,91,3,64,28,122" hai2="130,72,57,37,41,78,83,0,129,120,123,84,14" hai3="70,36,10,110,22,61,1,32,39,62,30,26,2"/><U17/><E122/><V38/><F0/><W76/><G110/><T115/><D69/><U42/><E133/><V25/><F14/><W109/><G109/><T104/><D51/><U46/><E100/><V6/><F6/><W90/><G90/><T50/><D50/><U82/><E28/><V119/><F119/><W59/><G62/><T88/><D34/><U48/><E82/><N who="2" m="45383" /><F57/><W87/><G70/><T98/><D115/><U117/><E117/><V112/><F25/><W102/><G87/><T94/><D99/><U77/><E91/><N who="2" m="51615" /><F37/><W131/><G131/><N who="2" m="50185" /><F112/><W53/><G32/><T4/><D4/><U85/><E3/><V33/><F33/><W43/><G10/><T56/><D114/><U60/><E60/><V134/><F134/><W7/><G7/><T54/><D58/><U15/><REACH who="1" step="1"/><E85/><REACH who="1" ten="250,150,340,250" step="2"/><V65/><F65/><AGARI ba="0,1" hai="9,11,15,17,21,42,46,48,64,65,66,74,77,80" machi="65" ten="40,7700,0" yaku="1,1,2,1,52,1,53,0" doraHai="107" doraHaiUra="111" who="1" fromWho="2" sc="250,0,150,87,340,-77,250,0" /><INIT seed="1,1,0,4,4,97" ten="250,237,263,250" oya="1" hai0="36,1,125,69,44,135,45,113,105,60,58,120,133" hai1="79,61,8,110,80,47,10,123,2,35,49,29,13" hai2="33,24,27,71,95,98,19,96,111,91,81,117,40" hai3="15,3,118,51,14,122,103,92,128,22,5,121,86"/><U126/><E123/><V114/><F117/><W7/><G128/><T64/><D1/><U66/><E126/><V124/><F124/><W23/><G51/><T16/><D105/><U127/><E127/><V74/><F71/><W132/><G92/><T11/><D125/><U78/><E110/><V106/><F111/><W75/><G86/><T68/><D113/><U115/><E115/><V129/><F114/><W85/><G85/><T50/><D11/><U48/><E2/><V26/><F129/><W6/><G75/><T82/><D16/><U43/><E49/><V77/><F40/><W12/><G3/><T38/><D82/><U104/><E104/><V46/><F46/><N who="0" m="18026" /><D120/><N who="3" m="46185" /><G103/><T65/><D65/><U73/><E79/><V134/><F19/><W53/><G53/><N who="0" m="32055" /><D69/><U131/><E131/><V20/><F74/><W70/><G70/><T30/><D30/><U84/><E73/><V83/><F106/><W4/><G4/><T62/><D62/><U39/><E39/><AGARI ba="1,0" hai="36,38,39,60,64,68,133,135" m="32055,18026" machi="39" ten="30,2000,0" yaku="34,2" doraHai="97" who="0" fromWho="1" sc="250,23,237,-23,263,0,250,0" /><INIT seed="2,0,0,5,4,77" ten="273,214,263,250" oya="2" hai0="18,90,74,61,47,109,65,120,102,43,60,76,49" hai1="45,87,81,30,26,52,99,59,28,25,63,133,124" hai2="112,107,44,10,101,42,115,38,72,53,1,57,34" hai3="129,3,41,85,32,11,70,100,62,29,95,119,5"/><V134/><F34/><W19/><G119/><T131/><D120/><U4/><E124/><V94/><F107/><W130/><G41/><T103/><D109/><U79/><E133/><V104/><F104/><W23/><G70/><T71/><D131/><U69/><E69/><V78/><F134/><W97/><G62/><T132/><D90/><U50/><E4/><N who="2" m="1295" /><F94/><W66/><G66/><T48/><D61/><U20/><E99/><V126/><F101/><W121/><G121/><T6/><D6/><U110/><E110/><V14/><F14/><N who="3" m="9719" /><G85/><T22/><D132/><U17/><REACH who="1" step="1"/><E26/><AGARI ba="0,0" hai="3,5,11,26,29,32,95,97,100,129,130" m="9719" machi="26" ten="30,1000,0" yaku="24,1" doraHai="77" who="3" fromWho="1" sc="273,0,214,-10,263,0,250,10" /><INIT seed="3,0,0,5,2,104" ten="273,204,263,260" oya="3" hai0="115,79,36,45,103,33,135,39,116,18,38,12,117" hai1="109,48,23,47,17,107,97,69,43,19,54,52,24" hai2="71,118,49,89,55,4,77,28,81,125,68,100,27" hai3="10,5,1,87,123,90,15,126,84,7,60,112,113"/><W101/><G123/><T14/><D33/><U37/><E109/><V22/><F118/><W32/><G32/><T26/><D135/><U129/><E129/><V30/><F125/><W92/><G126/><T96/><D115/><U74/><E69/><V34/><F100/><W108/><G108/><T99/><D45/><U95/><E107/><V122/><F122/><W132/><G132/><T65/><D65/><U102/><E74/><V3/><F89/><W128/><G128/><T88/><D79/><U67/><E67/><V35/><F22/><W83/><G60/><T46/><D46/><U120/><E120/><V40/><F40/><W76/><G5/><T21/><D99/><U98/><E98/><V105/><F105/><W58/><G58/><T73/><D103/><U80/><E80/><V111/><F111/><W63/><G63/><T25/><D73/><U110/><E110/><V0/><F49/><W56/><G56/><T57/><D57/><U86/><E86/><V70/><F55/><N who="1" m="21033" /><E37/><V85/><REACH who="2" step="1"/><F4/><REACH who="2" ten="273,204,253,260" step="2"/><W6/><G101/><T134/><D134/><U42/><E43/><V41/><F41/><W130/><G130/><T82/><D117/><U131/><E131/><V64/><F64/><W16/><G7/><T114/><D116/><U31/><AGARI ba="0,1" hai="17,19,23,24,31,42,47,48,95,97,102" m="21033" machi="31" ten="30,2000,0" yaku="8,1,54,1" doraHai="104" who="1" fromWho="1" sc="273,-5,204,30,253,-5,260,-10" /><INIT seed="4,0,0,1,4,44" ten="268,234,248,250" oya="0" hai0="24,67,73,78,20,23,46,11,95,98,17,4,74" hai1="34,103,117,97,0,134,86,56,43,88,70,28,126" hai2="99,90,69,130,39,53,65,123,49,29,118,76,6" hai3="112,19,36,116,60,38,50,105,40,71,52,61,128"/><T68/><D78/><U104/><E70/><V55/><F123/><W101/><G105/><T12/><D68/><U31/><E117/><V57/><F76/><W22/><G116/><T91/><D67/><U110/><E110/><V85/><F130/><W41/><G101/><T102/><D46/><U14/><E0/><V8/><F39/><W48/><G128/><T9/><D9/><U33/><E126/><V18/><F29/><W62/><G112/><T10/><D10/><U58/><E43/><N who="3" m="16458" /><G19/><T15/><REACH who="0" step="1"/><D102/><REACH who="0" ten="258,234,248,250" step="2"/><U113/><E103/><V59/><F65/><W7/><G71/><T107/><D107/><U75/><E104/><V125/><F69/><W82/><G36/><T77/><D77/><U54/><E58/><V92/><F118/><W63/><G38/><T30/><AGARI ba="0,1" hai="4,11,12,15,17,20,23,24,30,73,74,91,95,98" machi="30" ten="20,3900,0" yaku="1,1,0,1,7,1,53,0" doraHai="44" doraHaiUra="108" who="0" fromWho="0" sc="258,49,234,-13,248,-13,250,-13" /><INIT seed="4,1,0,4,4,33" ten="307,221,235,237" oya="0" hai0="102,114,83,23,128,54,101,24,88,59,38,64,121" hai1="73,113,20,21,119,27,25,34,44,19,37,55,123" hai2="78,40,75,65,15,61,42,103,93,131,60,22,35" hai3="10,96,49,69,74,13,18,117,85,82,79,48,6"/><T124/><D121/><U17/><E123/><V77/><F35/><W100/><G117/><T108/><D114/><U97/><E34/><V80/><F131/><W99/><G69/><T129/><D38/><U30/><E119/><V4/><F78/><W76/><G76/><T120/><D120/><U89/><E73/><V122/><F122/><W95/><G74/><T135/><D108/><U116/><E116/><V109/><F109/><W51/><G99/><T11/><D64/><U107/><E113/><V31/><F61/><W7/><AGARI ba="1,0" hai="6,7,10,13,18,48,49,51,79,82,85,95,96,100" machi="7" ten="30,2000,0" yaku="0,1,8,1" doraHai="33" who="3" fromWho="3" sc="307,-11,221,-6,235,-6,237,23" /><INIT seed="5,0,0,2,1,98" ten="296,215,229,260" oya="1" hai0="37,20,83,8,59,108,127,118,32,69,113,80,7" hai1="115,12,67,90,103,125,92,102,134,3,10,107,70" hai2="53,35,55,47,13,9,76,28,99,74,6,39,25" hai3="31,93,81,106,18,72,105,50,42,38,11,87,68"/><U40/><E3/><V0/><F99/><W30/><G68/><T101/><D69/><U2/><E2/><V19/><F76/><W84/><G38/><T61/><D32/><U33/><E33/><V49/><F74/><W1/><G72/><T5/><D108/><U4/><E115/><V78/><F78/><W86/><G81/><T54/><D118/><U51/><E134/><V114/><F39/><W17/><G105/><T26/><D37/><U123/><E123/><V65/><F65/><W111/><G106/><T97/><D127/><U116/><E116/><V131/><F131/><W126/><G111/><T27/><D27/><U63/><E107/><V100/><F100/><W56/><G1/><T85/><D8/><U110/><E125/><V91/><F91/><W129/><G129/><T132/><D132/><U79/><E79/><V73/><F73/><W15/><G126/><T22/><D22/><U120/><E120/><V45/><F114/><W21/><G93/><N who="0" m="58543" /><D83/><U96/><REACH who="1" step="1"/><E110/><REACH who="1" ten="296,205,229,260" step="2"/><V29/><F35/><W62/><G30/><N who="0" m="17735" /><D113/><U119/><E119/><V75/><F0/><W60/><G31/><T66/><D66/><U58/><E58/><V122/><F122/><W14/><G56/><T130/><D130/><U128/><E128/><V124/><F124/><W41/><G41/><T135/><D135/><U57/><E57/><V95/><F29/><W82/><G82/><T44/><D44/><AGARI ba="0,1" hai="4,10,12,40,44,51,63,67,70,90,92,96,102,103" machi="44" ten="40,7700,0" yaku="1,1,52,2,53,0" doraHai="98" doraHaiUra="77" who="1" fromWho="0" sc="296,-77,205,87,229,0,260,0" /><AGARI ba="0,0" hai="11,14,15,17,18,21,42,44,50,60,62,84,86,87" machi="44" ten="40,1300,0" yaku="8,1" doraHai="98" who="3" fromWho="0" sc="219,-13,292,0,229,0,260,13" /><INIT seed="5,1,0,0,2,134" ten="206,292,229,273" oya="1" hai0="24,117,118,92,77,112,127,66,78,17,130,126,129" hai1="100,67,72,44,11,83,90,42,81,58,57,71,119" hai2="113,74,87,10,109,93,114,43,133,68,40,111,110" hai3="121,98,0,63,20,2,131,84,26,80,8,104,54"/><U30/><E119/><N who="0" m="45577" /><D66/><U132/><E132/><V89/><F133/><W96/><G121/><T105/><D105/><U59/><E100/><V48/><F68/><W56/><G131/><N who="0" m="50187" /><D112/><N who="2" m="43114" /><F74/><W39/><G39/><T1/><D1/><U15/><E30/><V5/><F48/><W102/><G8/><T124/><D92/><U27/><E27/><V35/><F35/><W82/><G96/><T4/><D4/><U97/><E72/><V49/><F49/><W64/><G64/><T32/><D17/><U22/><E22/><V135/><F135/><W122/><G82/><T106/><D106/><U29/><E29/><AGARI ba="1,0" hai="24,29,32,77,78,124,126,127" m="50187,45577" machi="29" ten="40,8000,1" yaku="18,1,19,1,52,3" doraHai="134" who="0" fromWho="1" sc="206,83,292,-83,229,0,273,0" /><INIT seed="6,0,0,3,1,102" ten="289,209,229,273" oya="2" hai0="115,68,113,28,74,129,105,38,110,10,86,104,135" hai1="14,1,100,39,69,93,20,24,56,49,96,78,89" hai2="9,62,70,8,0,99,45,98,25,107,19,109,7" hai3="58,67,27,53,79,46,82,22,132,134,97,92,48"/><V91/><F109/><W84/><G132/><T80/><D135/><U36/><E1/><V76/><F76/><W37/><G134/><T30/><D129/><U12/><E69/><V40/><F91/><W54/><G37/><T26/><D74/><U61/><E78/><V11/><F99/><W43/><G67/><T18/><D68/><U116/><E116/><V126/><F126/><W59/><G59/><T95/><D95/><U34/><E34/><V4/><F19/><W31/><REACH who="3" step="1"/><G58/><REACH who="3" ten="289,209,229,263" step="2"/><T71/><D38/><U125/><E39/><V41/><F70/><W42/><G42/><T44/><D71/><U50/><E36/><V57/><F41/><W101/><AGARI ba="0,1" hai="22,27,31,43,46,48,53,54,79,82,84,92,97,101" machi="101" ten="20,5200,0" yaku="1,1,0,1,7,1,8,1,53,0" doraHai="102" doraHaiUra="55" who="3" fromWho="3" sc="289,-13,209,-13,229,-26,263,62" /><INIT seed="7,0,0,5,4,73" ten="276,196,203,325" oya="3" hai0="135,15,60,84,0,32,45,34,1,5,131,17,91" hai1="75,47,53,38,132,14,37,133,110,16,102,118,100" hai2="42,61,69,49,50,94,21,128,18,24,56,80,77" hai3="115,2,109,111,127,126,22,97,72,31,95,88,70"/><W93/><G115/><T105/><D105/><U28/><E110/><N who="3" m="41994" /><G70/><T86/><D135/><N who="1" m="51787" /><E118/><V120/><F69/><W76/><G2/><T52/><D131/><U96/><E75/><V114/><F114/><W130/><G130/><T99/><D99/><U40/><E28/><V29/><F128/><W26/><G95/><T6/><D34/><U129/><E129/><V43/><F94/><W3/><G3/><T113/><D32/><U59/><E38/><V46/><F120/><W106/><G106/><T134/><D86/><U33/><E33/><V63/><F29/><W79/><G72/><T121/><D121/><U58/><E96/><V98/><F98/><W89/><G89/><T36/><D1/><U125/><E125/><AGARI ba="0,0" hai="22,26,31,76,79,88,93,97,125,126,127" m="41994" machi="125" ten="30,12000,1" yaku="18,1,10,1,52,2,54,1" doraHai="73" who="3" fromWho="1" sc="276,0,196,-120,203,0,325,120" owari="276,8.0,76,-42.0,203,-20.0,445,54.0" /></mjloggm>