<mjloggm ver="2.3"><GO type="169" lobby="0"/><UN n0="%E3%81%B2%E3%81%90%E3%82%89%E3%81%97%E7%B5%86" n1="%E3%81%B5%E3%81%96%E3%81%91%E3%82%8B%E3%83%9F%EF%BC%81" n2="%67%79%72%6F%78%61%73" n3="%E3%83%88%E3%83%88%E3%83%AA%E5%85%88%E7%94%9F%31%39%E6%AD%B3" dan="17,18,16,19" rate="2120.75,2187.35,2087.25,2256.20" sx="M,F,F,F"/><TAIKYOKU oya="0"/><INIT seed="0,0,0,1,4,75" ten="250,250,250,250" oya="0" hai0="31,23,135,133,40,15,9,91,110,113,88,21,38" hai1="66,26,102,81,74,4,120,59,130,108,79,114,87" hai2="3,97,53,63,131,68,47,43,18,122,129,71,33" hai3="46,83,16,103,107,119,52,109,98,30,115,51,111"/><T92/><D113/><U72/><E120/><V78/><F122/><W0/><G115/><T64/><D64/><U69/><E114/><V89/><F33/><W10/><G119/><T7/><D110/><U73/><E108/><V45/><F3/><W118/><G118/><T65/><D65/><U128/><E69/><V125/><F125/><W104/><G104/><T34/><D34/><U99/><E4/><V123/><F123/><W94/><G30/><T1/><D1/><U77/><E26/><V55/><F18/><W100/><G107/><T11/><D11/><U105/><E59/><V124/><F124/><W96/><G96/><T61/><D61/><U8/><E8/><V27/><F27/><W37/><G37/><T76/><D31/><U90/><E66/><V22/><F22/><W57/><G100/><T44/><D76/><AGARI ba="0,0" hai="72,73,74,76,77,79,81,87,90,99,102,105,128,130" machi="76" ten="50,12000,2" yaku="34,3,52,3" doraHai="75" who="1" fromWho="0" sc="250,-120,250,120,250,0,250,0" /><INIT seed="1,0,0,0,0,36" ten="130,370,250,250" oya="1" hai0="108,63,64,86,83,41,99,53,114,16,45,132,72" hai1="61,9,88,115,131,52,32,101,112,18,59,133,14" hai2="85,48,60,134,93,107,27,3,95,106,109,89,11" hai3="26,21,10,92,51,2,121,87,29,103,65,69,91"/><U0/><E32/><V33/><F109/><W47/><G121/><T98/><D114/><U135/><E101/><V118/><F118/><W122/><G122/><T123/><D123/><U97/><E0/><V120/><F120/><W129/><G129/><T82/><D108/><U57/><E57/><V4/><F134/><N who="1" m="51209" /><E131/><V94/><F107/><W42/><G103/><T76/><D53/><U31/><E31/><V25/><F106/><W49/><G69/><T125/><D125/><U105/><E105/><V62/><F48/><W117/><G117/><T43/><D132/><U28/><E28/><V20/><F33/><W78/><G65/><T8/><D82/><U12/><E12/><V79/><F79/><W22/><G78/><T110/><D72/><U56/><E56/><V74/><F74/><W6/><REACH who="3" step="1"/><G51/><REACH who="3" ten="130,370,250,240" step="2"/><T104/><D110/><U116/><E116/><V50/><F50/><W80/><G80/><T111/><D111/><U75/><E75/><V17/><F89/><W100/><G100/><T7/><D76/><U23/><E115/><V119/><F119/><W46/><G46/><T96/><D45/><U44/><E44/><V5/><F85/><W113/><G113/><T13/><D104/><U35/><E112/><V128/><F128/><W30/><G30/><T39/><D39/><U24/><E88/><V77/><F77/><W126/><G126/><T55/><D86/><U70/><E70/><V127/><F127/><W73/><G73/><T68/><D83/><U124/><E124/><V81/><F81/><W66/><G66/><T34/><D68/><U40/><E61/><RYUUKYOKU ba="0,1" sc="130,-10,370,-10,250,-10,240,30" hai3="2,6,10,21,22,26,29,42,47,49,87,91,92" /><INIT seed="2,1,1,3,0,45" ten="120,360,240,270" oya="2" hai0="124,12,25,71,33,3,14,17,18,73,110,99,86" hai1="108,27,5,34,90,96,28,121,131,37,19,7,20" hai2="125,36,50,134,112,101,21,75,76,10,102,55,64" hai3="6,77,62,22,53,67,39,74,133,29,57,115,122"/><V65/><F112/><W91/><G122/><T26/><D73/><U47/><E121/><V59/><F36/><W43/><G115/><T88/><D71/><U8/><E108/><V16/><F134/><W60/><G133/><T69/><D69/><U135/><E135/><V106/><F106/><W93/><G6/><T85/><D3/><U113/><E113/><V49/><F125/><W80/><G39/><T46/><D110/><U78/><E131/><V89/><F10/><W41/><G22/><T24/><D33/><U44/><E78/><V107/><F107/><W114/><G29/><T15/><D46/><U52/><E44/><V51/><F89/><W120/><G120/><T4/><D4/><U116/><E116/><V98/><F76/><W83/><G83/><T129/><D129/><U109/><E109/><V32/><F32/><W48/><G114/><T81/><D124/><U111/><E111/><V66/><F75/><W119/><G119/><T11/><D99/><U100/><E90/><V79/><F79/><W132/><G132/><T118/><D118/><U92/><E8/><V2/><F2/><W130/><G130/><T82/><REACH who="0" step="1"/><D11/><REACH who="0" ten="110,360,240,270" step="2"/><U23/><E34/><V87/><F98/><W31/><G74/><T105/><D105/><U30/><E37/><V103/><F87/><W123/><G123/><T42/><D42/><U94/><E96/><V0/><F0/><W35/><G41/><T104/><D104/><U38/><E38/><V72/><F72/><W61/><G43/><T58/><D58/><U126/><E126/><V63/><F21/><W9/><G35/><RYUUKYOKU ba="1,2" sc="110,15,360,-15,240,15,270,-15" hai0="12,14,15,17,18,24,25,26,81,82,85,86,88" hai2="16,49,50,51,55,59,63,64,65,66,101,102,103" /><INIT seed="2,2,2,0,4,4" ten="125,345,255,255" oya="2" hai0="117,69,29,78,16,73,111,31,57,54,79,6,61" hai1="88,124,17,77,133,120,80,122,130,18,38,41,134" hai2="32,55,34,119,107,70,126,52,11,131,28,40,129" hai3="95,116,86,82,68,94,59,1,37,76,125,66,102"/><V33/><F119/><W35/><G116/><T67/><D111/><U46/><E130/><N who="2" m="49675" /><F70/><W100/><G37/><T132/><D117/><U63/><E124/><V7/><F107/><W97/><G68/><T91/><D132/><N who="1" m="50795" /><E63/><V99/><F126/><W24/><G125/><T14/><D6/><U121/><E88/><V81/><F40/><W15/><G1/><T112/><D112/><U12/><E12/><N who="2" m="5247" /><F99/><W106/><G100/><T10/><D91/><U42/><E42/><V103/><F103/><W113/><G113/><T9/><D78/><U0/><E0/><V127/><F127/><W92/><G106/><T110/><D110/><U25/><E25/><N who="2" m="18447" /><F81/><W72/><G102/><T51/><REACH who="0" step="1"/><D10/><REACH who="0" ten="115,345,255,255" step="2"/><U43/><E122/><V44/><F44/><W90/><G76/><T75/><D75/><U96/><E121/><V65/><F65/><W93/><G72/><T22/><D22/><U74/><E120/><V87/><F87/><W30/><G66/><T56/><D56/><U84/><E74/><V98/><F98/><W104/><G59/><T118/><D118/><U8/><E96/><V105/><F105/><W21/><G104/><T49/><D49/><U23/><E46/><V64/><F64/><W62/><G97/><T101/><D101/><U26/><E38/><V108/><F108/><W2/><G86/><T115/><D115/><U60/><E84/><V36/><F36/><W13/><G90/><T53/><D53/><AGARI ba="2,3" hai="33,34,52,53,55" m="18447,5247,49675" machi="53" ten="30,5800,0" yaku="19,1,52,1,54,1" doraHai="4" who="2" fromWho="0" sc="115,-64,345,0,255,94,255,0" /><INIT seed="2,3,0,2,2,81" ten="51,345,349,255" oya="2" hai0="59,67,56,130,0,96,14,54,31,64,12,3,109" hai1="121,24,93,74,68,118,19,98,63,120,2,70,90" hai2="37,75,33,44,78,57,50,10,106,5,101,114,27" hai3="103,72,73,65,48,111,83,66,46,38,85,128,34"/><V91/><F114/><W80/><G38/><T97/><D31/><U88/><E118/><V17/><F91/><W26/><G111/><T9/><D9/><U41/><E2/><V131/><F131/><W123/><G123/><N who="1" m="47178" /><E74/><V115/><F115/><W92/><G128/><T42/><D130/><U1/><E1/><V102/><F106/><W113/><G113/><T122/><D42/><U76/><E76/><V108/><F108/><W30/><G92/><T79/><D79/><U62/><E41/><N who="2" m="22575" /><F57/><W133/><G103/><T86/><D109/><U87/><E24/><V52/><F33/><W35/><G133/><T45/><D45/><U124/><E19/><V39/><F39/><W127/><G127/><T36/><D36/><U21/><E21/><V13/><F27/><W110/><G110/><T32/><D32/><U23/><E23/><N who="2" m="11695" /><F52/><W16/><G34/><T132/><D54/><U20/><E20/><V94/><F50/><W8/><G16/><T40/><D40/><U61/><E124/><V43/><F43/><W117/><G117/><T6/><D122/><U129/><E129/><V112/><F112/><W51/><G46/><T134/><REACH who="0" step="1"/><D6/><REACH who="0" ten="41,345,349,255" step="2"/><U116/><E116/><V60/><F5/><W77/><G35/><T58/><D58/><U125/><E125/><V22/><F78/><N who="3" m="46327" /><G73/><T105/><D105/><U95/><AGARI ba="3,1" hai="61,62,63,68,70,87,88,90,93,95,98" m="47178" machi="95" ten="40,5200,0" yaku="13,1,52,1,54,1" doraHai="81" who="1" fromWho="1" sc="41,-16,345,71,349,-29,255,-16" /><INIT seed="3,0,0,3,1,92" ten="25,416,320,239" oya="3" hai0="53,29,105,97,133,13,32,102,131,7,60,107,74" hai1="108,15,9,89,1,26,61,90,114,3,37,99,65" hai2="25,50,21,70,106,121,12,78,23,67,86,100,0" hai3="27,38,11,116,93,46,58,22,63,95,33,81,134"/><W51/><G116/><T54/><D74/><U113/><E108/><V73/><F0/><W76/><G33/><T129/><D133/><U5/><E37/><V84/><F121/><W117/><G38/><T31/><D32/><U57/><E1/><V17/><F73/><W64/><G134/><T55/><D60/><U118/><E118/><V43/><F78/><W48/><G11/><T112/><D112/><U56/><E3/><V79/><F79/><W127/><G127/><T88/><D105/><U111/><E111/><V18/><F67/><W36/><G36/><T47/><D47/><U83/><E26/><V82/><F82/><W109/><G109/><T19/><D7/><U52/><E90/><V132/><F70/><W124/><G124/><T123/><D123/><U115/><E115/><V41/><F41/><W104/><G104/><T130/><REACH who="0" step="1"/><D88/><REACH who="0" ten="15,416,320,239" step="2"/><U2/><E114/><V77/><F132/><W85/><G117/><T49/><D49/><N who="3" m="19017" /><G46/><T6/><D6/><U42/><E5/><V91/><F50/><W34/><G34/><T110/><D110/><U103/><E113/><V40/><F77/><W68/><G68/><T75/><D75/><U10/><E57/><V4/><F4/><W28/><AGARI ba="0,1" hai="22,27,28,58,63,64,76,81,85,93,95" m="19017" machi="28" ten="30,1500,0" yaku="8,1" doraHai="92" who="3" fromWho="3" sc="15,-5,416,-5,320,-5,239,25" /><INIT seed="3,1,0,3,3,83" ten="10,411,315,264" oya="3" hai0="38,106,52,111,7,19,46,36,97,115,34,6,82" hai1="30,10,33,94,79,86,25,87,58,93,92,57,95" hai2="21,31,65,18,75,109,12,9,108,28,20,22,72" hai3="14,42,68,27,43,23,114,66,89,61,124,0,32"/><W69/><G114/><T56/><D34/><U128/><E128/><V127/><F65/><W101/><G0/><T47/><D111/><N who="2" m="42570" /><F75/><W35/><G69/><T96/><D115/><U90/><E10/><V88/><F72/><W45/><G124/><T81/><D56/><U126/><E126/><V4/><F127/><W102/><G43/><T59/><D59/><U135/><E135/><V13/><F88/><W50/><G14/><T49/><D49/><U53/><E53/><V16/><F4/><W74/><G74/><T64/><D19/><N who="2" m="7210" /><F9/><W78/><G78/><T54/><REACH who="0" step="1"/><D106/><REACH who="0" ten="0,411,315,264" step="2"/><U48/><E48/><V100/><F100/><W98/><G102/><T17/><D17/><U60/><E58/><V1/><F1/><W133/><G101/><T104/><D104/><U40/><E57/><V67/><F67/><AGARI ba="1,1" hai="6,7,36,38,46,47,52,54,64,67,81,82,96,97" machi="67" ten="25,6400,0" yaku="1,1,22,2,54,1,53,0" doraHai="83" doraHaiUra="24" who="0" fromWho="2" sc="0,77,411,0,315,-67,264,0" /><INIT seed="4,0,0,5,2,95" ten="77,411,248,264" oya="0" hai0="130,120,70,66,135,79,78,114,134,17,12,35,89" hai1="39,86,126,117,119,25,82,112,26,109,2,102,81" hai2="73,21,132,123,83,55,8,9,129,1,3,30,41" hai3="42,22,57,116,111,11,23,105,5,91,94,58,110"/><T62/><D120/><U40/><E109/><V100/><F123/><W106/><G116/><T33/><D114/><U45/><E2/><V36/><F100/><W31/><G111/><T61/><D130/><U71/><E71/><V59/><F129/><W118/><G118/><T37/><D37/><U92/><E82/><V107/><F107/><W64/><G110/><T4/><D4/><U14/><E14/><V32/><F32/><W87/><G42/><T76/><D62/><U29/><E112/><V13/><F132/><W104/><G64/><T75/><D75/><U127/><E26/><V101/><F101/><W69/><G69/><T15/><D15/><U131/><E131/><V10/><F36/><W80/><G31/><T47/><D47/><U93/><E117/><V60/><F41/><W108/><G108/><T77/><N who="0" m="19456" /><DORA hai="19" /><T98/><D89/><N who="1" m="51407" /><E102/><V50/><F83/><W65/><G80/><T99/><D35/><U7/><E7/><V28/><F73/><W44/><G44/><T74/><D33/><U56/><E56/><V24/><F13/><W84/><G84/><T6/><D6/><U97/><E119/><V51/><REACH who="2" step="1"/><F28/><REACH who="2" ten="77,411,238,264" step="2"/><W68/><G105/><T20/><REACH who="0" step="1"/><D74/><REACH who="0" ten="67,411,238,264" step="2"/><U124/><E39/><V63/><F63/><W34/><G34/><T113/><D113/><U0/><E127/><V121/><F121/><W103/><G106/><T115/><D115/><U125/><E126/><V27/><F27/><W43/><G104/><T133/><AGARI ba="0,2" hai="12,17,20,61,66,70,98,99,133,134,135" m="19456" machi="133" ten="50,24000,3" yaku="1,1,0,1,20,1,52,3,53,4" doraHai="95,19" doraHaiUra="72,49" who="0" fromWho="0" sc="67,260,411,-80,238,-80,264,-80" /><INIT seed="4,1,0,2,2,17" ten="327,331,158,184" oya="0" hai0="117,37,62,96,119,85,63,1,5,9,105,102,3" hai1="43,36,110,80,124,90,120,6,129,21,115,26,25" hai2="92,10,29,13,40,75,95,130,78,69,111,54,55" hai3="133,27,93,59,84,128,87,108,112,66,94,86,104"/><T47/><D3/><U45/><E120/><V31/><F69/><W103/><G112/><T73/><D73/><U38/><E110/><V64/><F64/><W71/><G108/><T41/><REACH who="0" step="1"/><D85/><REACH who="0" ten="317,331,158,184" step="2"/><N who="1" m="50471" /><E115/><V89/><F75/><W23/><G86/><T70/><D70/><U91/><E129/><V30/><F130/><W53/><G87/><T8/><D8/><U123/><E123/><V76/><F111/><W97/><G84/><T0/><D0/><U12/><E124/><V34/><F34/><W121/><G128/><T131/><D131/><U2/><E2/><V116/><F116/><AGARI ba="1,1" hai="1,5,9,37,41,47,62,63,96,102,105,116,117,119" machi="116" ten="40,2000,0" yaku="1,1,53,0" doraHai="17" doraHaiUra="24" who="0" fromWho="2" sc="317,33,331,0,158,-23,184,0" /><INIT seed="4,2,0,1,4,62" ten="350,331,135,184" oya="0" hai0="99,97,74,50,1,86,118,126,85,19,60,135,45" hai1="42,39,12,100,36,46,37,78,8,98,34,119,121" hai2="43,55,65,95,89,120,112,22,113,3,33,72,76" hai3="10,11,107,41,82,57,125,25,38,59,0,84,68"/><T134/><D118/><U128/><E121/><V83/><F33/><W105/><G68/><T21/><D74/><U67/><E119/><V26/><F3/><W13/><G125/><T17/><D1/><U122/><E122/><V96/><F55/><W28/><G0/><T102/><D126/><U14/><E128/><V87/><F120/><W32/><G11/><T81/><D60/><U48/><E34/><V106/><F43/><W16/><G38/><T115/><D115/><N who="2" m="44106" /><F22/><W132/><G41/><T75/><D75/><U103/><E78/><V27/><F27/><W104/><REACH who="3" step="1"/><G132/><REACH who="3" ten="350,331,135,174" step="2"/><T40/><D40/><U77/><E42/><V117/><F117/><W92/><G92/><T54/><D134/><U124/><E124/><V94/><F106/><W110/><G110/><T108/><D108/><U31/><E36/><V63/><F95/><W58/><G58/><T7/><D135/><U80/><E37/><V52/><F26/><W109/><G109/><T64/><D45/><U18/><E46/><V71/><F52/><W127/><G127/><T69/><D54/><U111/><E111/><V15/><F15/><W123/><G123/><T35/><D69/><U2/><E2/><V51/><F51/><W24/><G24/><T53/><D50/><U130/><E48/><V79/><F72/><W91/><AGARI ba="2,1" hai="10,13,16,25,28,32,57,59,82,84,91,104,105,107" machi="91" ten="30,4000,0" yaku="1,1,0,1,54,1,53,0" doraHai="62" doraHaiUra="66" who="3" fromWho="3" sc="350,-22,331,-12,135,-12,174,56" /><INIT seed="5,0,0,4,0,84" ten="328,319,123,230" oya="1" hai0="43,116,32,110,102,90,33,86,0,72,100,31,39" hai1="35,59,92,45,14,117,28,18,42,13,29,103,111" hai2="16,17,82,75,112,27,115,55,49,53,15,57,135" hai3="11,81,21,124,87,50,76,67,88,36,127,123,126"/><U52/><E117/><V85/><F75/><W19/><G123/><T3/><D110/><U109/><E35/><V20/><F135/><W12/><G36/><T105/><D116/><U132/><E132/><V95/><F55/><W69/><G50/><T122/><D72/><U65/><E65/><V10/><F115/><W107/><G107/><T60/><D60/><N who="1" m="35943" /><E14/><V22/><F112/><W131/><G131/><T7/><D33/><U80/><E80/><V74/><F74/><W70/><G67/><T1/><D7/><U130/><E130/><V30/><F95/><W118/><G118/><T58/><D105/><U48/><E111/><V2/><F2/><W68/><G11/><T120/><D3/><U113/><E113/><V63/><F63/><W4/><G4/><T104/><D104/><U37/><E37/><V34/><REACH who="2" step="1"/><F17/><REACH who="2" ten="328,319,113,230" step="2"/><W94/><G94/><T97/><D0/><U129/><E109/><V128/><F128/><W61/><G61/><T101/><D1/><U46/><E129/><V79/><AGARI ba="0,1" hai="10,15,16,20,22,27,30,34,49,53,57,79,82,85" machi="79" ten="20,5200,0" yaku="1,1,0,1,7,1,54,1,53,0" doraHai="84" doraHaiUra="121" who="2" fromWho="2" sc="328,-13,319,-26,113,62,230,-13" /><INIT seed="6,0,0,3,2,61" ten="315,293,175,217" oya="2" hai0="62,125,133,6,57,63,80,5,27,101,29,60,13" hai1="45,106,127,88,28,12,110,118,44,131,124,89,130" hai2="2,134,73,119,19,64,72,116,69,17,91,39,122" hai3="32,7,93,18,22,40,52,126,90,53,98,50,76"/><V103/><F122/><W96/><G32/><T49/><D125/><N who="1" m="48203" /><E110/><V20/><F39/><W59/><G126/><T24/><D133/><U16/><E118/><V10/><F134/><W99/><G40/><T67/><D101/><U75/><E75/><V9/><F103/><W94/><G7/><T70/><D49/><U8/><E106/><V108/><F108/><W82/><G53/><T79/><D62/><U3/><E28/><V68/><F91/><N who="1" m="34889" /><E3/><V123/><F123/><W41/><G41/><T46/><D46/><AGARI ba="0,0" hai="8,12,16,44,45,46,130,131" m="34889,48203" machi="46" ten="30,3900,0" yaku="18,1,54,2" doraHai="61" who="1" fromWho="0" sc="315,-39,293,39,175,0,217,0" /><INIT seed="7,0,0,3,3,42" ten="276,332,175,217" oya="3" hai0="119,28,55,74,24,0,33,109,113,31,23,93,59" hai1="134,39,102,118,132,106,131,29,57,120,46,63,130" hai2="35,92,95,43,108,124,100,67,123,30,135,107,103" hai3="15,49,75,61,66,19,91,13,85,16,37,101,8"/><W51/><G37/><T38/><D109/><U18/><E120/><V34/><F67/><W6/><G101/><T54/><D0/><U26/><E118/><V114/><F108/><W104/><G75/><T48/><D74/><U112/><E112/><V71/><F71/><W111/><G104/><T41/><D119/><U99/><E18/><V128/><F123/><W21/><G6/><T86/><D41/><N who="1" m="22847" /><E57/><V40/><F107/><W36/><G36/><T90/><D38/><U77/><E63/><V105/><F105/><W32/><G32/><T125/><D125/><U56/><E56/><V98/><F114/><W79/><G79/><T110/><D110/><U62/><E62/><V52/><F124/><W65/><G111/><T133/><D133/><N who="1" m="51307" /><E77/><V94/><F135/><W5/><G5/><T73/><D73/><U27/><E27/><V97/><F94/><W50/><REACH who="3" step="1"/><G61/><REACH who="3" ten="276,332,175,207" step="2"/><N who="0" m="36087" /><D33/><AGARI ba="0,1" hai="26,29,33,99,102,106,130,131" m="51307,22847" machi="33" ten="30,3900,0" yaku="20,1,23,1,52,1" doraHai="42" who="1" fromWho="0" sc="276,-39,332,49,175,0,207,0" owari="237,4.0,381,47.0,175,-32.0,207,-19.0" /></mjloggm>