<mjloggm ver="2.3"><GO type="169" lobby="0"/><UN n0="%47%2E%4B%2E" n1="%E3%83%88%E3%83%88%E3%83%AA%E5%85%88%E7%94%9F%31%39%E6%AD%B3" n2="%75%79%67%75%79%67%75%69" n3="%68%65%74" dan="16,19,16,18" rate="2111.33,2284.66,2150.81,2258.38" sx="M,F,M,M"/><TAIKYOKU oya="0"/><INIT seed="0,0,0,0,4,73" ten="250,250,250,250" oya="0" hai0="84,4,64,12,65,56,129,132,74,120,16,17,94" hai1="118,54,8,72,35,103,47,19,1,114,48,91,25" hai2="111,112,90,30,45,89,124,44,40,53,9,133,97" hai3="78,10,68,60,127,93,99,26,81,125,101,51,59"/><T14/><D120/><U86/><E118/><V70/><F112/><W27/><G68/><T80/><D129/><U63/><E114/><V2/><F133/><W62/><G51/><T108/><D132/><U126/><E126/><N who="3" m="48138" /><G10/><N who="0" m="4167" /><D74/><U92/><E72/><V0/><F124/><W23/><G23/><N who="0" m="11671" /><D108/><U61/><E1/><V38/><F111/><W117/><G117/><T105/><D105/><U52/><E35/><V106/><F70/><W31/><G31/><T96/><D56/><U20/><E8/><V5/><F30/><W104/><G104/><T49/><D49/><N who="1" m="28735" /><E103/><N who="2" m="62831" /><F0/><W6/><G6/><T109/><D17/><U7/><E7/><V50/><F9/><W107/><G107/><T13/><D13/><U33/><E33/><V115/><F115/><W110/><G110/><T58/><D58/><AGARI ba="0,0" hai="19,20,25,48,54,58,61,63,86,91,92" m="28735" machi="58" ten="30,2000,0" yaku="8,1,54,1" doraHai="73" who="1" fromWho="0" sc="250,-20,250,20,250,0,250,0" /><INIT seed="1,0,0,4,2,101" ten="230,270,250,250" oya="1" hai0="62,95,56,92,1,47,71,130,31,133,74,41,63" hai1="37,131,113,93,50,132,55,32,87,8,65,61,106" hai2="57,17,84,105,48,59,116,28,46,64,66,89,78" hai3="115,60,135,79,90,114,18,51,129,23,36,134,9"/><U111/><E113/><N who="3" m="43018" /><G36/><T20/><D130/><U76/><E32/><V127/><F127/><W122/><G51/><T99/><D133/><N who="3" m="50697" /><G60/><T10/><D74/><U121/><E121/><V126/><F126/><W107/><G79/><T75/><D1/><U110/><E37/><V40/><F28/><W35/><G90/><T54/><D10/><U30/><E30/><V25/><F105/><W44/><G44/><T4/><D4/><U53/><E131/><V2/><F2/><W100/><G35/><T7/><D7/><U52/><E132/><V125/><F125/><W38/><G38/><T124/><D75/><U16/><E106/><V94/><F116/><W81/><G81/><T91/><D95/><U45/><E93/><V112/><F78/><W39/><G39/><T33/><D33/><U26/><E87/><V120/><F120/><W82/><G82/><T70/><D63/><U21/><E76/><V22/><REACH who="2" step="1"/><F112/><REACH who="2" ten="230,270,240,250" step="2"/><W13/><G122/><T42/><D31/><U6/><E111/><V128/><F128/><W67/><G129/><T123/><D123/><U24/><E110/><V29/><F29/><W72/><G72/><T96/><D124/><U80/><E26/><V88/><F88/><W98/><G67/><AGARI ba="0,1" hai="17,22,25,40,46,48,57,59,64,66,67,84,89,94" machi="67" ten="40,5200,0" yaku="1,1,8,1,53,1" doraHai="101" doraHaiUra="19" who="2" fromWho="3" sc="230,0,270,0,240,62,250,-52" /><INIT seed="2,0,0,3,3,114" ten="230,270,302,198" oya="2" hai0="90,61,45,118,120,8,110,55,46,56,64,124,29" hai1="86,66,73,38,116,111,108,60,83,12,37,112,16" hai2="78,52,74,33,79,18,0,44,22,43,11,84,21" hai3="76,126,5,103,131,109,3,19,28,30,91,36,134"/><V117/><F33/><W14/><G36/><T34/><D120/><U105/><E105/><V121/><F121/><W10/><G109/><N who="1" m="42058" /><E73/><V69/><F69/><W77/><G131/><T23/><D118/><U26/><E26/><V31/><F117/><W24/><G134/><T7/><D34/><U35/><E35/><V87/><F74/><W99/><G126/><T9/><D124/><U6/><E6/><V113/><F113/><W95/><G30/><T101/><D101/><U100/><E100/><V57/><F0/><W51/><G103/><T98/><D64/><U47/><E47/><N who="0" m="17929" /><D7/><U20/><E112/><V135/><F135/><W102/><G51/><T72/><D72/><U115/><E115/><V85/><F11/><W107/><G28/><T106/><D106/><U96/><E96/><V130/><F130/><W104/><G24/><N who="0" m="16543" /><D110/><U59/><E116/><V123/><F123/><W50/><G50/><T81/><D98/><U27/><E27/><N who="2" m="16887" /><F44/><W39/><G39/><T71/><D71/><U93/><E38/><V25/><F43/><W65/><G107/><T133/><D133/><U94/><E37/><V42/><F42/><W128/><G128/><T70/><D70/><U13/><E13/><V40/><F40/><W1/><G1/><T48/><D48/><AGARI ba="0,0" hai="18,21,25,48,52,57,78,79,84,85,87" m="16887" machi="48" ten="30,2900,0" yaku="8,1,54,1" doraHai="114" who="2" fromWho="0" sc="230,-29,270,0,302,29,198,0" /><INIT seed="2,1,0,5,2,67" ten="201,270,331,198" oya="2" hai0="71,47,3,128,5,78,60,92,62,46,86,0,95" hai1="113,18,26,96,52,66,89,75,51,108,105,104,130" hai2="77,39,106,12,114,37,8,82,7,98,110,10,120" hai3="80,6,50,49,20,43,100,28,35,93,57,31,40"/><V15/><F120/><W99/><G35/><T27/><D27/><U83/><E113/><V65/><F114/><W33/><G33/><T87/><D5/><U73/><E108/><V125/><F125/><W111/><G111/><T124/><D78/><U127/><E127/><V97/><F110/><W90/><G6/><T70/><REACH who="0" step="1"/><D124/><REACH who="0" ten="191,270,331,198" step="2"/><U69/><E26/><V29/><F77/><W13/><G31/><T101/><D101/><U116/><E18/><V81/><F29/><W129/><G28/><T131/><AGARI ba="1,1" hai="0,3,46,47,60,62,70,71,86,87,92,95,128,131" machi="131" ten="25,12000,2" yaku="1,1,0,1,22,2,52,2,53,0" doraHai="67" doraHaiUra="123" who="0" fromWho="0" sc="191,133,270,-31,331,-61,198,-31" /><INIT seed="3,0,0,4,1,44" ten="324,239,270,167" oya="3" hai0="49,87,103,78,82,107,80,46,48,76,105,73,77" hai1="47,110,94,26,19,29,64,89,57,41,24,1,88" hai2="17,67,83,10,21,65,101,34,116,72,4,51,30" hai3="98,6,126,39,13,113,135,106,99,127,63,128,108"/><W14/><G113/><T86/><D103/><U71/><E1/><V58/><F101/><W62/><G39/><T84/><D73/><U91/><E71/><V132/><F116/><W5/><G135/><T45/><D46/><U40/><E110/><V121/><F132/><W7/><G106/><N who="0" m="40459" /><D45/><U74/><E74/><V97/><F97/><N who="3" m="36875" /><G108/><T31/><D31/><U96/><E19/><V3/><F121/><W42/><G42/><T56/><D56/><U133/><E133/><V100/><F100/><W69/><G69/><T60/><D60/><N who="3" m="23081" /><G128/><T115/><D115/><U112/><E112/><V15/><F83/><AGARI ba="0,0" hai="48,49,76,77,78,80,82,83,84,86,87" m="40459" machi="83" ten="40,8000,1" yaku="28,2,52,2" doraHai="44" who="0" fromWho="2" sc="324,80,239,0,270,-80,167,0" /><INIT seed="4,0,0,5,2,14" ten="404,239,190,167" oya="0" hai0="69,60,90,74,128,24,36,59,8,43,20,125,57" hai1="81,73,113,92,49,26,31,76,6,82,13,45,112" hai2="108,47,89,72,84,103,85,104,67,129,58,4,56" hai3="77,3,102,114,5,25,96,64,127,95,88,75,55"/><T21/><D74/><U32/><E82/><V50/><F129/><W126/><G64/><T134/><D125/><N who="3" m="47625" /><G25/><T42/><D90/><U40/><E92/><V122/><F108/><W30/><G30/><T93/><D93/><U106/><E106/><V37/><F122/><W109/><G55/><T29/><D134/><U39/><E49/><V1/><F72/><W101/><G5/><T91/><D91/><U70/><E70/><V44/><F4/><W130/><G3/><T116/><D116/><U131/><E131/><V123/><F1/><W27/><G27/><T10/><D24/><U12/><REACH who="1" step="1"/><E6/><REACH who="1" ten="404,229,190,167" step="2"/><V38/><F104/><W15/><G130/><T110/><D69/><U65/><E65/><V71/><F67/><W120/><G120/><T11/><D128/><U97/><E97/><V7/><F7/><W19/><G109/><T2/><D110/><U63/><E63/><V99/><F99/><W79/><G114/><AGARI ba="0,1" hai="12,13,26,31,32,39,40,45,73,76,81,112,113,114" machi="114" ten="40,5200,0" yaku="1,1,15,1,11,1,53,0" doraHai="14" doraHaiUra="94" who="1" fromWho="3" sc="404,0,229,62,190,0,167,-52" /><INIT seed="5,0,0,2,2,12" ten="404,291,190,115" oya="1" hai0="39,70,26,50,69,133,29,84,134,87,33,17,98" hai1="57,58,95,106,15,114,67,45,54,20,75,72,82" hai2="65,131,126,32,11,123,3,34,103,10,124,107,42" hai3="115,1,93,48,102,22,99,125,78,19,128,112,105"/><U104/><E114/><V91/><F91/><W28/><G128/><T21/><D39/><U118/><E118/><V5/><F65/><W31/><G125/><N who="2" m="48233" /><F42/><W53/><G1/><T83/><D98/><U7/><E45/><V127/><F103/><W132/><G132/><N who="0" m="50795" /><D50/><U27/><E67/><V111/><F107/><W24/><G78/><N who="0" m="46199" /><D87/><U51/><E58/><V6/><N who="2" m="48241" /><V110/><DORA hai="90" /><F131/><W68/><G68/><T35/><D33/><N who="2" m="12906" /><F123/><W30/><REACH who="3" step="1"/><G105/><REACH who="3" ten="404,291,190,105" step="2"/><T16/><D70/><U52/><E104/><V116/><F116/><W74/><G74/><T56/><D69/><U80/><E75/><V94/><F94/><W46/><AGARI ba="0,1" hai="19,22,24,28,30,31,46,48,53,93,99,102,112,115" machi="46" ten="30,7900,0" yaku="1,1,0,1,52,2,53,0" doraHai="12,90" doraHaiUra="120,122" who="3" fromWho="3" sc="404,-20,291,-39,190,-20,105,89" /><INIT seed="6,0,0,2,3,35" ten="384,252,170,194" oya="2" hai0="99,108,23,0,97,5,59,64,72,49,117,103,114" hai1="66,74,123,25,93,79,2,27,22,78,110,52,91" hai2="131,32,105,54,128,104,85,10,16,90,118,37,82" hai3="68,121,7,34,51,84,50,67,33,77,39,125,76"/><V14/><F32/><N who="3" m="12395" /><G7/><T127/><D72/><U55/><E110/><V13/><F37/><W61/><G84/><T18/><D108/><U8/><E123/><V1/><F118/><W15/><G15/><T6/><D0/><U71/><E66/><V133/><F133/><W69/><G39/><T101/><D127/><U43/><E71/><N who="3" m="27210" /><G67/><T57/><D114/><U87/><E74/><V126/><F126/><W119/><G61/><T107/><D18/><U56/><E43/><V60/><F14/><W20/><G20/><T116/><D23/><U40/><E40/><V135/><F135/><W109/><G125/><T41/><D41/><U80/><E27/><V47/><F1/><W58/><G58/><T102/><D102/><U53/><E56/><V73/><F73/><W11/><G11/><T89/><D49/><N who="3" m="18441" /><G109/><T12/><D12/><U42/><E42/><V9/><F9/><W45/><G45/><T3/><D64/><U17/><REACH who="1" step="1"/><E80/><REACH who="1" ten="384,242,170,194" step="2"/><V92/><F82/><W70/><G70/><T132/><D59/><U113/><E113/><V65/><F65/><W124/><G124/><T29/><D57/><U31/><E31/><V24/><F60/><W83/><G83/><T26/><D29/><U115/><E115/><V36/><F36/><W44/><G44/><T95/><D132/><U98/><E98/><V75/><F75/><W111/><G111/><T48/><D97/><U100/><E100/><V4/><F47/><W106/><G121/><T30/><D99/><U21/><E21/><N who="2" m="13351" /><F54/><W62/><G62/><T130/><D101/><U81/><E81/><V63/><F63/><RYUUKYOKU ba="0,1" sc="384,-15,242,15,170,15,194,-15" hai1="2,8,17,22,25,52,53,55,78,79,87,91,93" hai2="4,10,13,85,90,92,104,105,128,131" /><INIT seed="6,1,1,3,1,116" ten="369,257,185,179" oya="2" hai0="39,56,86,69,38,89,31,88,76,100,41,49,59" hai1="128,118,22,54,66,73,77,83,133,126,82,72,79" hai2="84,3,57,115,74,6,65,129,112,132,94,37,7" hai3="120,36,42,24,81,21,78,75,4,43,135,99,90"/><V48/><F74/><W124/><G135/><T127/><D69/><U23/><E118/><V119/><F119/><W122/><G124/><T45/><D127/><U61/><E126/><V19/><F132/><W29/><G4/><N who="2" m="1577" /><F3/><W28/><G28/><T70/><D70/><U111/><E111/><V44/><F37/><W68/><G68/><T102/><D31/><U25/><E133/><V98/><F84/><W1/><G1/><T0/><D0/><U107/><E107/><V104/><F104/><W131/><G131/><T12/><D39/><U71/><E128/><V17/><F129/><W27/><G27/><T125/><D12/><U67/><E67/><V26/><F26/><W101/><G90/><N who="0" m="34923" /><D38/><U2/><E2/><V85/><F85/><W114/><G114/><N who="2" m="43561" /><F57/><N who="0" m="22090" /><D125/><U97/><E25/><V80/><F80/><AGARI ba="1,1" hai="41,45,49,76,80,86,100,102" m="22090,34923" machi="80" ten="30,2000,0" yaku="8,1,54,1" doraHai="116" who="0" fromWho="2" sc="369,33,257,0,185,-23,179,0" /><INIT seed="7,0,0,5,2,29" ten="402,257,162,179" oya="3" hai0="134,40,121,92,63,98,45,129,48,87,27,125,64" hai1="7,68,65,13,97,75,12,52,120,6,50,60,28" hai2="47,22,135,128,43,91,56,3,126,55,96,37,132" hai3="115,133,42,99,66,71,95,54,14,9,30,69,11"/><W57/><G115/><T61/><D121/><U82/><E120/><V33/><F3/><W86/><G133/><N who="2" m="51273" /><F128/><W124/><G124/><T119/><D119/><U79/><E28/><V73/><F73/><W130/><G130/><T93/><D125/><U78/><E13/><V104/><F126/><W24/><G42/><T76/><D64/><U46/><E78/><V109/><F22/><W108/><G86/><T106/><D106/><U15/><E15/><V20/><F20/><W114/><G114/><T123/><D27/><U26/><E26/><V0/><F0/><W70/><G108/><T41/><D92/><U72/><E72/><V4/><F4/><W32/><G66/><T83/><D123/><U102/><E12/><V16/><F109/><W35/><G35/><T25/><D25/><U59/><E68/><V90/><F104/><AGARI ba="0,0" hai="6,7,46,50,52,59,60,65,75,79,82,97,102,104" machi="104" ten="30,2000,0" yaku="7,1,54,1" doraHai="29" who="1" fromWho="2" sc="402,0,257,20,162,-20,179,0" owari="402,50.0,277,8.0,142,-36.0,179,-22.0" /></mjloggm>