<mjloggm ver="2.3"><GO type="169" lobby="0"/><UN n0="%E3%83%88%E3%83%88%E3%83%AA%E5%85%88%E7%94%9F%31%39%E6%AD%B3" n1="%E5%A4%A7%E6%98%9F%E6%B7%A1%E3%81%82%E3%82%8F%E3%81%82%E3%82%8F" n2="%E3%83%8F%E3%82%A4%E3%83%96%E3%83%AA%E3%83%83%E3%83%89%E6%89%93%E6%B3%95" n3="%E4%BF%BA%54%55%45%45%45%45%45" dan="19,16,16,17" rate="2282.05,2145.14,2131.07,2206.85" sx="F,M,M,F"/><TAIKYOKU oya="0"/><INIT seed="0,0,0,2,2,115" ten="250,250,250,250" oya="0" hai0="15,49,77,66,56,10,116,51,114,44,94,129,47" hai1="54,134,121,70,82,122,62,118,34,95,99,20,18" hai2="16,87,135,78,79,101,5,40,14,124,128,119,19" hai3="112,29,108,126,28,43,1,73,74,30,38,83,93"/><T52/><D116/><U9/><E34/><V0/><F0/><W58/><G112/><T26/><D114/><U48/><E134/><V133/><F124/><W104/><G104/><T6/><D129/><U92/><E92/><V106/><F128/><W117/><G126/><T110/><D110/><U85/><E9/><V86/><F5/><W61/><G108/><T81/><D94/><U50/><E50/><V91/><F40/><W132/><G132/><T2/><D26/><U130/><E130/><V107/><F14/><W3/><G93/><T67/><D2/><U103/><E62/><V11/><F11/><W13/><G117/><T17/><D17/><U27/><E70/><V84/><F84/><W25/><G25/><T37/><D37/><U4/><E4/><V33/><F101/><W55/><G13/><T35/><D35/><U111/><E111/><V23/><F33/><W75/><G83/><T32/><D32/><U76/><REACH who="1" step="1"/><E118/><REACH who="1" ten="250,240,250,250" step="2"/><V12/><F119/><W89/><G61/><T7/><D7/><U120/><E120/><V63/><F63/><W46/><G38/><T109/><D109/><U105/><E105/><V131/><F131/><W22/><G22/><T90/><D56/><AGARI ba="0,1" hai="18,20,27,48,54,56,76,82,85,95,99,103,121,122" machi="56" ten="30,2000,0" yaku="1,1,7,1,53,0" doraHai="115" doraHaiUra="60" who="1" fromWho="0" sc="250,-20,240,30,250,0,250,0" /><INIT seed="1,0,0,0,2,88" ten="230,270,250,250" oya="1" hai0="101,81,127,44,110,68,115,100,80,26,15,105,82" hai1="109,42,10,85,0,91,112,32,19,118,25,29,38" hai2="45,4,106,61,65,120,121,75,66,16,6,102,51" hai3="99,131,126,17,72,47,63,9,123,108,135,128,13"/><U60/><E112/><V74/><F102/><W48/><G123/><T54/><D115/><U50/><E118/><V69/><F106/><W8/><G108/><T1/><D1/><U31/><E31/><V71/><F51/><W55/><G135/><T43/><D68/><U12/><E38/><V34/><F45/><W103/><G72/><T46/><D110/><U35/><E35/><V104/><F104/><W70/><G126/><T64/><D64/><U107/><E107/><V97/><F97/><W111/><G111/><T62/><D127/><U95/><E109/><V58/><F58/><W30/><G30/><T78/><D78/><U93/><E60/><V122/><F34/><W2/><G70/><T73/><D73/><U3/><REACH who="1" step="1"/><E95/><REACH who="1" ten="230,260,250,250" step="2"/><V52/><F121/><W76/><G63/><T7/><D105/><U53/><E53/><V92/><F61/><W27/><G55/><T28/><D54/><U14/><E14/><V124/><F52/><W133/><G13/><T22/><D62/><U98/><E98/><V113/><F113/><W132/><G99/><T125/><D125/><U114/><E114/><V37/><F124/><W79/><G133/><T21/><D43/><U116/><E116/><V134/><F134/><W117/><G132/><T5/><D15/><U36/><E36/><V83/><F37/><W20/><G117/><T84/><D28/><U130/><E130/><V56/><F120/><W119/><G119/><T90/><D26/><U18/><E18/><V39/><F39/><W57/><G131/><T67/><D67/><N who="2" m="25610" /><F122/><W33/><G128/><T23/><D7/><RYUUKYOKU ba="0,1" sc="230,-10,260,30,250,-10,250,-10" hai1="0,3,10,12,19,25,29,32,42,50,85,91,93" /><INIT seed="1,1,1,3,5,61" ten="220,290,240,240" oya="1" hai0="56,75,23,94,13,104,24,118,40,39,31,47,6" hai1="112,71,33,48,41,20,132,81,38,73,113,69,50" hai2="36,116,107,51,124,101,30,60,59,19,58,105,17" hai3="11,16,43,85,127,74,78,52,22,114,86,93,126"/><U123/><E33/><V26/><F36/><W79/><G114/><T54/><D118/><U65/><E123/><V57/><F116/><W120/><G43/><T76/><D104/><U82/><E73/><V91/><F124/><N who="3" m="47659" /><G11/><T32/><D75/><U131/><E20/><V70/><F91/><N who="3" m="53487" /><G86/><T109/><D76/><U7/><E7/><V77/><F77/><W4/><G4/><T25/><D109/><U46/><E82/><V63/><F51/><N who="1" m="19497" /><E81/><V64/><F63/><W95/><G95/><T106/><D106/><U121/><E121/><V42/><F42/><W122/><G78/><T1/><D94/><U29/><E29/><V9/><F9/><W134/><G134/><T80/><D80/><U53/><E132/><V8/><F8/><W92/><G92/><T119/><D119/><U99/><E99/><N who="2" m="61631" /><F107/><W45/><G79/><T83/><D83/><U88/><E88/><V28/><F28/><W44/><G74/><T37/><D6/><U100/><E100/><V15/><F15/><N who="3" m="9503" /><G44/><T3/><D13/><U66/><E53/><V129/><F19/><W55/><G55/><T97/><D97/><U68/><E131/><V98/><F17/><W103/><G103/><T96/><D96/><U110/><E110/><V67/><F98/><W10/><G10/><T108/><D108/><U133/><E133/><V87/><F129/><W12/><G12/><T117/><D117/><U62/><E62/><N who="2" m="40215" /><F87/><W130/><G130/><T111/><D111/><U125/><E125/><V2/><F2/><W35/><G35/><AGARI ba="1,1" hai="26,30,35,57,58,59,60,67" m="40215,61631" machi="35" ten="30,3900,0" yaku="25,1,52,2" doraHai="61" who="2" fromWho="3" sc="220,0,290,0,240,52,240,-42" /><INIT seed="2,0,0,1,0,24" ten="220,290,292,198" oya="2" hai0="81,51,52,8,6,3,108,66,35,4,67,92,109" hai1="7,111,48,44,118,56,100,107,119,19,60,14,1" hai2="82,134,122,87,96,41,128,59,110,85,30,103,76" hai3="37,22,129,130,18,12,86,40,114,36,102,32,104"/><V79/><F122/><W58/><G32/><T120/><D120/><U98/><E111/><N who="0" m="42569" /><D35/><U65/><E7/><V33/><F110/><W46/><G114/><T97/><D81/><U83/><E83/><V126/><F126/><W132/><G132/><T99/><D6/><U50/><E50/><V13/><F134/><W11/><G36/><T63/><D63/><U84/><E84/><V90/><F128/><W2/><G86/><T53/><D99/><U74/><E1/><V61/><F41/><W5/><REACH who="3" step="1"/><G58/><REACH who="3" ten="220,290,292,188" step="2"/><N who="0" m="33055" /><D53/><U16/><E74/><V23/><F33/><W95/><G95/><T34/><D34/><U45/><E45/><V89/><F85/><W105/><G105/><T133/><D133/><U75/><E75/><V71/><F79/><W135/><G135/><T78/><D78/><U124/><E124/><V17/><F76/><W42/><G42/><T38/><D38/><U0/><E44/><V131/><F87/><W21/><G21/><T116/><D116/><U43/><E118/><V115/><F23/><W49/><G49/><T70/><D70/><U39/><E48/><V26/><F71/><W20/><G20/><T77/><D77/><U64/><E43/><V57/><F57/><W68/><G68/><T94/><D94/><U73/><E39/><V117/><F59/><W28/><G28/><T31/><D31/><U15/><E73/><V55/><F30/><W10/><G10/><T9/><D9/><N who="1" m="6223" /><E119/><V29/><F117/><W27/><G27/><T125/><D125/><U88/><E107/><V127/><F127/><W62/><G62/><T72/><D72/><RYUUKYOKU ba="0,1" sc="220,15,290,-15,292,-15,188,15" hai0="3,4,8,66,67,92,97" hai3="2,5,11,12,18,22,37,40,46,102,104,129,130" /><INIT seed="3,1,1,0,0,107" ten="235,275,277,203" oya="3" hai0="40,2,68,117,46,39,103,119,21,99,122,23,33" hai1="56,72,74,12,79,135,63,49,3,93,52,20,128" hai2="4,111,95,105,129,82,14,16,22,50,85,8,116" hai3="48,76,121,118,32,6,97,83,108,80,29,42,101"/><W53/><G118/><T0/><D122/><U75/><E3/><N who="0" m="1065" /><D23/><U62/><E135/><V27/><F105/><W115/><G121/><T58/><D58/><U110/><E110/><V13/><F129/><W1/><G42/><T17/><D17/><U51/><E128/><V9/><F111/><W112/><G108/><T88/><D88/><U77/><E93/><V134/><F134/><W38/><G38/><T100/><D100/><U10/><E20/><V35/><F35/><W89/><G89/><T65/><D21/><U64/><E62/><V114/><F114/><W37/><G37/><T66/><D66/><U98/><E98/><V90/><F50/><W18/><G18/><T92/><D92/><U45/><REACH who="1" step="1"/><E51/><REACH who="1" ten="235,265,277,203" step="2"/><V73/><F116/><W96/><G48/><T69/><D33/><U43/><E43/><V86/><F73/><W113/><G96/><T123/><D123/><U26/><E26/><V24/><REACH who="2" step="1"/><F22/><REACH who="2" ten="235,265,267,203" step="2"/><W84/><G115/><T130/><D130/><U81/><E81/><V106/><F106/><W11/><G83/><T7/><D119/><U124/><E124/><V126/><F126/><W133/><G133/><T104/><D117/><U15/><E15/><V109/><F109/><W70/><G113/><T55/><D39/><U102/><E102/><V61/><F61/><W28/><G112/><T25/><D104/><U71/><E71/><V91/><AGARI ba="1,3" hai="4,8,9,13,14,16,24,27,82,85,86,90,91,95" machi="91" ten="20,12000,2" yaku="1,1,0,1,7,1,8,1,54,1,53,2" doraHai="107" doraHaiUra="5" who="2" fromWho="2" sc="235,-31,265,-31,267,153,203,-61" /><INIT seed="4,0,0,5,4,93" ten="204,234,420,142" oya="0" hai0="99,53,33,122,109,132,26,64,72,32,14,48,44" hai1="70,50,130,59,82,124,9,13,86,92,77,113,31" hai2="103,41,15,118,36,38,83,112,94,62,89,88,91" hai3="30,68,27,55,6,125,66,116,63,28,24,129,67"/><T134/><D122/><U81/><E70/><V42/><F112/><W20/><G116/><T102/><D72/><U34/><E34/><V78/><F118/><W108/><G108/><T39/><D109/><U101/><E113/><V115/><F115/><W111/><G111/><T104/><D39/><U56/><E31/><V7/><F38/><W43/><G129/><T47/><D47/><U8/><E130/><V87/><F36/><W49/><G125/><T19/><D64/><U117/><E117/><V10/><F62/><W23/><G6/><T2/><D2/><U110/><E8/><V46/><F46/><W51/><G43/><N who="2" m="16393" /><F103/><W79/><G79/><T119/><D119/><U0/><E0/><V37/><F37/><W60/><REACH who="3" step="1"/><G55/><REACH who="3" ten="204,234,420,132" step="2"/><T11/><REACH who="0" step="1"/><D26/><REACH who="0" ten="194,234,420,132" step="2"/><U114/><E110/><V61/><F61/><W71/><AGARI ba="0,2" hai="20,23,24,27,28,30,49,51,60,63,66,67,68,71" machi="71" ten="20,12000,2" yaku="1,1,2,1,0,1,7,1,32,3,53,0" doraHai="93" doraHaiUra="76" who="3" fromWho="3" sc="194,-60,234,-30,420,-30,132,140" /><INIT seed="5,0,0,4,5,121" ten="134,204,390,272" oya="1" hai0="85,41,40,102,47,57,33,82,42,78,16,14,107" hai1="109,73,68,29,27,63,31,76,114,11,61,133,35" hai2="113,45,55,126,115,87,94,105,120,9,52,122,66" hai3="70,130,15,134,17,8,81,43,125,99,23,39,58"/><U93/><E114/><N who="2" m="43531" /><F105/><W67/><G70/><T128/><D33/><U51/><E133/><V50/><F126/><W62/><G125/><T69/><D69/><U92/><E29/><V72/><F72/><W88/><G134/><T10/><D128/><U30/><E30/><V18/><F66/><W91/><G130/><T0/><D0/><U34/><E34/><V20/><F9/><W19/><G81/><T22/><D102/><U60/><E68/><V132/><F132/><W98/><G39/><T49/><D107/><U46/><E11/><V3/><F3/><W131/><G43/><T135/><D135/><U127/><E127/><V7/><F7/><W36/><G36/><T118/><D118/><U44/><E44/><V112/><F55/><W4/><G131/><T119/><D119/><U64/><E64/><V117/><F117/><W106/><G19/><T2/><D2/><U74/><E74/><V103/><N who="2" m="43539" /><V84/><DORA hai="6" /><F103/><W80/><G106/><T89/><D57/><U104/><E104/><V124/><F124/><W65/><G67/><T95/><REACH who="0" step="1"/><D22/><REACH who="0" ten="124,204,390,272" step="2"/><U56/><E56/><V71/><F71/><W53/><G23/><T97/><AGARI ba="0,1" hai="10,14,16,40,41,42,47,49,78,82,85,89,95,97" machi="97" ten="20,16000,3" yaku="1,1,2,1,0,1,7,1,8,1,52,1,54,1,53,1" doraHai="121,6" doraHaiUra="13,96" who="0" fromWho="0" sc="124,170,204,-80,390,-40,272,-40" /><INIT seed="6,0,0,0,1,131" ten="294,124,350,232" oya="2" hai0="100,51,64,23,85,78,83,89,43,116,101,91,28" hai1="14,2,47,24,54,0,122,50,86,80,120,79,25" hai2="111,73,96,16,115,109,12,75,35,26,11,10,102" hai3="1,76,27,113,22,53,33,98,77,56,48,30,66"/><V105/><F115/><W39/><G113/><T118/><D64/><U31/><E14/><V60/><F60/><W129/><G129/><T108/><D108/><N who="2" m="41546" /><F10/><W127/><G127/><T69/><D69/><U94/><E94/><V128/><F128/><W44/><G1/><T63/><D63/><U117/><E117/><N who="0" m="45161" /><D43/><U93/><E93/><V97/><F97/><W8/><G8/><T40/><D40/><U9/><E9/><V71/><F71/><W58/><G33/><T106/><D51/><U133/><E133/><V4/><F4/><W110/><G110/><T82/><D106/><U59/><E59/><N who="3" m="22570" /><G39/><T67/><D67/><U6/><E6/><V124/><F124/><W92/><G66/><T18/><D28/><AGARI ba="0,0" hai="11,12,16,26,28,35,73,75,96,102,105" m="41546" machi="28" ten="30,2900,0" yaku="10,1,54,1" doraHai="131" who="2" fromWho="0" sc="294,-29,124,0,350,29,232,0" /><INIT seed="6,1,0,1,0,17" ten="265,124,379,232" oya="2" hai0="48,41,128,92,132,26,57,76,23,58,90,52,10" hai1="63,112,133,80,122,70,20,83,64,7,54,103,108" hai2="56,55,94,84,74,6,5,44,47,131,111,40,36" hai3="96,106,126,134,30,113,9,78,123,65,38,85,110"/><V67/><F74/><W51/><G123/><T66/><D128/><U117/><E117/><V104/><F104/><W16/><G38/><T71/><D132/><U99/><E108/><V25/><F131/><W60/><G110/><T42/><D71/><U109/><E109/><V98/><F111/><W37/><G37/><T127/><D76/><U13/><E133/><V4/><F67/><W124/><G134/><T27/><D27/><U120/><E112/><V88/><F44/><W19/><G30/><N who="0" m="17759" /><D127/><U79/><E54/><V59/><F25/><W100/><G113/><T91/><D10/><U97/><E97/><V62/><REACH who="2" step="1"/><F59/><REACH who="2" ten="265,124,369,232" step="2"/><W1/><G65/><T32/><D58/><U39/><E122/><V12/><F12/><W89/><G106/><T75/><D75/><U3/><E120/><V15/><F15/><W29/><G126/><T95/><D66/><U121/><E121/><V46/><F46/><W53/><G124/><T28/><D32/><U69/><E69/><V118/><F118/><W130/><G130/><T81/><D57/><U21/><E3/><V101/><F101/><W18/><G100/><T24/><D24/><U77/><E39/><V61/><F61/><W135/><G60/><T82/><D28/><U22/><E13/><V8/><F8/><W93/><G29/><T119/><D119/><U14/><E14/><V105/><F105/><W50/><G135/><T114/><D114/><U87/><E7/><V0/><F0/><W33/><G1/><T115/><D115/><U68/><E68/><V11/><F11/><W31/><G9/><T35/><D35/><RYUUKYOKU ba="1,1" sc="265,-10,124,-10,369,30,232,-10" hai2="4,5,6,36,40,47,55,56,62,84,88,94,98" /><INIT seed="6,2,1,0,3,7" ten="255,114,399,222" oya="2" hai0="56,48,29,88,121,18,100,14,124,93,51,110,10" hai1="39,132,73,45,20,5,71,98,104,134,17,118,109" hai2="96,33,65,31,86,87,44,40,12,42,75,85,41" hai3="128,15,92,68,36,16,103,74,46,120,8,122,102"/><V82/><F65/><W91/><G68/><T69/><D110/><U24/><E109/><V125/><F125/><W89/><G74/><T94/><D121/><U23/><E118/><V126/><F126/><W129/><G36/><T107/><D69/><U58/><E71/><V63/><F63/><W38/><G38/><T101/><D107/><U54/><E73/><V117/><F117/><W72/><G72/><T26/><D124/><U59/><E5/><V28/><F33/><W27/><G46/><T55/><D51/><U64/><E64/><V60/><F60/><W2/><G2/><T30/><D94/><U76/><E76/><V13/><F44/><W67/><G67/><T99/><D29/><N who="2" m="11338" /><F75/><W61/><G27/><T0/><REACH who="0" step="1"/><D0/><REACH who="0" ten="245,114,399,222" step="2"/><U1/><E1/><V77/><F82/><W133/><G92/><T80/><D80/><U34/><E39/><V62/><F62/><W9/><G61/><T19/><D19/><U53/><E104/><V66/><F66/><W32/><G16/><T130/><D130/><U131/><E131/><V3/><F3/><W84/><G129/><T50/><D50/><U49/><E45/><V83/><F83/><W90/><G128/><T70/><D70/><U43/><E43/><V11/><F42/><W25/><G122/><T22/><AGARI ba="2,2" hai="10,14,18,22,26,30,48,55,56,88,93,99,100,101" machi="22" ten="20,16000,3" yaku="1,1,0,1,7,1,8,1,52,1,54,1,53,2" doraHai="7" doraHaiUra="97" who="0" fromWho="0" sc="245,186,114,-42,399,-82,222,-42" /><INIT seed="7,0,0,1,1,2" ten="431,72,317,180" oya="3" hai0="76,121,66,112,67,128,89,129,122,43,95,58,37" hai1="83,97,12,86,91,72,56,39,120,119,88,7,42" hai2="96,111,100,16,125,104,126,99,106,85,110,13,32" hai3="55,46,63,82,69,116,90,133,50,123,54,65,70"/><W127/><G116/><T78/><D112/><U73/><E120/><V87/><F32/><W117/><G117/><T115/><D115/><U35/><E119/><V1/><F1/><W49/><G123/><T15/><D15/><U62/><E35/><V36/><F36/><W26/><G133/><T59/><D95/><U102/><E39/><V24/><F24/><W68/><G26/><T4/><D37/><U64/><E42/><V57/><F57/><N who="3" m="37103" /><G90/><T135/><D43/><U41/><E41/><V75/><F13/><W25/><G82/><T118/><D118/><U28/><E28/><V51/><F51/><N who="3" m="29047" /><G25/><T124/><D89/><U40/><E40/><V113/><F16/><W105/><G105/><T10/><D10/><U130/><E130/><V6/><F113/><W98/><G98/><T47/><D135/><U79/><E72/><V77/><F75/><W27/><G27/><T92/><D92/><U81/><E91/><V34/><F34/><W60/><G127/><T44/><D124/><U131/><E131/><V74/><F74/><W80/><G80/><T45/><D128/><U22/><E22/><V93/><F93/><W38/><G38/><T31/><D129/><U107/><REACH who="1" step="1"/><E12/><REACH who="1" ten="431,62,317,180" step="2"/><V103/><REACH who="2" step="1"/><F77/><REACH who="2" ten="431,62,307,180" step="2"/><N who="0" m="29802" /><D122/><U109/><E109/><V9/><F9/><W52/><G55/><T21/><D121/><U30/><E30/><V114/><F114/><W132/><G132/><T53/><D53/><U29/><E29/><V108/><F108/><W3/><G3/><T94/><D31/><U0/><E0/><V101/><F101/><W48/><G52/><T17/><D21/><RYUUKYOKU ba="0,2" sc="431,-30,62,10,307,10,180,10" hai1="7,56,62,64,73,79,81,83,86,88,97,102,107" hai2="6,85,87,96,99,100,103,104,106,110,111,125,126" hai3="48,49,50,60,68,69,70" /><INIT seed="7,1,2,4,0,19" ten="401,72,317,190" oya="3" hai0="76,50,17,83,78,56,61,51,100,85,10,77,124" hai1="90,42,122,66,121,99,113,125,70,59,81,107,8" hai2="116,7,126,102,20,123,57,29,28,67,135,34,45" hai3="79,111,97,84,5,1,63,64,6,30,25,31,38"/><W106/><G38/><T65/><D124/><U127/><E70/><V35/><F116/><W118/><G118/><T128/><D128/><U134/><E42/><V110/><F110/><W24/><G111/><T131/><D131/><U94/><E66/><V14/><F126/><W48/><G48/><N who="0" m="18475" /><D100/><U101/><E59/><V87/><F135/><W132/><G132/><T21/><D10/><U52/><E52/><V105/><F123/><W15/><G1/><T91/><D76/><U11/><E8/><V26/><F45/><W92/><G106/><T104/><D104/><U86/><E11/><V62/><F7/><W23/><G15/><AGARI ba="1,2" hai="15,17,21,56,61,65,77,78,83,85,91" m="18475" machi="15" ten="30,2000,0" yaku="8,1,52,1" doraHai="19" who="0" fromWho="3" sc="401,43,72,0,317,0,190,-23" owari="444,54.0,72,-43.0,317,12.0,167,-23.0" /></mjloggm>