<mjloggm ver="2.3"><GO type="169" lobby="0"/><UN n0="%E3%82%A6%E3%83%AB%E3%83%88%E3%83%A9%E7%AB%8B%E7%9B%B4" n1="%67%61%69%6E%61" n2="%E9%89%84%E8%B2%9E" n3="%E3%81%84%E3%81%AE%E3%81%91%E3%82%93" dan="18,16,16,16" rate="2256.99,2063.48,2134.46,2137.13" sx="M,M,M,F"/><TAIKYOKU oya="0"/><INIT seed="0,0,0,4,3,36" ten="250,250,250,250" oya="0" hai0="105,45,86,17,70,75,51,30,124,5,125,65,100" hai1="31,11,21,12,90,16,59,83,24,120,4,97,64" hai2="41,58,37,134,84,66,73,79,133,93,88,0,72" hai3="10,119,34,19,107,18,7,117,130,47,56,116,71"/><T26/><D75/><U43/><E120/><V23/><F0/><W109/><G71/><T114/><D114/><U22/><E97/><V91/><F79/><W60/><G107/><T61/><D5/><U67/><E43/><V40/><F37/><W103/><G103/><T128/><D17/><U129/><E129/><V63/><F23/><W9/><G34/><N who="0" m="20823" /><D86/><N who="1" m="50527" /><E59/><V50/><F91/><W6/><G130/><T81/><D81/><U108/><E108/><V35/><F35/><W95/><G109/><T39/><D128/><U1/><E1/><V102/><F102/><W135/><G95/><T123/><D123/><U14/><AGARI ba="0,0" hai="4,11,12,14,16,21,22,24,31,64,67" m="50527" machi="14" ten="30,2000,0" yaku="8,1,54,1" doraHai="36" who="1" fromWho="1" sc="250,-10,250,20,250,-5,250,-5" /><INIT seed="1,0,0,4,0,44" ten="240,270,245,245" oya="1" hai0="23,41,102,26,135,128,21,71,118,32,13,60,134" hai1="75,91,54,37,0,76,117,116,90,12,77,57,66" hai2="5,25,101,31,82,10,52,115,67,97,122,89,103" hai3="105,8,99,93,80,98,51,4,125,55,81,72,45"/><U46/><E0/><V104/><F122/><W112/><G112/><T95/><D118/><U94/><E12/><V107/><F115/><W38/><G125/><T88/><D102/><U20/><E20/><V49/><F67/><W124/><G124/><T92/><D92/><U130/><E130/><V42/><F42/><W108/><G108/><T35/><D41/><U9/><E9/><V64/><F64/><W109/><G109/><T79/><D79/><U2/><E2/><V1/><F82/><W27/><G105/><T129/><D60/><U7/><E7/><V53/><F89/><W3/><G38/><T30/><D71/><U68/><E91/><V40/><F103/><W100/><G72/><T86/><D23/><U120/><E120/><V133/><F133/><N who="0" m="50698" /><D13/><U17/><E17/><V62/><F62/><W14/><G3/><T33/><AGARI ba="0,0" hai="21,26,30,32,33,35,86,88,95,128,129" m="50698" machi="33" ten="40,2700,0" yaku="20,1,54,1" doraHai="44" who="0" fromWho="0" sc="240,27,270,-13,245,-7,245,-7" /><INIT seed="2,0,0,4,3,42" ten="267,257,238,238" oya="2" hai0="3,123,85,49,122,71,68,77,94,69,120,15,90" hai1="61,55,135,133,21,86,64,1,51,56,66,18,95" hai2="34,17,27,33,131,44,28,48,128,93,2,52,11" hai3="0,60,45,39,14,89,46,25,58,132,117,74,119"/><V98/><F34/><W118/><G0/><T10/><D3/><U100/><E1/><V121/><F121/><W124/><G74/><T30/><D30/><U4/><E4/><V91/><REACH who="2" step="1"/><F17/><REACH who="2" ten="267,257,228,238" step="2"/><W26/><G119/><T13/><D122/><U104/><E18/><V57/><F57/><W75/><G58/><T102/><D123/><U116/><E56/><V115/><F115/><W16/><G16/><T84/><D120/><U62/><E133/><V7/><AGARI ba="0,1" hai="2,7,11,27,28,33,44,48,52,91,93,98,128,131" machi="7" ten="30,11700,0" yaku="1,1,0,1,52,1,54,1,53,0" doraHai="42" doraHaiUra="81" who="2" fromWho="2" sc="267,-39,257,-39,228,127,238,-39" /><INIT seed="2,1,0,3,3,29" ten="228,218,355,199" oya="2" hai0="53,127,81,124,30,88,109,97,32,50,61,27,33" hai1="70,135,93,102,104,105,13,117,47,7,26,68,75" hai2="4,121,24,3,56,118,126,131,42,34,0,77,28" hai3="66,69,44,54,116,18,130,129,132,112,85,21,19"/><V57/><F118/><W46/><G116/><T125/><D61/><U22/><E75/><V38/><F121/><W10/><G132/><T94/><D81/><U89/><E117/><V2/><F126/><W60/><G112/><T96/><D109/><U6/><E135/><V25/><F131/><N who="3" m="50187" /><G85/><T71/><D71/><U99/><E47/><V84/><F4/><W15/><G54/><T87/><D33/><U134/><E134/><V39/><F25/><AGARI ba="1,0" hai="10,15,18,19,21,25,44,46,60,66,69" m="50187" machi="25" ten="30,1000,0" yaku="19,1" doraHai="29" who="3" fromWho="2" sc="228,0,218,0,355,-13,199,13" /><INIT seed="3,0,0,3,1,27" ten="228,218,342,212" oya="3" hai0="43,38,23,21,129,106,110,97,112,89,104,46,78" hai1="67,135,75,51,114,6,34,113,126,8,50,107,33" hai2="128,72,77,26,47,5,127,116,48,133,123,100,55" hai3="16,32,108,134,94,7,117,9,1,10,70,64,17"/><W59/><G117/><T125/><D110/><U37/><E37/><V19/><F116/><W40/><G70/><T52/><D129/><U74/><E107/><V84/><F72/><W54/><G108/><T3/><D3/><U88/><E67/><V22/><F128/><W103/><G64/><T62/><D125/><U101/><E101/><V2/><F127/><W45/><G134/><T53/><D112/><U92/><E126/><V76/><F133/><W61/><G32/><T82/><D104/><U57/><E135/><V98/><F123/><W31/><G31/><T85/><D62/><U83/><E113/><V20/><F84/><W68/><G68/><T63/><D63/><U49/><E114/><V56/><F22/><W118/><G118/><T4/><D4/><U93/><E57/><V44/><F5/><W80/><G80/><T12/><D12/><U119/><E93/><N who="2" m="58447" /><F2/><W11/><G1/><T111/><D111/><U71/><E71/><V18/><F18/><W124/><G7/><T25/><D23/><U30/><E119/><V90/><F90/><W29/><G29/><T122/><D122/><U0/><E83/><V73/><F73/><W96/><REACH who="3" step="1"/><G124/><REACH who="3" ten="228,218,342,202" step="2"/><T13/><D82/><U79/><E34/><V87/><F19/><W102/><G102/><T14/><D78/><U121/><E79/><V95/><F77/><W42/><G42/><T99/><D43/><U36/><E121/><V109/><F109/><W132/><G132/><T65/><D65/><U91/><E33/><V15/><F76/><W66/><G66/><T86/><D89/><U120/><E120/><RYUUKYOKU ba="0,1" sc="228,-10,218,-10,342,-10,202,30" hai3="9,10,11,16,17,40,45,54,59,61,94,96,103" /><INIT seed="3,1,1,1,2,66" ten="218,208,332,232" oya="3" hai0="63,112,134,8,23,20,31,19,86,41,36,128,10" hai1="95,132,101,73,91,28,92,16,52,54,120,124,47" hai2="94,1,32,108,77,129,79,58,119,89,13,78,103" hai3="0,21,67,56,22,46,5,50,25,65,83,51,27"/><W26/><G0/><T117/><D117/><U111/><E120/><V131/><F119/><W33/><G33/><T4/><D36/><U24/><E73/><V80/><F108/><W116/><G116/><T15/><D41/><U37/><E111/><V105/><F1/><W123/><G123/><T68/><D128/><N who="2" m="49226" /><F32/><W3/><G3/><T74/><D74/><U93/><E124/><V85/><F13/><W39/><G5/><T125/><D125/><U57/><E132/><V110/><F58/><W81/><G39/><T76/><D134/><U100/><E28/><V49/><F49/><N who="3" m="18443" /><G46/><T62/><D112/><U115/><E115/><V29/><F29/><W75/><G75/><T88/><D76/><U118/><E118/><V98/><F110/><W30/><G56/><T12/><D31/><U114/><E114/><V43/><F43/><W130/><G130/><T18/><D4/><U35/><E35/><V71/><F71/><W7/><G7/><T64/><D63/><U127/><E127/><V53/><F53/><N who="1" m="20585" /><E57/><V109/><F109/><W44/><G44/><T40/><REACH who="0" step="1"/><D40/><REACH who="0" ten="208,208,332,232" step="2"/><U34/><E37/><V87/><AGARI ba="1,2" hai="77,78,79,80,85,87,89,94,98,103,105" m="49226" machi="87" ten="30,4000,0" yaku="19,1,34,2" doraHai="66" who="2" fromWho="2" sc="208,-11,208,-11,332,63,232,-21" /><INIT seed="4,0,0,2,2,80" ten="197,197,395,211" oya="0" hai0="119,23,22,24,71,20,75,78,76,117,115,14,33" hai1="132,35,69,31,87,73,56,107,7,34,130,25,110" hai2="44,3,40,61,65,45,18,54,60,121,79,26,108" hai3="135,6,10,74,36,49,126,123,52,77,28,2,43"/><T97/><D71/><U118/><E69/><V70/><F3/><W58/><G135/><T94/><D115/><U17/><E118/><V53/><F79/><W91/><G126/><T57/><D57/><U102/><E110/><V95/><F108/><W29/><G123/><T46/><D46/><U84/><E73/><V112/><F121/><W131/><G131/><T120/><D120/><U122/><E122/><V39/><F95/><W124/><G124/><T100/><D14/><U81/><E130/><V93/><F93/><W92/><G77/><T128/><D128/><U59/><E132/><V105/><F105/><W8/><G74/><T129/><D129/><U41/><E35/><V68/><F18/><W125/><G125/><T62/><D62/><U55/><E41/><N who="2" m="22591" /><F26/><W82/><G82/><T98/><D78/><U99/><E81/><V51/><F112/><W13/><G43/><T116/><D76/><U67/><E7/><V47/><F47/><W5/><REACH who="3" step="1"/><G36/><REACH who="3" ten="197,197,395,201" step="2"/><T27/><D75/><U16/><E67/><AGARI ba="0,1" hai="40,45,51,53,54,60,61,65,67,68,70" m="22591" machi="67" ten="30,8000,1" yaku="35,5" doraHai="80" who="2" fromWho="1" sc="197,0,197,-80,395,90,201,0" /><INIT seed="5,0,0,2,4,58" ten="197,117,485,201" oya="1" hai0="40,6,2,23,42,129,56,86,132,12,111,84,49" hai1="68,72,91,33,19,41,69,88,61,78,74,48,119" hai2="32,34,116,99,110,81,115,89,4,104,98,31,64" hai3="103,17,3,18,63,28,70,47,97,128,79,52,87"/><U118/><E33/><V65/><F110/><W39/><G3/><T16/><D111/><U29/><E29/><V82/><F116/><W7/><G7/><T36/><D36/><U50/><E19/><V80/><F4/><W26/><G128/><T125/><D132/><U57/><E57/><V8/><F8/><W22/><G70/><T126/><D129/><U45/><E78/><V27/><F115/><W38/><G38/><T11/><D42/><U133/><E41/><V121/><F121/><W14/><G39/><T100/><D100/><U135/><REACH who="1" step="1"/><E61/><REACH who="1" ten="197,107,485,201" step="2"/><V5/><F34/><W51/><G63/><T53/><D40/><U108/><E108/><V113/><F31/><W66/><G66/><T10/><D10/><U112/><E112/><V43/><F64/><W60/><G60/><T92/><D86/><U102/><E102/><V73/><F43/><W77/><G87/><T123/><D123/><U71/><E71/><V94/><F32/><W120/><G120/><T127/><D84/><U95/><E95/><AGARI ba="0,1" hai="2,6,11,12,16,23,49,53,56,92,95,125,126,127" machi="95" ten="40,2600,0" yaku="18,1,54,1" doraHai="58" who="0" fromWho="1" sc="197,36,107,-26,485,0,201,0" /><INIT seed="6,0,0,5,4,40" ten="233,81,485,201" oya="2" hai0="41,131,90,132,113,102,96,63,109,31,118,68,32" hai1="107,95,99,135,110,108,84,64,60,25,27,62,36" hai2="13,61,37,48,28,10,122,80,117,44,73,14,52" hai3="79,74,24,49,76,78,111,100,114,22,18,116,91"/><V39/><F117/><W3/><G111/><T53/><D109/><U59/><E135/><V75/><F122/><W133/><G116/><T126/><D118/><U8/><E107/><V101/><F28/><W17/><G3/><T47/><D113/><U83/><E36/><V125/><F14/><W77/><G114/><T1/><D1/><U97/><E8/><V38/><F101/><W56/><G133/><T87/><D126/><U130/><E130/><V5/><F125/><W30/><G100/><T120/><D120/><U45/><E45/><V93/><F93/><W2/><G2/><T121/><D121/><U128/><E128/><V11/><F11/><W98/><G74/><T7/><D7/><U89/><E110/><V29/><F80/><W134/><G134/><T34/><D132/><U46/><E46/><V15/><F15/><W26/><G26/><T71/><D131/><U81/><E108/><V70/><F29/><W105/><G105/><T21/><D21/><U82/><REACH who="1" step="1"/><E62/><REACH who="1" ten="233,71,485,201" step="2"/><V124/><F124/><W42/><G42/><T35/><D41/><U43/><E43/><V94/><F61/><W51/><G51/><T106/><D63/><U12/><E12/><V19/><F48/><W65/><G49/><T123/><D123/><U4/><E4/><V50/><F13/><W54/><G24/><AGARI ba="0,1" hai="24,25,27,59,60,64,81,82,83,84,89,95,97,99" machi="24" ten="40,2600,0" yaku="1,1,8,1,53,0" doraHai="40" doraHaiUra="67" who="1" fromWho="3" sc="233,0,71,36,485,0,201,-26" /><INIT seed="7,0,0,3,5,11" ten="233,107,485,175" oya="3" hai0="66,80,111,21,34,104,48,102,33,51,82,38,3" hai1="101,90,5,130,116,29,64,12,98,9,18,28,59" hai2="52,85,15,135,70,67,117,115,50,57,79,31,19" hai3="44,74,49,97,131,83,53,96,77,78,71,39,17"/><W42/><G131/><T58/><D21/><U86/><E130/><V41/><F117/><W89/><G78/><T54/><D54/><U99/><E116/><V72/><F72/><W26/><G71/><T2/><D58/><U45/><E45/><V100/><F31/><W61/><G61/><T6/><D6/><U76/><E76/><V127/><F115/><W120/><G120/><T24/><D24/><U63/><E5/><V23/><F100/><W109/><G109/><T27/><D27/><U1/><E1/><V62/><F85/><W126/><G126/><T47/><D47/><U73/><E73/><V110/><F110/><W32/><G89/><T4/><D4/><U88/><E90/><V81/><F127/><W114/><G114/><T0/><D0/><U68/><E68/><V94/><F94/><W108/><G108/><T69/><D69/><U132/><E132/><V16/><F135/><W25/><G25/><T91/><D102/><U124/><E124/><V121/><F121/><W65/><G65/><T46/><D66/><U20/><E9/><V112/><F112/><W84/><G74/><T107/><D91/><U30/><REACH who="1" step="1"/><E101/><REACH who="1" ten="233,97,485,175" step="2"/><V123/><F62/><W118/><G118/><T55/><D111/><U87/><E87/><V43/><F67/><W92/><G77/><T133/><D133/><U128/><E128/><V119/><F119/><W7/><G7/><T36/><D46/><U95/><AGARI ba="0,1" hai="12,18,20,28,29,30,59,63,64,86,88,95,98,99" machi="95" ten="30,12000,2" yaku="1,1,0,1,8,1,52,1,54,1,53,1" doraHai="11" doraHaiUra="60" who="1" fromWho="1" sc="233,-30,97,130,485,-30,175,-60" owari="203,-20.0,227,3.0,455,55.0,115,-38.0" /></mjloggm>