<mjloggm ver="2.3"><GO type="169" lobby="0"/><UN n0="%E3%83%88%E3%83%88%E3%83%AA%E5%85%88%E7%94%9F%31%39%E6%AD%B3" n1="%E7%89%8C%E6%B5%81%E5%AE%9A%E7%9F%B3%E6%9C%80%E9%AB%98" n2="%E7%94%98%E3%81%84%E3%83%9E%E3%83%83%E7%BC%B6" n3="%61%6E%6C%75%6E" dan="19,16,16,16" rate="2274.77,2145.84,2094.20,2111.81" sx="F,M,F,M"/><TAIKYOKU oya="0"/><INIT seed="0,0,0,4,1,134" ten="250,250,250,250" oya="0" hai0="124,35,42,89,81,77,117,95,22,105,3,49,55" hai1="9,8,129,102,4,61,33,123,47,74,16,67,23" hai2="11,18,51,54,127,78,60,46,10,128,0,5,86" hai3="66,6,116,109,20,17,120,133,64,45,71,39,2"/><T126/><D117/><U36/><E123/><V83/><F128/><W79/><G116/><T76/><D35/><U118/><E118/><V56/><F18/><W15/><G120/><T7/><D105/><U131/><E74/><V113/><F11/><W111/><G133/><T40/><D22/><U69/><E102/><V84/><F113/><W68/><G79/><T25/><D25/><U28/><E28/><V107/><F107/><W29/><G29/><T24/><D24/><U34/><E47/><V99/><F99/><W14/><G2/><T41/><D7/><U85/><E85/><V57/><F57/><W44/><G39/><T13/><D13/><N who="1" m="5255" /><E36/><V43/><REACH who="2" step="1"/><F84/><REACH who="2" ten="250,250,240,250" step="2"/><W94/><G6/><T62/><D3/><U53/><E9/><V130/><F130/><N who="1" m="49673" /><E53/><V12/><F12/><AGARI ba="0,1" hai="12,16,23,33,34,61,67,69" m="49673,5255" machi="12" ten="30,2000,0" yaku="19,1,54,1" doraHai="134" who="1" fromWho="2" sc="250,0,250,30,240,-20,250,0" /><INIT seed="1,0,0,5,2,87" ten="250,280,220,250" oya="1" hai0="70,25,24,5,9,35,14,74,50,40,75,13,118" hai1="48,38,85,73,95,79,16,128,46,56,60,42,134" hai2="71,110,113,51,102,119,125,80,135,23,124,91,100" hai3="0,123,126,1,127,7,97,133,114,59,45,132,112"/><U84/><E134/><N who="3" m="51818" /><G45/><N who="0" m="25895" /><D35/><U65/><E128/><V43/><F71/><W47/><G47/><T58/><D75/><U69/><E95/><V34/><F34/><W55/><G97/><T86/><D74/><U76/><E16/><V18/><F119/><W111/><G123/><T116/><D70/><U64/><E64/><V28/><F28/><W92/><G111/><T83/><D116/><U108/><E108/><V20/><F110/><W82/><G7/><T81/><D81/><U103/><E103/><V10/><F113/><N who="3" m="43627" /><G82/><T98/><D98/><U52/><REACH who="1" step="1"/><E73/><REACH who="1" ten="250,270,220,250" step="2"/><V12/><F135/><W57/><G92/><T36/><D118/><U41/><E41/><V27/><F125/><N who="3" m="47627" /><G55/><T26/><D83/><U44/><E44/><N who="2" m="26015" /><F124/><W63/><G63/><T6/><D6/><U78/><AGARI ba="0,1" hai="38,42,46,48,52,56,60,65,69,76,78,79,84,85" machi="78" ten="30,18000,2" yaku="1,1,0,1,24,2,54,1,53,1" doraHai="87" doraHaiUra="61" who="1" fromWho="1" sc="250,-60,270,190,220,-60,250,-60" /><INIT seed="1,1,0,5,2,134" ten="190,460,160,190" oya="1" hai0="106,19,37,126,129,96,8,43,92,41,122,47,57" hai1="63,14,49,79,94,93,3,117,108,32,83,85,36" hai2="40,100,115,72,127,13,62,27,109,133,64,103,110" hai3="10,77,114,84,11,34,125,56,95,25,0,5,48"/><U58/><E36/><V87/><F72/><W21/><G114/><T69/><D69/><U31/><E3/><V101/><F133/><W52/><G34/><T132/><D132/><U1/><E1/><V128/><F40/><W130/><G130/><T18/><D106/><U22/><E108/><N who="2" m="41579" /><F27/><W89/><G125/><T24/><D129/><U71/><E117/><V23/><F128/><W38/><G38/><T105/><D105/><U75/><E75/><V33/><F33/><W45/><G11/><T6/><D43/><U65/><E32/><V28/><F87/><W29/><G77/><T7/><D122/><U112/><E112/><V82/><F82/><W76/><REACH who="3" step="1"/><G76/><REACH who="3" ten="190,460,160,180" step="2"/><T53/><D126/><U81/><E79/><V4/><F127/><W88/><G88/><T2/><D6/><U124/><E124/><V35/><F115/><W135/><G135/><T97/><D8/><U16/><E83/><V42/><F35/><W91/><G91/><T17/><D7/><U123/><E81/><V26/><F4/><W118/><G118/><T78/><D78/><U111/><E111/><V55/><F42/><W80/><G80/><T50/><D2/><U116/><E116/><V121/><F121/><W98/><G98/><T39/><D39/><U54/><E123/><V86/><F86/><W90/><G90/><N who="0" m="55319" /><D97/><U68/><E85/><V73/><F73/><W20/><G20/><N who="0" m="13327" /><D37/><U70/><E22/><V9/><F101/><W119/><G119/><T12/><D12/><U46/><E14/><V102/><F103/><W99/><G99/><T30/><D41/><U51/><E94/><RYUUKYOKU ba="1,1" sc="190,-10,460,-10,160,-10,180,30" hai3="0,5,10,21,25,29,45,48,52,56,84,89,95" /><INIT seed="2,2,1,5,0,104" ten="180,450,150,210" oya="2" hai0="105,31,129,16,111,110,109,11,95,47,67,13,74" hai1="102,99,43,69,113,83,125,101,60,132,135,124,128" hai2="2,28,120,92,50,127,3,86,130,98,10,0,18" hai3="48,89,45,38,4,58,36,118,32,133,100,115,97"/><V9/><F120/><W49/><G32/><T112/><D105/><U82/><E43/><V77/><F130/><W22/><G118/><T14/><D112/><U29/><E29/><V90/><F127/><N who="1" m="48713" /><E60/><V126/><F126/><W73/><G4/><T122/><D129/><U44/><E44/><V65/><F28/><W80/><G115/><T63/><D122/><U78/><E69/><V91/><F77/><W79/><G89/><T41/><D74/><N who="1" m="43351" /><E113/><V25/><F65/><W117/><G117/><T134/><D134/><N who="1" m="51243" /><E128/><V8/><F50/><W114/><G133/><T108/><D31/><U7/><E7/><V96/><F25/><W40/><G114/><T35/><D14/><U123/><E123/><V72/><F72/><W6/><G6/><T131/><D131/><U62/><E62/><V39/><F39/><W61/><G38/><T75/><D75/><U27/><E27/><V1/><N who="2" m="0" /><DORA hai="52" /><V121/><F121/><W85/><G73/><T15/><D15/><U94/><E83/><V106/><F18/><W88/><G22/><T37/><D35/><U55/><E55/><V81/><REACH who="2" step="1"/><F8/><REACH who="2" ten="180,450,140,210" step="2"/><W12/><G49/><T76/><D110/><U84/><E84/><V107/><F107/><N who="3" m="63887" /><G48/><T24/><D24/><U54/><E54/><V17/><F17/><W53/><G12/><T20/><D11/><U56/><E99/><V119/><F119/><W59/><G79/><T21/><D76/><U34/><E34/><V93/><F93/><W42/><G42/><T57/><D21/><U87/><E94/><AGARI ba="2,2" hai="13,16,20,37,41,47,57,63,67,94,95,108,109,111" machi="94" ten="40,5200,0" yaku="14,1,52,1,54,1" doraHai="104,52" who="0" fromWho="1" sc="180,78,450,-58,140,0,210,0" /><INIT seed="3,0,0,5,0,129" ten="258,392,140,210" oya="3" hai0="89,9,59,92,32,86,130,113,88,7,36,85,128" hai1="31,2,54,44,53,63,21,39,107,22,98,51,25" hai2="91,134,103,104,84,77,73,55,45,17,110,115,120" hai3="26,23,69,27,126,112,93,16,46,49,34,90,38"/><W40/><G112/><T100/><D32/><U30/><E2/><V79/><F55/><W76/><G69/><T19/><D36/><U99/><E107/><V95/><F17/><W123/><G123/><T11/><D113/><U12/><E39/><V62/><F62/><W50/><G76/><T72/><D72/><U105/><E105/><V66/><F66/><W70/><G70/><T35/><D100/><U106/><E106/><V116/><F115/><W71/><G71/><T47/><D35/><U13/><E13/><V80/><F45/><W94/><G126/><T28/><D28/><U74/><E74/><V109/><F120/><W10/><G10/><T24/><D47/><U75/><E75/><V61/><F61/><W18/><G93/><T60/><D19/><N who="1" m="10599" /><E31/><V58/><F58/><AGARI ba="0,0" hai="21,25,30,44,51,53,54,58,63,98,99" m="10599" machi="58" ten="30,1000,0" yaku="8,1" doraHai="129" who="1" fromWho="2" sc="258,0,392,10,140,-10,210,0" /><INIT seed="4,0,0,5,1,60" ten="258,402,130,210" oya="0" hai0="119,36,125,83,81,54,94,12,51,98,69,93,104" hai1="90,129,32,87,101,16,46,78,95,100,85,76,135" hai2="115,79,124,42,71,67,105,18,77,38,7,49,62" hai3="19,112,122,133,109,53,56,103,118,26,63,127,48"/><T91/><D119/><U24/><E135/><V11/><F115/><W9/><G118/><T37/><D104/><U35/><E46/><V107/><F124/><W2/><G109/><T131/><D131/><U111/><E111/><V27/><F107/><W57/><G127/><T64/><D125/><U43/><E43/><V25/><F105/><W74/><G74/><T29/><D29/><U84/><E129/><V66/><F38/><W30/><G133/><T44/><D36/><U106/><E35/><V41/><F18/><W13/><G112/><T134/><D134/><U6/><E6/><V128/><F128/><W55/><G2/><T132/><D132/><U28/><E16/><V113/><F113/><W102/><REACH who="3" step="1"/><G122/><REACH who="3" ten="258,402,130,200" step="2"/><T114/><D114/><U23/><E78/><N who="2" m="29707" /><F71/><W22/><AGARI ba="0,1" hai="9,13,19,22,26,30,48,53,55,56,57,63,102,103" machi="22" ten="20,5200,0" yaku="1,1,0,1,7,1,8,1,53,0" doraHai="60" doraHaiUra="108" who="3" fromWho="3" sc="258,-26,402,-13,130,-13,200,62" /><INIT seed="5,0,0,4,5,119" ten="232,389,117,262" oya="1" hai0="55,23,17,106,26,135,128,59,66,93,90,70,57" hai1="133,125,9,16,20,131,103,58,43,51,7,32,99" hai2="12,80,68,130,14,104,76,63,126,73,18,24,28" hai3="134,25,36,61,52,8,31,72,62,10,74,78,124"/><U19/><E32/><V108/><F108/><W45/><G124/><T37/><D106/><U60/><E125/><V102/><F126/><W114/><G114/><T121/><D37/><U110/><E133/><V4/><F4/><W132/><G36/><T98/><D135/><N who="3" m="51753" /><G62/><N who="0" m="36159" /><D70/><U44/><E131/><V105/><F130/><W67/><G67/><T91/><D128/><U54/><E20/><V1/><F1/><W3/><G3/><T13/><D121/><U29/><E29/><V71/><F12/><W35/><G78/><T48/><D13/><U83/><E83/><V92/><F92/><W127/><G127/><T109/><D109/><U115/><E115/><V86/><F86/><W64/><G64/><T96/><D96/><U77/><E77/><V87/><F87/><W2/><G2/><T46/><D59/><U117/><E117/><V40/><F40/><W120/><G61/><T22/><D66/><U5/><E110/><V75/><F75/><N who="3" m="28715" /><G120/><T49/><D49/><AGARI ba="0,0" hai="8,10,25,31,35,45,49,52" m="28715,51753" machi="49" ten="30,2000,0" yaku="20,1,54,1" doraHai="119" who="3" fromWho="0" sc="232,-20,389,0,117,0,262,20" /><INIT seed="6,0,0,1,0,25" ten="212,389,117,282" oya="2" hai0="10,71,117,37,31,127,125,82,124,133,7,42,103" hai1="84,23,14,3,66,73,115,75,36,54,72,97,116" hai2="79,13,11,128,49,78,33,86,120,30,17,113,89" hai3="32,20,45,48,47,59,130,62,15,12,68,1,132"/><V114/><F120/><W40/><G1/><T88/><D71/><U109/><E36/><V134/><F134/><W56/><G32/><T29/><D133/><U41/><E41/><V74/><F128/><W112/><G132/><T119/><D103/><U105/><E3/><V0/><F0/><W46/><G130/><T34/><D34/><U135/><E66/><V98/><F98/><W106/><G106/><T76/><D88/><U53/><E84/><V9/><F9/><W24/><G68/><T81/><D42/><U118/><E109/><V122/><F122/><W77/><G77/><T38/><D38/><U129/><E115/><N who="2" m="44043" /><F74/><W131/><G131/><T28/><D37/><U52/><E129/><V44/><F33/><W102/><G102/><T22/><D22/><U107/><E135/><V65/><F65/><N who="3" m="39111" /><G112/><T4/><D10/><U95/><E23/><V92/><F30/><N who="3" m="17671" /><G40/><AGARI ba="0,0" hai="11,13,17,40,44,49,78,79,86,89,92" m="44043" machi="40" ten="30,1500,0" yaku="15,1" doraHai="25" who="2" fromWho="3" sc="212,0,389,0,117,15,282,-15" /><INIT seed="6,1,0,3,4,3" ten="212,389,132,267" oya="2" hai0="41,65,40,2,114,59,109,34,104,102,84,112,5" hai1="29,62,83,73,132,49,25,11,99,14,57,51,92" hai2="85,128,6,45,129,36,19,35,8,79,44,82,100" hai3="33,52,135,69,56,21,124,110,63,125,61,23,71"/><V17/><F100/><W93/><G33/><T107/><D109/><U95/><E73/><V20/><F35/><W97/><G110/><T113/><D34/><U67/><E83/><V55/><F55/><W68/><G63/><N who="0" m="38143" /><D84/><U4/><E132/><V10/><F10/><W18/><G135/><T121/><D121/><U72/><E72/><V126/><F126/><N who="3" m="48747" /><G18/><N who="2" m="6665" /><F20/><W26/><G26/><T87/><D87/><U76/><E76/><V130/><F36/><W90/><AGARI ba="1,0" hai="21,23,52,56,61,68,69,71,90,93,97" m="48747" machi="90" ten="40,2700,0" yaku="18,1,54,1" doraHai="3" who="3" fromWho="3" sc="212,-8,389,-8,132,-14,267,30" /><INIT seed="7,0,0,2,2,109" ten="204,381,118,297" oya="3" hai0="29,37,130,61,74,104,111,15,100,26,117,63,46" hai1="57,18,35,120,2,44,134,79,91,39,56,40,76" hai2="22,9,68,31,71,17,67,96,81,87,103,80,77" hai3="50,133,99,45,123,86,42,102,16,119,25,62,1"/><W69/><G119/><T11/><D111/><U14/><E120/><V94/><F31/><W58/><G123/><T49/><D117/><U27/><E2/><V55/><F9/><W83/><G1/><T126/><D74/><U20/><E91/><V5/><F5/><W65/><G133/><T113/><D37/><U85/><E134/><V127/><F127/><W88/><G69/><T12/><D126/><U84/><E84/><V101/><F55/><W10/><G10/><T92/><D104/><U110/><E110/><V118/><F118/><W89/><G89/><T90/><D100/><U53/><E85/><V128/><F128/><W66/><G66/><T78/><D78/><U8/><E35/><V98/><F67/><W121/><G121/><T13/><D11/><U21/><E21/><V124/><F124/><W125/><G125/><T19/><D19/><U7/><E57/><V48/><F48/><AGARI ba="0,0" hai="7,8,14,18,20,27,39,40,44,48,53,56,76,79" machi="48" ten="30,1000,0" yaku="7,1" doraHai="109" who="1" fromWho="2" sc="204,0,381,10,118,-10,297,0" owari="204,-20.0,391,49.0,108,-39.0,297,10.0" /></mjloggm>