<mjloggm ver="2.3"><GO type="169" lobby="0"/><UN n0="%E3%81%BD%E3%82%80%E5%A4%AA%E9%83%8E" n1="%E3%81%8F%E3%81%86%E3%81%9F%E3%82%8D" n2="%E3%82%B5%E3%83%96%E3%82%A2%E3%83%A9%E3%83%89" n3="%E3%83%88%E3%83%88%E3%83%AA%E5%85%88%E7%94%9F%31%39%E6%AD%B3" dan="16,18,16,19" rate="2123.09,2246.41,2086.83,2276.42" sx="F,M,M,F"/><TAIKYOKU oya="0"/><INIT seed="0,0,0,4,0,108" ten="250,250,250,250" oya="0" hai0="121,126,9,85,99,91,62,49,72,52,53,87,55" hai1="11,124,79,71,92,78,21,70,67,96,42,120,50" hai2="107,17,18,56,37,125,134,98,22,84,27,44,109" hai3="75,86,5,123,103,68,51,38,1,3,28,41,118"/><T115/><D121/><U23/><E120/><V131/><F109/><W25/><G123/><T106/><D115/><U12/><E124/><V58/><F125/><W105/><G118/><T4/><D72/><U8/><E67/><V0/><F0/><W35/><G51/><T81/><D126/><U114/><E42/><V74/><F74/><W102/><G86/><T24/><D24/><U61/><E50/><V116/><F116/><W110/><G103/><T20/><D20/><U54/><E54/><V90/><F131/><W133/><G5/><T57/><D106/><U2/><E61/><V6/><F6/><W82/><G133/><T7/><D99/><U46/><E46/><V19/><F134/><W45/><G68/><T127/><D127/><U101/><E2/><V135/><F135/><W36/><G36/><T15/><D4/><U30/><E114/><V47/><F37/><W95/><G95/><N who="0" m="54767" /><D49/><U64/><E71/><V88/><F107/><W73/><G73/><T32/><D32/><U119/><E119/><V59/><F98/><N who="3" m="61655" /><G110/><T130/><D130/><U40/><E11/><V63/><F63/><W128/><G128/><T76/><AGARI ba="0,0" hai="7,9,15,52,53,55,57,62,76,81,87" m="54767" machi="76" ten="30,3000,0" yaku="8,1,54,1" doraHai="108" who="0" fromWho="0" sc="250,30,250,-10,250,-10,250,-10" /><INIT seed="0,1,0,3,1,22" ten="280,240,240,240" oya="0" hai0="12,131,120,98,20,25,48,6,75,72,15,38,106" hai1="119,113,103,62,61,21,114,55,115,46,5,10,96" hai2="74,17,28,91,86,23,63,41,105,73,7,121,101" hai3="93,45,35,64,80,27,76,54,60,0,68,50,133"/><T85/><D38/><U127/><E119/><V77/><F121/><W47/><G0/><T13/><D120/><U71/><E127/><V1/><F28/><W36/><G133/><T87/><D6/><U112/><E71/><V95/><F41/><W129/><G129/><T65/><D131/><U130/><E130/><V8/><F63/><W94/><G35/><T56/><D106/><N who="1" m="63847" /><E21/><V89/><F89/><W116/><G116/><T79/><D98/><U108/><E108/><V4/><F4/><W83/><G27/><T125/><D125/><U99/><E99/><V70/><F70/><W2/><G2/><T82/><D72/><U111/><E111/><V78/><F101/><W58/><G80/><T40/><D65/><U100/><E100/><V67/><F67/><W18/><G18/><T31/><REACH who="0" step="1"/><D56/><REACH who="0" ten="270,240,240,240" step="2"/><U110/><E110/><V24/><F105/><W123/><G123/><T16/><D16/><U19/><E19/><V104/><F104/><W122/><G122/><T84/><D84/><U52/><E115/><V90/><F74/><W44/><REACH who="3" step="1"/><G36/><REACH who="3" ten="270,240,240,230" step="2"/><T51/><D51/><N who="1" m="28791" /><E112/><V134/><F134/><W132/><G132/><T11/><D11/><U128/><E128/><V109/><F109/><W124/><G124/><T49/><D49/><U14/><E62/><V3/><F3/><W107/><G107/><T81/><D81/><U26/><E113/><V102/><F102/><W29/><G29/><T57/><D57/><N who="1" m="35007" /><E114/><V53/><F86/><AGARI ba="1,2" hai="44,45,47,50,54,58,60,64,68,76,83,86,93,94" machi="86" ten="40,1300,0" yaku="1,1,53,0" doraHai="22" doraHaiUra="69" who="3" fromWho="2" sc="270,0,240,0,240,-16,230,36" /><INIT seed="1,0,0,5,5,115" ten="270,240,224,266" oya="1" hai0="43,82,131,135,11,63,24,118,38,56,2,84,116" hai1="0,53,76,16,132,20,65,98,85,47,100,48,119" hai2="94,45,7,108,87,114,67,110,112,81,123,64,60" hai3="72,14,15,71,18,78,70,19,33,104,26,66,68"/><U79/><E132/><V77/><F7/><W44/><G104/><T92/><D38/><U35/><E0/><V57/><F123/><W124/><G124/><T73/><D73/><U29/><E65/><V9/><F9/><W55/><G66/><T4/><D43/><U23/><E35/><V103/><F45/><W37/><G78/><T62/><D62/><U51/><E119/><V59/><F59/><W127/><G72/><T105/><D105/><U17/><E29/><V120/><F120/><W32/><G127/><T21/><D131/><U83/><E79/><V54/><F54/><W102/><G102/><T130/><D92/><N who="1" m="58439" /><E51/><V91/><F103/><W1/><G1/><T58/><D58/><U99/><E99/><V88/><F91/><W106/><G106/><T96/><D96/><U97/><E97/><N who="2" m="57543" /><F67/><W121/><G121/><T61/><D130/><U52/><E53/><V3/><F3/><W90/><G90/><T125/><D61/><U49/><E49/><V109/><AGARI ba="0,0" hai="57,60,64,77,81,87,108,109,110,112,114" m="57543" machi="109" ten="40,2700,0" yaku="14,1,54,1" doraHai="115" who="2" fromWho="2" sc="270,-7,240,-13,224,27,266,-7" /><INIT seed="2,0,0,2,5,131" ten="263,227,251,259" oya="2" hai0="128,14,3,111,90,70,52,68,17,135,116,95,41" hai1="82,12,73,31,34,81,4,108,6,97,85,5,83" hai2="35,110,121,60,43,58,57,101,80,62,126,67,59" hai3="130,129,106,114,48,109,37,122,40,45,100,104,10"/><V102/><F121/><W44/><G122/><T19/><D3/><U36/><E108/><V124/><F35/><W112/><G10/><T30/><D111/><U119/><E119/><V9/><F110/><W92/><G109/><T75/><D30/><U113/><E113/><N who="3" m="43626" /><G92/><T89/><D75/><U21/><E36/><V96/><F9/><W11/><G11/><T50/><D41/><U74/><E85/><V78/><F43/><N who="3" m="22639" /><G100/><T18/><D14/><U107/><E34/><V134/><F134/><W125/><G125/><N who="2" m="48233" /><F102/><W56/><G56/><T120/><D135/><U88/><E107/><AGARI ba="0,0" hai="40,45,48,104,106,107,129,130" m="22639,43626" machi="107" ten="30,1000,0" yaku="11,1" doraHai="131" who="3" fromWho="1" sc="263,0,227,-10,251,0,259,10" /><INIT seed="3,0,0,2,3,108" ten="263,217,251,269" oya="3" hai0="30,97,122,38,46,10,85,88,6,100,123,135,79" hai1="82,121,4,113,12,90,35,110,3,62,51,128,5" hai2="54,86,16,58,115,94,21,9,111,1,17,15,105" hai3="11,39,27,55,14,60,42,44,8,87,95,98,22"/><W56/><G87/><T57/><D135/><U59/><E110/><V69/><F69/><W43/><G14/><T99/><D30/><U24/><E121/><V119/><F105/><W37/><G43/><T126/><D126/><U96/><E128/><V50/><F111/><W81/><G81/><T64/><D79/><U33/><E3/><V112/><F119/><W134/><G37/><T130/><D130/><U13/><E51/><V132/><F132/><W7/><G7/><T2/><D99/><U131/><E131/><V103/><F1/><W67/><G134/><T91/><D91/><U61/><E24/><V20/><F9/><W109/><G109/><T84/><D84/><U125/><E82/><V104/><F104/><W102/><REACH who="3" step="1"/><G55/><REACH who="3" ten="263,217,251,259" step="2"/><T0/><D0/><U117/><E13/><V34/><F86/><W47/><G47/><T92/><D38/><U66/><E12/><V31/><F15/><W36/><G36/><T75/><D46/><U18/><E5/><V63/><F54/><W74/><G74/><T19/><D75/><U120/><E4/><V77/><F77/><W72/><G72/><T83/><REACH who="0" step="1"/><D19/><AGARI ba="0,1" hai="8,11,19,22,27,39,42,44,56,60,67,95,98,102" machi="19" ten="30,2900,0" yaku="1,1,7,1,53,0" doraHai="108" doraHaiUra="80" who="3" fromWho="0" sc="263,-29,217,0,251,0,259,39" /><INIT seed="3,1,0,2,4,103" ten="234,217,251,298" oya="3" hai0="16,99,102,26,7,115,75,120,97,41,3,20,104" hai1="19,9,87,4,45,46,89,34,69,52,38,35,62" hai2="126,127,54,5,68,88,23,72,96,132,131,80,114" hai3="105,116,133,100,48,18,67,39,15,51,0,111,134"/><W73/><G116/><T109/><D120/><U112/><E112/><V71/><F114/><W92/><G73/><T124/><D115/><U29/><E19/><V77/><F131/><W6/><G39/><T43/><D109/><U74/><E74/><V27/><F5/><W47/><G111/><T70/><D75/><U101/><E101/><V1/><F1/><W79/><G79/><T128/><D70/><U12/><E29/><V113/><F113/><W14/><G92/><T25/><D128/><U58/><E69/><V56/><F132/><N who="3" m="50795" /><G67/><T42/><D124/><N who="2" m="47658" /><F54/><N who="3" m="29983" /><G51/><T8/><REACH who="0" step="1"/><D97/><REACH who="0" ten="224,217,251,298" step="2"/><U36/><E36/><V61/><F71/><W107/><G100/><T10/><D10/><U122/><E122/><V21/><F68/><W94/><G94/><T31/><D31/><U76/><E38/><V123/><F123/><W91/><G91/><T63/><D63/><U84/><E76/><V81/><F96/><W93/><G93/><T117/><D117/><U86/><REACH who="1" step="1"/><E89/><REACH who="1" ten="224,207,251,298" step="2"/><V65/><F88/><W17/><G17/><T32/><D32/><AGARI ba="1,2" hai="4,9,12,32,34,35,45,46,52,58,62,84,86,87" machi="32" ten="40,5200,0" yaku="1,1,2,1,54,1,53,0" doraHai="103" doraHaiUra="78" who="1" fromWho="0" sc="224,-55,207,75,251,0,298,0" /><INIT seed="4,0,0,5,3,104" ten="169,282,251,298" oya="0" hai0="63,121,79,78,17,10,73,34,76,9,135,86,124" hai1="91,57,110,53,85,29,98,74,16,125,107,75,54" hai2="87,32,116,14,59,119,81,48,2,39,43,71,51" hai3="22,7,129,84,55,120,26,47,67,96,15,44,77"/><T131/><D121/><U89/><E110/><V122/><F71/><W99/><G120/><T50/><D34/><U25/><E16/><V88/><F2/><W62/><G129/><T18/><D124/><U49/><E125/><V40/><F32/><W33/><G33/><T133/><D131/><U94/><E54/><N who="2" m="32199" /><F122/><W117/><G117/><N who="2" m="45129" /><F39/><W35/><G35/><T70/><D86/><U27/><E107/><V36/><F36/><W106/><G106/><T114/><D114/><U102/><E102/><V97/><F97/><W41/><G55/><T64/><D50/><U123/><E123/><V93/><F93/><W108/><G108/><T80/><D10/><U115/><E115/><V60/><F60/><W95/><G96/><T24/><D24/><U113/><E113/><V46/><F14/><W23/><G26/><T20/><D20/><U109/><E109/><V11/><F11/><N who="3" m="4607" /><G67/><T127/><D127/><U38/><E38/><V130/><F130/><W126/><G62/><T90/><D90/><U61/><E61/><V132/><F132/><N who="0" m="50762" /><D9/><U134/><E134/><V5/><F5/><W19/><G126/><T128/><D128/><U66/><E66/><V4/><F4/><W6/><G6/><T58/><D70/><U112/><E112/><V111/><F111/><W82/><G23/><T56/><D56/><U21/><E27/><V28/><F40/><W69/><G41/><T42/><D42/><U13/><E13/><V103/><F103/><N who="3" m="60927" /><G69/><T100/><D100/><U65/><E65/><V83/><F28/><W68/><G68/><T101/><D101/><U118/><E118/><RYUUKYOKU ba="0,0" sc="169,0,282,0,251,0,298,0" hai0="17,18,58,63,64,73,76,78,79,80" hai1="21,25,29,49,53,57,74,75,85,89,91,94,98" hai2="43,46,51,81,83,87,88" hai3="19,22,44,47,77,82,84" /><INIT seed="4,1,0,4,1,43" ten="169,282,251,298" oya="0" hai0="24,129,52,44,124,37,59,128,103,9,107,127,13" hai1="33,125,56,76,51,119,91,93,92,25,104,118,65" hai2="97,63,117,110,80,50,101,34,88,123,49,6,98" hai3="121,72,15,95,85,42,81,126,26,96,31,79,84"/><T122/><D122/><U29/><E104/><V12/><F110/><W39/><G126/><N who="0" m="48171" /><D24/><U68/><E125/><V22/><F34/><W102/><G121/><T17/><D103/><U2/><E2/><V28/><F123/><W78/><G78/><T10/><D107/><U120/><E120/><V36/><F36/><W111/><G111/><T46/><D10/><U0/><E0/><V32/><F32/><W38/><G15/><T45/><D37/><U11/><E11/><N who="2" m="4215" /><F63/><AGARI ba="1,0" hai="9,13,17,44,45,46,52,59,63,128,129" m="48171" machi="63" ten="30,12000,1" yaku="18,1,52,3,54,1" doraHai="43" who="0" fromWho="2" sc="169,123,282,0,251,-123,298,0" /><INIT seed="4,2,0,4,0,12" ten="292,282,128,298" oya="0" hai0="39,14,123,52,80,55,84,27,30,94,129,44,97" hai1="46,114,79,18,50,15,3,65,22,118,109,2,38" hai2="43,77,66,111,102,41,62,93,83,17,21,51,106" hai3="128,133,119,19,64,103,4,1,115,89,134,85,127"/><T24/><D123/><U31/><E118/><V73/><F111/><W57/><G119/><T135/><D129/><U72/><E109/><V95/><F106/><W125/><G115/><T26/><D135/><N who="3" m="51721" /><G103/><N who="0" m="60855" /><D39/><U10/><E38/><V40/><F51/><W130/><G4/><T117/><D117/><U78/><E65/><V42/><N who="2" m="10240" /><DORA hai="53" /><V100/><F100/><W36/><G1/><T32/><D32/><U71/><E71/><V34/><F34/><W54/><G64/><T45/><D30/><U131/><E131/><N who="3" m="50218" /><G19/><T13/><D55/><U91/><E18/><V104/><F104/><W122/><G122/><T7/><D7/><U61/><E3/><V96/><F93/><N who="3" m="54447" /><G36/><T11/><D11/><U82/><E10/><V110/><F110/><W23/><G23/><T98/><D44/><U112/><E46/><V75/><F66/><W67/><G67/><T132/><D132/><U105/><E22/><V58/><F62/><AGARI ba="2,0" hai="54,57,62,125,127" m="54447,50218,51721" machi="62" ten="30,8000,1" yaku="30,2,20,1,19,1,52,1" doraHai="12,53" who="3" fromWho="2" sc="292,0,282,0,128,-86,298,86" /><INIT seed="5,0,0,3,4,124" ten="292,282,42,384" oya="1" hai0="41,57,3,54,15,27,94,48,32,85,99,30,5" hai1="11,104,35,69,39,56,106,7,70,36,97,37,34" hai2="12,129,132,107,112,46,6,62,29,23,76,117,55" hai3="9,44,28,72,50,135,95,118,8,82,119,81,22"/><U89/><E56/><V120/><F117/><N who="3" m="44555" /><G135/><T60/><D85/><U63/><E89/><V17/><F120/><W33/><G33/><N who="1" m="12298" /><E63/><V64/><F132/><W26/><G95/><T40/><D60/><U65/><E65/><V42/><F107/><N who="1" m="41001" /><E97/><V84/><F112/><W98/><G98/><T31/><D31/><U71/><E11/><N who="3" m="4170" /><G72/><T133/><D133/><U111/><E7/><V128/><F6/><W101/><G101/><T47/><D3/><U130/><E130/><N who="2" m="50283" /><F29/><W88/><G88/><T109/><D5/><U20/><E20/><V105/><F105/><W126/><G126/><T108/><D109/><AGARI ba="0,0" hai="36,37,39,69,70,71,109,111" m="41001,12298" machi="109" ten="50,18000,2" yaku="28,2,26,2,31,2" doraHai="124" who="1" fromWho="0" sc="292,-180,282,180,42,0,384,0" /><INIT seed="5,1,0,3,3,114" ten="112,462,42,384" oya="1" hai0="122,1,124,70,72,3,27,79,38,73,108,94,16" hai1="35,129,39,60,40,119,126,69,6,31,0,76,41" hai2="130,83,46,10,99,125,103,121,47,75,33,91,132" hai3="9,88,49,29,34,14,116,25,52,85,12,67,57"/><U118/><E76/><V13/><F121/><W97/><G116/><T62/><D108/><U87/><E87/><V84/><F33/><W105/><G67/><N who="0" m="41335" /><D16/><U135/><E40/><V100/><F125/><W56/><G56/><T55/><D94/><U115/><E115/><V50/><F130/><W43/><G43/><T95/><D95/><U92/><E92/><V111/><F132/><W133/><G133/><T17/><D17/><U102/><E102/><V61/><F111/><W98/><G105/><T104/><D55/><U66/><E135/><V32/><F32/><W64/><G64/><T5/><D104/><U68/><E68/><V112/><F112/><W59/><G59/><T81/><D124/><U11/><E129/><V36/><F75/><W93/><REACH who="3" step="1"/><G14/><REACH who="3" ten="112,462,42,374" step="2"/><T48/><D122/><U44/><E126/><V80/><F13/><W109/><G109/><T8/><D3/><U120/><E120/><V4/><F36/><W82/><G82/><T21/><D38/><U2/><E0/><V15/><F80/><W51/><G51/><T19/><D73/><U123/><E123/><V107/><F61/><W128/><G128/><T134/><D134/><U28/><E28/><V65/><F65/><W30/><G30/><T110/><D110/><U26/><AGARI ba="1,1" hai="2,6,11,26,31,35,39,41,44,60,66,69,118,119" machi="26" ten="30,12000,1" yaku="0,1,23,2,52,2" doraHai="114" who="1" fromWho="1" sc="112,-41,462,133,42,-41,374,-41" /><INIT seed="5,2,0,5,0,35" ten="71,595,1,333" oya="1" hai0="89,48,110,131,95,23,22,1,123,19,117,97,64" hai1="99,37,82,14,42,40,78,100,29,3,86,119,106" hai2="125,111,69,5,114,129,39,124,31,80,50,134,58" hai3="135,41,90,121,65,113,30,43,77,130,74,87,60"/><U38/><E119/><V28/><F111/><W73/><G121/><T17/><D1/><U2/><E29/><V47/><F39/><W79/><G30/><T85/><D110/><U107/><E107/><V120/><F120/><W71/><G77/><T10/><D117/><U63/><E14/><V68/><F129/><W104/><G104/><T112/><D10/><U9/><E9/><V128/><F128/><W84/><G84/><T7/><D7/><U33/><E33/><V27/><F134/><W101/><G101/><N who="0" m="60607" /><D64/><U16/><E16/><N who="0" m="6217" /><D112/><U56/><E38/><V11/><F114/><W59/><G130/><T76/><D76/><U24/><E24/><V53/><F80/><W118/><G118/><T133/><D133/><U122/><E122/><V57/><F69/><W55/><G135/><T81/><D131/><U67/><REACH who="1" step="1"/><E37/><REACH who="1" ten="71,585,1,333" step="2"/><V61/><F31/><W21/><G113/><T83/><D123/><U8/><E8/><V98/><F27/><W91/><G21/><T108/><D22/><U54/><E54/><V75/><F28/><W66/><G55/><T102/><D23/><U132/><E132/><V0/><F75/><W34/><G34/><T26/><D26/><U70/><E70/><V13/><F13/><W127/><G74/><T36/><D36/><U103/><E103/><V44/><F68/><W62/><G73/><T20/><D102/><U115/><E115/><V96/><F44/><W32/><G32/><T25/><D20/><U94/><E94/><V92/><F92/><W126/><G71/><T88/><D25/><U52/><E52/><N who="2" m="33991" /><F47/><W15/><G15/><RYUUKYOKU ba="2,1" sc="71,-15,585,15,1,15,333,-15" hai1="2,3,40,42,56,63,67,78,82,86,99,100,106" hai2="0,5,11,50,53,57,96,98,124,125" /><INIT seed="5,3,1,0,2,76" ten="56,600,16,318" oya="1" hai0="32,98,11,30,25,80,41,79,86,13,42,127,90" hai1="56,100,1,65,117,92,94,17,34,118,99,132,135" hai2="7,97,8,60,57,133,109,15,35,104,6,66,31" hai3="89,126,85,87,119,116,82,14,130,95,134,49,121"/><U122/><E1/><V29/><F109/><W24/><G121/><T9/><D127/><U58/><E34/><V129/><F133/><N who="1" m="51273" /><E122/><V112/><F129/><W63/><G134/><T106/><D11/><U16/><E94/><V0/><F112/><W20/><G126/><T38/><D38/><U46/><E46/><V4/><F0/><W120/><G120/><T64/><D64/><U67/><E67/><V5/><REACH who="2" step="1"/><F35/><REACH who="2" ten="56,600,6,318" step="2"/><W27/><G130/><T48/><D32/><U84/><E118/><V124/><F124/><W110/><G110/><T62/><D106/><U61/><E117/><V107/><F107/><W47/><G119/><T10/><D10/><U83/><E56/><V114/><F114/><W78/><G116/><T123/><D123/><U128/><E128/><V22/><F22/><W73/><G20/><T3/><D9/><U70/><E70/><V19/><F19/><W33/><G33/><T55/><D3/><U131/><E131/><V59/><F59/><W108/><G108/><T52/><D30/><U113/><E113/><V125/><F125/><W50/><G47/><N who="0" m="28063" /><D25/><U39/><E39/><V77/><F77/><AGARI ba="3,2" hai="16,17,58,61,65,77,83,84,92,99,100" m="51273" machi="77" ten="30,5800,0" yaku="20,1,52,1,54,1" doraHai="76" who="1" fromWho="2" sc="56,0,600,87,6,-67,318,0" owari="56,-34.0,687,78.0,-61,-56.0,318,12.0" /></mjloggm>