<mjloggm ver="2.3"><GO type="169" lobby="0"/><UN n0="%7A%65%52%6F" n1="%E3%83%88%E3%83%88%E3%83%AA%E5%85%88%E7%94%9F%31%39%E6%AD%B3" n2="%6D%6F%6C%74%73" n3="%E5%B0%8F%E6%89%8B%E8%BF%94%E6%92%B2%E6%BB%85%E4%BC%9A%E9%95%B7" dan="19,19,16,16" rate="2262.28,2335.90,2018.91,2129.96" sx="M,F,M,F"/><TAIKYOKU oya="0"/><INIT seed="0,0,0,1,0,93" ten="250,250,250,250" oya="0" hai0="112,115,57,34,60,33,12,124,103,55,98,54,41" hai1="40,74,84,64,39,132,135,101,97,26,65,30,130" hai2="49,127,86,72,14,10,38,83,82,37,9,68,62" hai3="47,56,23,52,67,36,129,134,114,106,125,7,76"/><T3/><D3/><U53/><E74/><V8/><F127/><W123/><G114/><T19/><D124/><U109/><E109/><V31/><F31/><W63/><G125/><T113/><D54/><U44/><E53/><V71/><F14/><W100/><G134/><N who="1" m="51242" /><E84/><V6/><F6/><W27/><G129/><T105/><REACH who="0" step="1"/><D41/><REACH who="0" ten="240,250,250,250" step="2"/><U81/><E130/><V22/><F68/><W13/><G52/><T89/><D89/><U77/><E77/><V50/><F71/><W104/><G76/><T45/><D45/><U111/><E111/><V15/><F38/><W79/><G47/><T120/><D120/><U73/><E44/><V131/><F37/><W117/><G36/><T87/><D87/><U66/><E40/><V24/><F131/><W85/><G123/><T69/><D69/><U43/><E43/><V2/><F2/><W46/><G46/><T16/><D16/><U20/><E39/><V51/><F86/><W95/><G79/><T29/><D29/><U133/><E133/><V88/><F88/><W118/><G85/><T121/><D121/><U4/><E4/><V70/><F72/><W5/><G5/><T107/><D107/><N who="1" m="63919" /><E73/><V80/><F70/><W58/><G7/><T48/><D48/><U102/><E66/><V28/><F62/><W92/><G63/><T78/><D78/><U0/><E0/><V17/><AGARI ba="0,1" hai="8,9,10,15,17,22,24,28,49,50,51,80,82,83" machi="17" ten="30,2000,0" yaku="0,1,8,1" doraHai="93" who="2" fromWho="2" sc="240,-10,250,-5,250,30,250,-5" /><INIT seed="1,0,0,1,4,104" ten="230,245,280,245" oya="1" hai0="77,39,14,42,128,27,116,8,93,111,18,51,38" hai1="21,3,126,34,122,67,72,71,35,64,32,17,75" hai2="33,108,80,106,5,37,48,86,125,54,50,69,132" hai3="7,98,0,100,115,63,24,109,12,57,11,61,58"/><U92/><E122/><V134/><F33/><W97/><G109/><T113/><D113/><U112/><E112/><V70/><F37/><W20/><G115/><T99/><D116/><U124/><E3/><V131/><F106/><W1/><G1/><T43/><D111/><U129/><E129/><V26/><F26/><W16/><G0/><T19/><D128/><U81/><E92/><V66/><F131/><W73/><G73/><T95/><D77/><U96/><E96/><V83/><F50/><W49/><G49/><T74/><D74/><N who="1" m="28203" /><E81/><V110/><F83/><W30/><G7/><T123/><D123/><U22/><E17/><V10/><F66/><N who="1" m="25129" /><E71/><V120/><F70/><W53/><REACH who="3" step="1"/><G100/><REACH who="3" ten="230,245,280,235" step="2"/><T118/><D39/><U78/><E78/><V76/><F110/><W85/><G85/><T94/><D38/><U114/><E114/><V25/><F108/><W117/><G117/><T90/><D118/><U2/><E2/><V55/><F86/><W62/><G62/><T102/><D51/><U119/><E119/><V60/><F48/><W59/><G59/><T68/><D68/><U45/><E45/><V103/><F60/><W135/><G135/><T107/><D90/><U23/><AGARI ba="0,1" hai="21,22,23,32,34,35,124,126" m="25129,28203" machi="23" ten="50,12000,1" yaku="28,2,52,3" doraHai="104" who="1" fromWho="1" sc="230,-40,245,130,280,-40,235,-40" /><INIT seed="1,1,0,4,0,35" ten="190,375,240,195" oya="1" hai0="55,54,106,2,61,36,16,20,32,112,26,63,122" hai1="19,127,5,14,123,38,45,56,83,114,43,128,80" hai2="115,27,104,9,76,118,133,86,111,89,52,120,73" hai3="74,134,0,131,75,44,99,91,84,53,121,98,11"/><U102/><E114/><V129/><F115/><W25/><G121/><T29/><D106/><U4/><E123/><V15/><F118/><W130/><G134/><T79/><D112/><U33/><E33/><V37/><F104/><W64/><G64/><T117/><D117/><U39/><E39/><V82/><F37/><W135/><G135/><T58/><D36/><U13/><E128/><N who="3" m="49194" /><G25/><T57/><D122/><U59/><E127/><V1/><F133/><W69/><G69/><T66/><D79/><U113/><E102/><V93/><F120/><W18/><G18/><T49/><D2/><U68/><E68/><V95/><F27/><W42/><G53/><T7/><D7/><U109/><E113/><V47/><F129/><W17/><G17/><T81/><D81/><U132/><E132/><V6/><F111/><W108/><G108/><T103/><D103/><U40/><E38/><V101/><F101/><W96/><G44/><T8/><D32/><U22/><E19/><V10/><F10/><W125/><G42/><T119/><D119/><U105/><E105/><V88/><F47/><W3/><G11/><T85/><D85/><U21/><REACH who="1" step="1"/><E45/><REACH who="1" ten="190,365,240,195" step="2"/><V97/><REACH who="2" step="1"/><F52/><REACH who="2" ten="190,365,230,195" step="2"/><W31/><G125/><T62/><D55/><U24/><E24/><V100/><F100/><W23/><G31/><T124/><D124/><U41/><E41/><V107/><F107/><W34/><G34/><T94/><D29/><U50/><E50/><V72/><F72/><N who="3" m="27691" /><G23/><T71/><D54/><U116/><E116/><V90/><F90/><W28/><G28/><T48/><D20/><U67/><E67/><RYUUKYOKU ba="1,2" sc="190,-30,365,10,230,10,195,10" hai1="4,5,13,14,21,22,40,43,56,59,80,83,109" hai2="1,6,9,15,73,76,82,86,88,89,93,95,97" hai3="0,3,84,91,96,98,99" /><INIT seed="1,2,2,0,2,73" ten="160,375,240,205" oya="1" hai0="105,101,72,66,81,0,94,45,43,111,131,33,28" hai1="16,133,22,120,124,79,102,19,14,26,130,107,11" hai2="117,110,9,135,92,52,109,15,99,97,42,24,12" hai3="36,54,44,39,125,123,48,88,84,69,85,58,121"/><U114/><E114/><V6/><F117/><W41/><G69/><T13/><D0/><U21/><E120/><V78/><F42/><W57/><G125/><T34/><D105/><U103/><E124/><V68/><F68/><W47/><G85/><T70/><D111/><U71/><E71/><V35/><F135/><W53/><G84/><T4/><D131/><U86/><E130/><V23/><F35/><W51/><G88/><T132/><D132/><U40/><E133/><V96/><F15/><W128/><G128/><T37/><D66/><U127/><E107/><V64/><F64/><W10/><G10/><T116/><D116/><U38/><E127/><V55/><F92/><W29/><G29/><T90/><D101/><U67/><E67/><V122/><F122/><W18/><G18/><T20/><D28/><N who="1" m="17487" /><E40/><AGARI ba="2,2" hai="36,39,40,41,44,47,48,51,53,54,57,58,121,123" machi="40" ten="40,12000,2" yaku="32,3,34,3" doraHai="73" who="3" fromWho="1" sc="160,0,375,-126,240,0,205,146" /><INIT seed="2,0,0,2,3,79" ten="160,249,240,351" oya="2" hai0="39,28,81,77,111,101,117,76,85,61,17,88,93" hai1="8,46,63,18,133,55,104,84,48,70,26,51,114" hai2="56,124,102,116,60,89,24,20,135,62,90,12,33" hai3="103,4,3,128,40,14,97,129,118,47,58,66,99"/><V98/><F116/><W119/><G3/><T6/><D39/><U50/><E114/><V64/><F124/><W134/><G4/><T100/><D117/><U127/><E104/><V16/><F135/><W2/><G2/><T31/><D6/><U80/><E133/><V115/><F115/><W21/><G66/><T11/><D111/><U23/><E127/><V37/><F37/><W94/><G58/><T30/><D61/><U86/><E86/><V32/><F32/><W22/><G134/><T41/><D41/><U25/><E25/><V112/><F112/><W96/><G103/><N who="0" m="39499" /><D93/><U29/><E70/><V10/><F60/><W78/><G94/><T54/><D54/><U131/><E131/><V120/><F120/><W67/><G67/><T45/><D45/><U7/><E63/><V27/><F33/><W38/><G118/><T126/><D126/><U105/><E105/><V44/><F44/><W35/><G35/><T73/><D73/><U83/><E29/><N who="0" m="7425" /><T132/><DORA hai="69" /><D132/><U53/><E53/><V106/><REACH who="2" step="1"/><F27/><REACH who="2" ten="160,249,230,351" step="2"/><W82/><G119/><T107/><D107/><U74/><E46/><V0/><F0/><W91/><G47/><T13/><AGARI ba="0,1" hai="11,13,17,76,77,81,85,88" m="7425,39499" machi="13" ten="40,5200,0" yaku="8,1,52,1,54,1" doraHai="79,69" who="0" fromWho="0" sc="160,62,249,-13,230,-26,351,-13" /><INIT seed="3,0,0,3,3,107" ten="222,236,204,338" oya="3" hai0="127,110,74,99,104,118,135,131,45,32,112,113,116" hai1="59,82,44,65,47,10,16,98,31,108,39,101,40" hai2="95,120,85,5,103,58,125,12,114,70,17,14,115" hai3="92,109,38,100,69,80,46,64,78,134,56,66,2"/><W36/><G134/><T73/><D135/><U27/><E108/><V1/><F70/><W89/><G100/><N who="0" m="62495" /><D45/><U55/><E65/><V96/><F125/><W9/><G38/><T91/><D32/><U106/><E47/><V122/><F58/><W79/><G56/><T24/><D24/><U11/><E82/><V22/><F85/><W97/><G69/><T43/><D43/><U37/><E39/><V76/><F76/><W119/><G119/><N who="0" m="45611" /><D110/><U23/><REACH who="1" step="1"/><E31/><REACH who="1" ten="222,226,204,338" step="2"/><V67/><F67/><W102/><G109/><T25/><D127/><U105/><E105/><V0/><F115/><N who="0" m="44106" /><D131/><U88/><E88/><V30/><F114/><W121/><G46/><T130/><D130/><U90/><E90/><V33/><F30/><W8/><G36/><T93/><D25/><U60/><AGARI ba="0,1" hai="10,11,16,23,27,37,40,44,55,59,60,98,101,106" machi="60" ten="20,5200,0" yaku="1,1,0,1,7,1,54,1,53,0" doraHai="107" doraHaiUra="87" who="1" fromWho="1" sc="222,-13,226,62,204,-13,338,-26" /><INIT seed="4,0,0,2,4,33" ten="209,288,191,312" oya="0" hai0="34,49,66,96,25,134,24,92,115,119,42,32,4" hai1="133,98,21,80,27,28,6,14,2,56,100,81,68" hai2="29,69,41,23,103,57,50,71,87,44,88,59,131" hai3="1,94,117,8,45,51,101,11,114,77,108,102,130"/><T99/><D119/><U30/><E68/><V89/><F131/><W52/><G108/><T97/><D115/><U53/><E133/><V54/><F103/><W84/><G114/><T70/><D134/><U20/><E2/><V15/><F59/><W61/><G130/><T132/><D132/><U39/><E39/><V118/><F118/><W107/><G107/><T31/><D4/><U17/><E6/><V58/><F58/><N who="3" m="35015" /><G1/><T121/><D121/><U111/><E30/><V75/><F75/><W60/><G60/><T72/><D72/><U91/><E91/><V76/><F76/><W38/><G38/><T7/><D7/><U64/><E111/><V112/><F89/><N who="3" m="53543" /><G77/><T85/><D85/><U120/><E120/><V35/><F35/><W47/><G47/><N who="0" m="25847" /><D66/><U90/><E90/><V3/><F3/><W124/><G124/><T13/><D70/><U127/><E127/><V48/><F112/><W128/><G128/><T109/><D109/><U123/><E123/><V73/><F73/><W125/><G125/><T126/><D126/><U37/><E37/><V104/><F104/><W82/><G82/><T135/><D135/><U46/><E46/><V63/><F63/><W86/><G86/><T74/><D74/><U16/><E64/><V67/><F67/><W129/><G117/><T105/><D105/><N who="1" m="63639" /><E53/><V26/><REACH who="2" step="1"/><F15/><REACH who="2" ten="209,288,181,312" step="2"/><W36/><G129/><T10/><D32/><N who="1" m="20511" /><E56/><V106/><F106/><W83/><G102/><N who="0" m="60679" /><D25/><U43/><E14/><V55/><F55/><N who="3" m="30191" /><G101/><T95/><D95/><AGARI ba="0,1" hai="23,26,29,41,44,48,50,54,57,69,71,87,88,95" machi="95" ten="30,3900,0" yaku="1,1,7,1,54,1,53,0" doraHai="33" doraHaiUra="12" who="2" fromWho="0" sc="209,-39,288,0,181,49,312,0" /><INIT seed="5,0,0,0,0,86" ten="170,288,230,312" oya="1" hai0="8,53,37,45,116,52,15,44,88,29,83,36,54" hai1="27,129,23,3,6,32,117,131,90,24,21,28,12" hai2="95,91,97,109,17,50,108,124,46,76,60,47,19" hai3="73,51,80,87,84,134,96,92,39,128,0,118,18"/><U82/><E117/><V123/><F123/><W33/><G39/><T77/><D116/><U55/><E55/><V30/><F30/><W135/><G0/><T59/><D37/><U48/><E48/><V20/><F19/><W98/><G33/><T43/><D44/><U41/><E41/><V56/><F76/><N who="3" m="44047" /><G118/><T16/><D29/><N who="1" m="17567" /><E82/><V2/><F2/><W65/><G65/><T14/><D14/><U57/><E57/><V64/><F47/><W99/><G18/><T42/><D42/><U102/><E102/><V106/><F106/><W1/><G1/><T126/><D126/><U69/><E90/><V120/><F124/><W112/><G51/><T9/><D88/><U121/><E69/><V4/><F4/><W10/><G10/><T89/><D89/><U38/><E38/><V103/><F103/><W22/><G22/><T105/><D105/><U40/><E40/><V115/><F120/><W132/><G92/><T127/><D127/><U67/><E67/><V75/><F75/><W107/><G107/><T114/><D114/><U74/><E74/><V13/><F115/><W119/><G119/><T81/><D9/><N who="1" m="2271" /><E121/><V122/><F122/><W62/><G112/><T61/><REACH who="0" step="1"/><D77/><REACH who="0" ten="160,288,230,312" step="2"/><U5/><E5/><V104/><F104/><W25/><G135/><T85/><D85/><U26/><E12/><V111/><F108/><W63/><G84/><T94/><D94/><U11/><E11/><V7/><F7/><W49/><G87/><T113/><D113/><U93/><E93/><V35/><F35/><W31/><G134/><T68/><D68/><U101/><E101/><RYUUKYOKU ba="0,1" sc="160,10,288,10,230,10,312,-30" hai0="8,15,16,36,43,45,52,53,54,59,61,81,83" hai1="21,26,27,28,32,129,131" hai2="13,17,20,46,50,56,60,64,91,95,97,109,111" /><INIT seed="5,1,1,2,1,3" ten="170,298,240,282" oya="1" hai0="79,41,129,84,111,7,59,58,29,74,30,77,54" hai1="85,87,88,124,40,32,133,65,97,64,27,101,108" hai2="56,112,131,120,47,76,60,38,104,92,42,25,31" hai3="12,121,67,122,68,18,105,69,71,78,119,110,9"/><U10/><E133/><V62/><F120/><W96/><G110/><T83/><D111/><U4/><E108/><V135/><F135/><W103/><G119/><T75/><D129/><U45/><E124/><V107/><F131/><W99/><G78/><T128/><D128/><U134/><E134/><V51/><F38/><W82/><G82/><T81/><D41/><U102/><E32/><V21/><F76/><W13/><G67/><T35/><D35/><U2/><E27/><V52/><F112/><W0/><G0/><T1/><D84/><U89/><E87/><V37/><REACH who="2" step="1"/><F92/><REACH who="2" ten="170,298,230,282" step="2"/><W33/><G122/><T8/><REACH who="0" step="1"/><D59/><REACH who="0" ten="160,298,230,282" step="2"/><U93/><E45/><V90/><F90/><W44/><G44/><T14/><D14/><U117/><E89/><V118/><F118/><W70/><G70/><T116/><D116/><U57/><E117/><V114/><F114/><W49/><G13/><T86/><D86/><U39/><E57/><V115/><F115/><W91/><G121/><T130/><D130/><U6/><E85/><V127/><F127/><W72/><G69/><T132/><D132/><U24/><E88/><V63/><AGARI ba="1,3" hai="21,25,31,37,42,47,51,52,56,60,62,63,104,107" machi="63" ten="30,4000,0" yaku="1,1,0,1,54,1,53,0" doraHai="3" doraHaiUra="98" who="2" fromWho="2" sc="160,-11,298,-21,230,73,282,-11" /><INIT seed="6,0,0,0,1,36" ten="149,277,303,271" oya="2" hai0="76,48,64,19,126,1,58,81,128,37,112,72,70" hai1="85,109,7,65,104,95,99,68,46,116,71,98,56" hai2="118,14,130,115,26,28,6,131,31,47,134,57,123" hai3="105,101,110,34,49,87,33,88,66,103,79,18,20"/><V80/><F123/><W21/><G110/><T97/><D37/><U111/><E116/><V4/><F118/><W39/><G39/><T13/><D1/><U41/><E56/><V96/><F57/><W108/><G108/><T23/><D112/><U93/><E104/><V52/><F96/><W53/><G105/><T3/><D3/><U121/><E121/><V127/><F115/><W122/><G34/><T69/><D126/><U62/><E85/><V22/><F127/><W107/><G33/><T29/><D128/><N who="2" m="49194" /><F31/><W2/><G2/><T51/><D29/><U125/><E125/><V11/><F80/><N who="3" m="47519" /><G107/><T84/><D72/><U0/><E71/><V67/><F67/><W73/><G73/><T50/><REACH who="0" step="1"/><D97/><REACH who="0" ten="139,277,303,271" step="2"/><U100/><E0/><V61/><F134/><W24/><G122/><T89/><D89/><U113/><E113/><V102/><F102/><W12/><G88/><T74/><D74/><U16/><E111/><V124/><F124/><W132/><G132/><T135/><D135/><U92/><E109/><V86/><F86/><W55/><G103/><T83/><D83/><U40/><E99/><V129/><F129/><W45/><G101/><T5/><D5/><U90/><E7/><V114/><F4/><W59/><G66/><T91/><D91/><U25/><E100/><V117/><F114/><W94/><G94/><T133/><D133/><U54/><E92/><V15/><F117/><W42/><G59/><T32/><D32/><U106/><E93/><V8/><F6/><W27/><G27/><T120/><D120/><U9/><E106/><V35/><F35/><RYUUKYOKU ba="0,1" sc="139,15,277,-15,303,-15,271,15" hai0="13,19,23,48,50,51,58,64,69,70,76,81,84" hai3="12,18,20,21,24,42,45,49,53,55" /><INIT seed="7,1,1,5,1,121" ten="154,262,288,286" oya="3" hai0="43,65,18,125,123,107,16,4,118,130,83,128,92" hai1="28,26,114,101,38,59,27,106,33,8,126,30,47" hai2="87,109,66,127,133,100,82,11,44,29,94,57,98" hai3="119,61,88,75,2,42,36,117,86,102,37,124,39"/><W67/><G75/><T91/><D118/><U32/><E114/><V6/><F109/><W10/><G124/><T96/><D123/><U80/><E126/><V17/><F133/><W115/><G115/><T40/><D125/><U0/><E59/><V14/><F29/><W24/><G24/><T99/><D4/><U68/><E68/><V23/><F127/><W116/><G102/><N who="0" m="62943" /><D65/><U78/><E101/><V73/><F73/><W49/><G49/><T122/><D83/><U105/><E0/><V53/><F66/><W112/><G112/><T79/><D79/><U52/><E8/><V134/><F134/><W72/><G72/><T55/><D55/><U132/><E132/><V111/><F111/><W22/><G22/><T85/><D85/><U34/><E34/><V51/><F57/><W1/><G42/><N who="0" m="15915" /><D122/><U69/><E69/><V19/><F23/><W70/><REACH who="3" step="1"/><G10/><REACH who="3" ten="154,262,288,276" step="2"/><T64/><D64/><U13/><E27/><V25/><F25/><W89/><G89/><AGARI ba="1,2" hai="6,11,14,17,19,44,51,53,82,87,89,94,98,100" machi="89" ten="30,2000,0" yaku="7,1,8,1" doraHai="121" who="2" fromWho="3" sc="154,0,262,0,288,43,276,-23" owari="154,-35.0,262,6.0,331,44.0,253,-15.0" /></mjloggm>