<mjloggm ver="2.3"><GO type="169" lobby="0"/><UN n0="%62%61%6B%61%73%65" n1="%E4%BA%94%E3%81%B2%E3%82%83%E3%81%90%E3%81%88%E3%82%93" n2="%E3%82%A6%E3%83%AB%E3%83%88%E3%83%A9%E7%AB%8B%E7%9B%B4" n3="%E9%95%B7%E5%85%89%E9%BA%BB%E5%A4%9C" dan="19,16,18,16" rate="2312.78,2104.57,2252.52,2090.23" sx="F,M,M,M"/><TAIKYOKU oya="0"/><INIT seed="0,0,0,2,3,77" ten="250,250,250,250" oya="0" hai0="28,58,36,54,44,55,125,123,107,31,85,93,92" hai1="132,4,37,51,131,68,23,94,5,15,113,130,115" hai2="102,98,76,79,61,105,97,62,118,17,121,112,67" hai3="12,122,13,7,135,64,116,2,3,96,83,89,39"/><T72/><D72/><U129/><E37/><V128/><F121/><W126/><G39/><T74/><D74/><U120/><E68/><V34/><F112/><N who="1" m="43081" /><E94/><V27/><F128/><W78/><G122/><T8/><D107/><U18/><E51/><V90/><F118/><W81/><G116/><T30/><D125/><U42/><E42/><V6/><F6/><N who="1" m="2665" /><E120/><V84/><F97/><W119/><G119/><T127/><D127/><U20/><E132/><V0/><F62/><W100/><G126/><T26/><D123/><U43/><E43/><V53/><F53/><W59/><G7/><T22/><D36/><U46/><E46/><V133/><F133/><W56/><G135/><T40/><D40/><U25/><E25/><V103/><F103/><W33/><G89/><N who="0" m="53295" /><D93/><U21/><AGARI ba="0,0" hai="15,18,20,21,23,129,130,131" m="2665,43081" machi="21" ten="40,8000,1" yaku="19,1,11,1,34,2" doraHai="77" who="1" fromWho="1" sc="250,-40,250,80,250,-20,250,-20" /><INIT seed="1,0,0,3,5,76" ten="210,330,230,230" oya="1" hai0="19,133,63,16,38,13,10,80,4,43,86,25,17" hai1="92,50,42,33,130,1,28,93,61,15,98,129,58" hai2="22,27,75,69,67,94,74,11,56,97,51,34,109" hai3="110,111,84,5,62,118,8,114,7,64,26,35,72"/><U12/><E1/><V53/><F34/><W122/><G72/><T55/><D133/><U9/><E15/><V0/><F109/><N who="3" m="41483" /><G122/><T31/><D38/><U40/><E28/><V71/><F71/><W125/><G118/><T68/><D43/><U102/><E33/><V21/><F21/><W44/><G114/><T132/><D132/><U73/><E73/><V36/><F36/><W81/><G125/><T126/><D126/><U39/><E39/><V18/><F67/><W119/><G44/><T41/><D41/><U52/><E93/><V96/><F69/><N who="3" m="42135" /><G119/><T78/><D68/><U123/><E123/><V85/><F97/><W131/><G131/><N who="1" m="50186" /><E61/><V101/><REACH who="2" step="1"/><F85/><REACH who="2" ten="210,330,220,230" step="2"/><W112/><G112/><T82/><D63/><U3/><E3/><V90/><F90/><N who="3" m="51471" /><G8/><T88/><D55/><U120/><E120/><V116/><F116/><W108/><G108/><T103/><D103/><U91/><E102/><V135/><F135/><W121/><G121/><T77/><REACH who="0" step="1"/><D82/><REACH who="0" ten="200,330,220,230" step="2"/><U32/><E32/><AGARI ba="0,2" hai="4,10,13,16,17,19,25,31,32,77,78,80,86,88" machi="32" ten="40,8000,1" yaku="1,1,2,1,52,1,54,2,53,0" doraHai="76" doraHaiUra="49" who="0" fromWho="1" sc="200,100,330,-80,220,0,230,0" /><INIT seed="2,0,0,3,1,60" ten="300,250,220,230" oya="2" hai0="66,63,13,130,12,131,93,6,95,104,135,90,81" hai1="15,120,126,134,88,73,10,39,80,3,1,79,69" hai2="26,117,91,71,43,100,123,46,17,127,23,51,57" hai3="47,97,24,35,109,27,129,2,44,16,102,128,85"/><V106/><F117/><W34/><G2/><T119/><D104/><U53/><E69/><V114/><F114/><W54/><G85/><T110/><D119/><U92/><E39/><V96/><F123/><W14/><G109/><T8/><D110/><U5/><E134/><V30/><F71/><W98/><G54/><T37/><D37/><U40/><E126/><V122/><F122/><W7/><G7/><T56/><D135/><U21/><E40/><V55/><F127/><W64/><G102/><T70/><D70/><U33/><E33/><V32/><F91/><W87/><G87/><N who="0" m="50543" /><D13/><U75/><E75/><V72/><F72/><W78/><G78/><T50/><D50/><U61/><E21/><V94/><F106/><W115/><G115/><T62/><D62/><U20/><E20/><V113/><F113/><W132/><G132/><T38/><D38/><U83/><E83/><V11/><F11/><W124/><G124/><T111/><D111/><U4/><E4/><V9/><F9/><W82/><G82/><T105/><D105/><U41/><E41/><V18/><REACH who="2" step="1"/><F32/><REACH who="2" ten="300,250,210,230" step="2"/><W25/><G35/><T112/><D112/><U86/><E120/><V133/><F133/><W77/><G34/><T65/><D8/><U29/><E73/><V74/><F74/><W67/><G77/><T36/><D131/><U103/><E79/><V19/><F19/><W76/><G76/><T0/><D130/><N who="3" m="50281" /><G16/><T108/><D108/><U101/><E10/><V118/><F118/><W42/><G14/><T45/><D6/><U58/><E5/><V59/><F59/><W116/><G116/><RYUUKYOKU ba="0,1" sc="300,-10,250,-10,210,30,230,-10" hai2="17,18,23,26,30,43,46,51,55,57,94,96,100" /><INIT seed="2,1,1,2,3,6" ten="290,240,240,220" oya="2" hai0="73,117,9,21,3,74,99,18,115,114,68,34,31" hai1="53,72,96,107,88,135,29,52,92,67,80,43,118" hai2="54,133,65,41,64,42,101,27,70,86,125,1,78" hai3="58,57,110,112,62,51,55,95,61,15,109,75,44"/><V76/><F1/><W63/><G75/><T32/><D68/><U46/><E135/><V10/><F70/><W83/><G83/><T28/><D99/><U128/><E118/><V60/><F101/><W0/><G0/><T35/><D74/><U122/><E128/><V90/><F125/><W91/><G112/><N who="0" m="43051" /><D73/><U85/><E122/><V81/><F27/><W132/><G132/><T126/><D126/><U26/><E67/><N who="2" m="25675" /><F10/><W49/><G15/><N who="0" m="9439" /><D117/><U4/><E4/><AGARI ba="1,1" hai="3,4,9,28,31,32,34,35" m="9439,43051" machi="4" ten="40,5200,0" yaku="34,2,52,1" doraHai="6" who="0" fromWho="1" sc="290,65,240,-55,240,0,220,0" /><INIT seed="3,0,0,2,2,60" ten="355,185,240,220" oya="3" hai0="0,118,110,75,113,129,33,120,134,70,56,4,100" hai1="82,54,28,119,63,77,45,1,99,117,59,39,128" hai2="132,71,89,32,97,69,80,61,114,108,121,62,93" hai3="18,22,36,90,10,123,105,44,27,64,122,17,67"/><W103/><G90/><T88/><RYUUKYOKU type="yao9" ba="0,0" sc="355,0,185,0,240,0,220,0" hai0="0,4,33,56,70,75,88,100,110,113,118,120,129,134" /><INIT seed="3,1,0,0,3,0" ten="355,185,240,220" oya="3" hai0="48,99,54,44,74,39,122,45,4,97,9,63,71" hai1="28,89,101,26,102,53,46,126,65,50,42,43,76" hai2="23,95,24,135,130,108,91,38,47,75,70,25,132" hai3="87,56,98,16,125,68,129,111,13,93,79,21,59"/><W119/><G119/><T88/><D74/><U69/><E126/><V11/><F70/><W5/><G68/><T12/><D122/><U84/><E76/><V104/><F104/><W2/><G2/><T103/><D71/><U19/><E19/><V61/><F75/><W131/><G125/><T100/><D39/><U90/><E90/><V62/><F108/><W82/><G111/><T66/><D45/><U31/><E31/><V17/><F25/><W114/><G114/><T6/><D6/><U18/><E18/><V105/><F105/><W72/><G5/><T110/><D110/><U113/><E113/><V127/><F11/><W73/><G73/><T30/><D30/><U3/><E3/><V41/><F127/><W60/><G72/><T29/><D29/><U128/><E128/><N who="3" m="49226" /><G60/><T37/><D37/><U52/><E65/><V109/><F130/><W117/><G117/><T7/><D7/><U57/><E69/><V32/><F109/><W86/><G86/><T33/><D33/><U81/><E53/><V123/><F32/><W96/><G96/><N who="0" m="36939" /><D88/><AGARI ba="1,0" hai="13,16,21,56,59,79,82,87,88,93,98" m="49226" machi="88" ten="30,5800,0" yaku="19,1,54,2" doraHai="0" who="3" fromWho="0" sc="355,-61,185,0,240,0,220,61" /><INIT seed="3,2,0,5,2,48" ten="294,185,240,281" oya="3" hai0="96,23,77,135,105,21,38,34,79,90,123,50,109" hai1="58,19,86,72,43,116,124,22,56,129,134,52,5" hai2="130,65,118,97,68,27,8,95,103,99,87,107,94" hai3="29,32,101,42,117,14,71,102,28,93,35,64,53"/><W110/><G117/><T74/><D38/><U51/><E72/><V111/><F8/><W47/><G110/><T30/><D123/><U85/><E116/><V133/><F118/><W70/><G14/><T26/><D109/><U67/><E134/><V131/><F27/><W37/><G93/><T100/><D135/><U125/><E129/><N who="2" m="49163" /><F65/><W113/><G113/><T69/><D69/><U75/><E75/><V92/><F68/><W54/><G64/><T7/><D7/><U57/><E43/><V66/><F66/><W121/><G42/><T114/><D114/><U127/><E5/><V17/><F17/><W83/><G47/><T10/><D10/><U106/><E106/><V61/><F61/><W31/><G31/><T62/><D62/><N who="1" m="38359" /><E57/><V12/><F12/><AGARI ba="2,0" hai="12,19,22,51,52,56,85,86,124,125,127" m="38359" machi="12" ten="30,3900,0" yaku="18,1,52,1,54,1" doraHai="48" who="1" fromWho="2" sc="294,0,185,45,240,-45,281,0" /><INIT seed="4,0,0,3,1,46" ten="294,230,195,281" oya="0" hai0="18,96,7,20,12,84,0,106,91,125,127,63,57" hai1="86,128,99,114,30,129,10,83,15,40,69,67,130" hai2="124,89,120,82,14,1,32,107,81,95,28,113,98" hai3="80,4,31,47,110,132,34,94,85,104,71,42,75"/><T93/><D0/><U65/><E114/><V70/><F1/><W118/><G118/><T108/><D108/><U76/><E30/><V123/><F70/><W87/><G104/><T72/><D72/><U116/><E116/><V105/><F14/><W39/><G110/><T103/><REACH who="0" step="1"/><D7/><REACH who="0" ten="284,230,195,281" step="2"/><U27/><E130/><V122/><F113/><W79/><G4/><T102/><D102/><U19/><E129/><V112/><F112/><W59/><G132/><T49/><D49/><U17/><E128/><V56/><F122/><W62/><G71/><T100/><D100/><U13/><E69/><V90/><F120/><W21/><G75/><T23/><D23/><U48/><E27/><V135/><F123/><W6/><G6/><T25/><D25/><U52/><E40/><V117/><F135/><W109/><G109/><T26/><D26/><U16/><E99/><V54/><F117/><W126/><G21/><T36/><D36/><U29/><E29/><V61/><F28/><W64/><G31/><T115/><D115/><U45/><E19/><V11/><F98/><W9/><G9/><AGARI ba="0,1" hai="9,10,13,15,16,17,45,48,52,65,67,76,83,86" machi="9" ten="30,12000,2" yaku="7,1,9,1,8,1,52,1,54,2" doraHai="46" who="1" fromWho="3" sc="284,0,230,130,195,0,281,-120" /><INIT seed="5,0,0,3,2,71" ten="284,360,195,161" oya="1" hai0="52,126,4,29,54,18,66,26,24,6,44,113,32" hai1="23,30,116,72,43,80,8,70,81,103,124,17,114" hai2="61,22,20,14,50,97,121,122,78,94,25,11,53" hai3="27,60,55,84,33,132,112,95,75,0,77,51,125"/><U111/><E116/><V90/><F78/><W109/><G0/><T133/><D113/><U99/><E70/><V74/><F74/><W38/><G109/><T16/><D126/><U129/><E129/><V65/><F65/><W96/><G125/><T105/><D105/><U79/><E124/><V41/><F41/><W131/><G112/><T63/><D133/><U39/><E30/><V19/><F22/><W93/><G132/><T62/><D44/><U10/><E111/><V5/><F50/><W40/><G131/><T91/><D91/><U104/><E114/><V110/><F110/><W86/><G75/><T1/><D1/><U15/><REACH who="1" step="1"/><E80/><REACH who="1" ten="284,350,195,161" step="2"/><V57/><AGARI ba="0,1" hai="5,11,14,19,20,25,53,57,61,90,94,97,121,122" machi="57" ten="30,4000,0" yaku="0,1,25,2" doraHai="71" who="2" fromWho="2" sc="284,-10,350,-20,195,50,161,-10" /><INIT seed="6,0,0,5,1,121" ten="274,330,245,151" oya="2" hai0="16,116,12,43,54,62,25,123,34,96,85,48,119" hai1="52,75,46,129,127,134,125,122,86,110,50,3,24" hai2="108,111,84,72,87,30,2,9,33,31,105,95,21" hai3="117,11,29,15,68,81,99,135,59,26,44,102,112"/><V130/><F105/><W57/><G117/><T32/><D123/><U19/><E122/><V13/><F72/><W133/><G68/><T109/><D109/><N who="2" m="42058" /><F2/><W97/><G112/><T42/><D96/><U66/><E3/><V58/><F33/><W7/><G81/><T100/><D100/><U101/><E134/><V45/><F130/><W37/><G99/><T8/><D62/><U93/><E86/><N who="2" m="32811" /><F95/><W114/><G114/><T0/><D0/><U120/><E93/><V20/><F58/><W69/><G69/><T124/><D85/><U107/><E75/><V14/><F45/><W67/><G67/><T94/><D94/><U115/><E66/><V89/><F89/><W55/><G59/><N who="0" m="33223" /><D34/><U36/><E107/><V113/><F113/><W28/><G57/><T65/><D65/><U17/><E115/><V131/><F131/><W128/><G128/><T53/><D124/><U64/><E125/><V40/><F40/><W49/><G135/><T70/><D70/><U4/><E46/><V10/><F21/><W51/><G133/><T77/><D53/><U82/><E52/><V47/><F47/><W98/><G55/><T78/><D43/><U38/><E127/><V6/><F20/><N who="3" m="15431" /><G98/><T35/><D42/><U27/><E129/><V103/><F103/><W83/><G83/><T92/><D92/><U71/><E101/><V1/><F1/><W5/><G44/><T61/><D35/><U18/><E110/><V132/><F132/><W60/><G102/><T63/><D119/><U74/><E74/><V91/><F91/><W118/><G97/><T22/><D116/><RYUUKYOKU ba="0,0" sc="274,-10,330,-10,245,30,151,-10" hai2="6,9,10,13,14,30,31" /><INIT seed="6,1,0,3,0,34" ten="264,320,275,141" oya="2" hai0="100,22,52,72,79,62,13,28,49,111,86,50,102" hai1="107,109,40,87,84,119,131,121,12,120,78,0,105" hai2="59,68,46,126,16,117,6,130,94,108,23,118,76" hai3="9,11,65,90,77,99,57,95,61,63,33,110,85"/><V39/><F68/><W45/><G33/><T37/><D37/><U81/><E109/><V1/><F108/><W5/><G110/><T10/><D72/><U89/><E0/><V54/><F76/><W124/><G124/><T75/><D75/><U98/><E119/><V60/><F126/><W69/><G45/><T32/><D32/><U53/><E40/><V101/><F130/><W31/><G31/><T3/><D3/><U128/><E53/><V113/><F113/><W56/><G69/><T129/><D129/><N who="1" m="49739" /><E12/><V74/><F74/><W116/><G116/><T4/><D62/><U2/><E2/><V83/><F83/><W38/><G38/><T44/><D111/><U7/><E7/><V92/><F46/><W21/><G21/><T51/><D79/><U18/><E18/><V91/><F39/><W132/><G132/><T96/><D86/><U104/><E98/><N who="2" m="57631" /><F6/><W123/><G123/><N who="1" m="47178" /><E87/><V30/><F1/><W26/><G26/><N who="0" m="16471" /><D96/><U88/><AGARI ba="1,0" hai="78,81,84,88,89,104,105,107" m="47178,49739" machi="88" ten="40,8000,1" yaku="19,1,13,1,34,2,54,1" doraHai="34" who="1" fromWho="1" sc="264,-21,320,83,275,-41,141,-21" /><INIT seed="7,0,0,1,3,14" ten="243,403,234,120" oya="3" hai0="98,123,60,118,110,61,131,35,109,26,71,41,107" hai1="44,52,80,128,24,78,8,129,113,54,101,33,121" hai2="32,31,30,84,96,45,38,91,0,68,19,117,6" hai3="97,79,87,51,17,57,73,111,88,1,77,95,5"/><W130/><G111/><T27/><D123/><U67/><E121/><V15/><F68/><W43/><G130/><T116/><D41/><U59/><E113/><V122/><F96/><W64/><G73/><T93/><D131/><U70/><E101/><V89/><F31/><W12/><G5/><T124/><D93/><U4/><E70/><V7/><F7/><W21/><G1/><T119/><D124/><U49/><E67/><V76/><F76/><N who="3" m="29259" /><G97/><T29/><D27/><U66/><E66/><V9/><F117/><W114/><G114/><T42/><D42/><U48/><E24/><N who="2" m="18503" /><F122/><W46/><G64/><N who="0" m="41351" /><D61/><U108/><E33/><V105/><F105/><W37/><G37/><T90/><D90/><U133/><E108/><V62/><F84/><W50/><G50/><T25/><D25/><U99/><E99/><V100/><F100/><AGARI ba="0,0" hai="26,29,35,98,100,107,109,110,116,118,119" m="41351" machi="100" ten="30,2000,0" yaku="25,1,23,1" doraHai="14" who="0" fromWho="2" sc="243,20,403,0,234,-20,120,0" owari="263,6.0,403,51.0,214,-19.0,120,-38.0" /></mjloggm>