<mjloggm ver="2.3"><GO type="169" lobby="0"/><UN n0="%E3%83%88%E3%83%88%E3%83%AA%E5%85%88%E7%94%9F%31%39%E6%AD%B3" n1="%5A%5A%5A%5A%5A" n2="%6D%6F%75%73%65" n3="%E9%AB%98%E6%A9%8B%E8%89%AF%E5%A4%AA" dan="19,17,16,16" rate="2265.88,2167.06,2156.50,2138.49" sx="F,M,M,M"/><TAIKYOKU oya="0"/><INIT seed="0,0,0,3,3,93" ten="250,250,250,250" oya="0" hai0="44,0,88,129,132,111,116,130,135,90,57,117,25" hai1="121,120,106,9,115,16,32,47,70,56,7,77,126" hai2="82,102,114,86,64,24,66,84,110,20,123,42,127" hai3="87,11,103,3,113,79,51,34,4,45,83,95,36"/><T27/><D0/><U59/><E70/><V41/><F123/><W6/><G34/><T2/><D2/><U96/><E32/><V54/><F114/><W31/><G6/><T89/><D57/><U13/><E115/><V62/><F110/><W71/><G71/><T1/><D1/><U29/><E126/><V92/><F127/><W118/><G31/><T80/><D44/><U55/><E77/><V78/><F54/><W134/><G118/><N who="0" m="45675" /><D111/><U15/><E29/><V75/><F75/><W17/><G134/><N who="0" m="51243" /><D80/><U5/><E47/><V131/><F66/><W73/><G113/><T28/><D28/><U108/><E108/><V48/><F48/><W19/><G36/><T119/><D119/><U107/><E55/><V74/><F74/><W81/><G51/><T10/><D10/><U33/><E33/><V76/><F76/><W30/><G30/><T63/><D63/><U91/><E91/><V22/><F22/><W26/><G45/><T124/><D124/><U49/><E49/><V58/><F42/><W50/><G50/><T18/><D18/><U40/><E40/><V125/><F41/><W105/><G83/><T67/><D67/><U94/><E120/><V8/><F125/><W85/><G73/><T133/><N who="0" m="51251" /><T68/><DORA hai="46" /><D68/><U43/><E43/><V23/><F62/><W72/><G72/><T61/><D61/><U60/><E121/><V128/><F82/><W101/><G81/><T53/><D53/><U38/><E60/><V35/><F64/><W12/><G79/><T39/><D39/><U65/><E38/><V122/><F122/><RYUUKYOKU ba="0,0" sc="250,30,250,-10,250,-10,250,-10" hai0="25,27,88,89,90,129,130" /><INIT seed="0,1,0,2,1,43" ten="280,240,240,240" oya="0" hai0="95,1,68,10,109,62,60,58,123,40,9,5,63" hai1="133,89,115,36,90,31,35,91,46,121,134,49,86" hai2="92,120,52,12,107,32,129,2,126,7,110,18,101" hai3="17,79,51,73,128,14,104,66,34,83,127,99,50"/><T16/><D123/><U41/><E121/><V64/><F120/><W82/><G34/><T25/><D68/><U48/><E115/><V93/><F32/><W81/><G127/><T24/><D109/><U125/><E125/><V22/><F126/><W13/><G128/><T20/><D24/><N who="1" m="18919" /><E86/><V111/><F64/><W78/><G66/><T108/><D108/><N who="2" m="41514" /><F129/><W96/><G104/><T112/><D112/><U56/><E56/><V65/><F65/><W47/><G73/><T71/><D71/><U59/><E59/><V84/><F84/><W57/><G57/><T100/><D58/><U105/><E105/><V116/><F116/><W77/><G14/><T29/><D40/><U39/><E39/><V75/><F75/><W6/><G6/><T118/><D118/><U11/><E11/><N who="2" m="2551" /><F52/><N who="3" m="29791" /><G51/><T132/><D10/><AGARI ba="1,0" hai="10,13,17,77,78,79,81,82,83,96,99" m="29791" machi="10" ten="30,3900,0" yaku="8,1,52,1,54,1" doraHai="43" who="3" fromWho="0" sc="280,-42,240,0,240,0,240,42" /><INIT seed="1,0,0,0,0,3" ten="238,240,240,282" oya="1" hai0="50,86,88,15,18,112,54,103,26,65,67,73,135" hai1="25,120,126,82,23,10,20,130,8,33,56,128,4" hai2="107,59,9,92,30,125,101,60,81,74,41,84,24" hai3="49,19,118,27,94,72,79,17,28,83,39,127,29"/><U97/><E82/><V43/><F125/><W76/><G39/><T91/><D73/><U80/><E80/><V115/><F107/><W119/><G127/><T90/><D112/><U53/><E126/><V1/><F74/><W21/><G76/><T7/><D135/><U47/><E120/><V108/><F108/><W6/><G94/><T44/><D103/><U116/><E116/><N who="3" m="44586" /><G28/><T121/><D121/><U106/><E47/><V31/><F115/><W45/><G6/><T78/><D78/><U2/><E10/><V0/><F31/><W12/><G12/><T123/><D123/><U63/><E33/><V105/><F105/><W35/><G35/><T93/><D26/><U55/><E55/><AGARI ba="0,0" hai="17,19,21,27,29,45,49,55,72,79,83" m="44586" machi="55" ten="30,1000,0" yaku="12,1" doraHai="3" who="3" fromWho="1" sc="238,0,240,-10,240,0,282,10" /><INIT seed="2,0,0,0,3,53" ten="238,230,240,292" oya="2" hai0="42,128,17,38,48,92,67,32,68,129,44,120,10" hai1="62,12,16,35,66,95,123,75,18,36,84,127,89" hai2="80,71,58,101,126,29,54,47,117,107,14,112,57" hai3="124,70,131,37,1,69,4,86,99,27,11,133,78"/><V19/><F112/><W2/><G37/><T25/><D120/><U0/><E75/><V81/><F117/><W97/><G131/><T114/><D114/><U130/><E130/><V91/><F71/><W111/><G111/><T45/><D32/><U21/><E123/><V77/><F29/><W3/><G27/><T6/><D17/><U119/><E119/><V118/><F118/><W63/><G133/><T26/><D26/><U33/><E36/><V34/><F34/><W87/><G124/><T110/><D25/><U43/><E43/><V24/><F24/><W121/><G121/><T9/><D9/><U52/><E0/><V102/><F126/><W109/><G109/><T15/><D110/><U64/><E18/><V103/><F107/><W8/><G1/><T30/><D30/><U82/><E127/><V13/><F77/><W96/><G78/><T88/><D67/><U56/><E66/><V85/><F81/><W41/><G41/><T122/><D68/><U94/><E94/><V5/><F5/><W39/><G39/><T46/><D122/><U73/><E73/><V61/><F61/><W132/><G132/><T115/><D115/><U20/><E20/><N who="2" m="11375" /><F14/><W51/><G63/><T72/><D72/><U7/><E7/><V49/><AGARI ba="0,0" hai="47,49,54,57,58,80,85,91,101,102,103" m="11375" machi="49" ten="30,6000,0" yaku="8,1,52,2" doraHai="53" who="2" fromWho="2" sc="238,-20,230,-20,240,60,292,-20" /><INIT seed="2,1,0,0,4,48" ten="218,210,300,272" oya="2" hai0="86,55,117,128,47,110,126,75,127,102,87,72,124" hai1="45,20,122,42,123,73,14,103,51,3,23,94,57" hai2="112,95,59,93,77,132,129,76,26,135,131,10,105" hai3="4,8,118,111,82,29,64,130,65,56,52,79,9"/><V54/><F105/><W11/><G118/><T1/><D1/><U25/><E73/><N who="0" m="28233" /><D117/><U18/><E3/><V67/><F67/><N who="3" m="25675" /><G130/><N who="2" m="49673" /><F10/><W85/><G111/><T16/><D102/><U12/><E12/><V78/><F26/><W36/><G36/><T34/><D34/><U28/><E57/><V7/><F7/><W63/><G29/><T121/><D121/><U69/><REACH who="1" step="1"/><E69/><REACH who="1" ten="218,200,300,272" step="2"/><V134/><F112/><W80/><G80/><T37/><D128/><U15/><E15/><AGARI ba="1,1" hai="4,8,9,11,15,52,56,63,79,82,85" m="25675" machi="15" ten="30,3900,0" yaku="8,1,52,1,54,1" doraHai="48" who="3" fromWho="1" sc="218,0,200,-42,300,0,272,52" /><INIT seed="3,0,0,5,4,68" ten="218,158,300,324" oya="3" hai0="45,114,42,65,110,89,18,37,102,12,98,118,3" hai1="48,74,126,22,129,8,43,19,26,71,39,53,111" hai2="122,67,17,132,105,55,125,79,108,112,10,86,130" hai3="104,32,16,92,36,52,40,49,117,44,11,121,77"/><W100/><G117/><T25/><D118/><U93/><E74/><V50/><F112/><W113/><G113/><T75/><D114/><U54/><E111/><V101/><F108/><W124/><G121/><T80/><D110/><U2/><E126/><V133/><F67/><W73/><G32/><T58/><D3/><U87/><E129/><V109/><F109/><W103/><G104/><T135/><D135/><U23/><E71/><V90/><F79/><W62/><G124/><T30/><D58/><U35/><E35/><V38/><F38/><W9/><G62/><T64/><D89/><U6/><E23/><V85/><F85/><W116/><G116/><T14/><D80/><U78/><E48/><V15/><F125/><W28/><G28/><T76/><D76/><U21/><E21/><V70/><F70/><W46/><G92/><T94/><D75/><U119/><E119/><V127/><F127/><W4/><G16/><T63/><D63/><U57/><E57/><V60/><F60/><W33/><G33/><T29/><D14/><U123/><E123/><V69/><F69/><W107/><G107/><T91/><D102/><U115/><E115/><V81/><F122/><W47/><G44/><T131/><D131/><U0/><E0/><V20/><F20/><W24/><G24/><T34/><REACH who="0" step="1"/><D30/><REACH who="0" ten="208,158,300,324" step="2"/><U82/><REACH who="1" step="1"/><E93/><REACH who="1" ten="208,148,300,324" step="2"/><V1/><F130/><W13/><REACH who="3" step="1"/><G9/><AGARI ba="0,2" hai="9,12,18,25,29,34,37,42,45,64,65,91,94,98" machi="9" ten="30,7700,0" yaku="1,1,2,1,7,1,52,1,53,0" doraHai="68" doraHaiUra="66" who="0" fromWho="3" sc="208,97,148,0,300,0,324,-77" /><INIT seed="4,0,0,2,1,74" ten="305,148,300,247" oya="0" hai0="75,10,45,5,80,119,90,60,77,114,48,13,68" hai1="27,12,22,61,40,130,88,4,38,83,87,6,19" hai2="30,26,28,0,43,86,131,84,55,97,1,82,18" hai3="116,29,105,7,54,64,49,132,15,117,94,44,8"/><T39/><D119/><U71/><E130/><V59/><F43/><W25/><G105/><T95/><D114/><U129/><E129/><V122/><F131/><W33/><G132/><T9/><D39/><U62/><E71/><V133/><F133/><W108/><G108/><T89/><D95/><U69/><E69/><V93/><F122/><W91/><REACH who="3" step="1"/><G64/><REACH who="3" ten="305,148,300,237" step="2"/><T41/><REACH who="0" step="1"/><D10/><REACH who="0" ten="295,148,300,237" step="2"/><U42/><E38/><V14/><F93/><W102/><G102/><T113/><D113/><U112/><E112/><V78/><F97/><AGARI ba="0,2" hai="7,8,15,25,29,33,44,49,54,91,94,97,116,117" machi="97" ten="30,2000,0" yaku="1,1,7,1,53,0" doraHai="74" doraHaiUra="107" who="3" fromWho="2" sc="295,0,148,0,300,-20,237,40" /><INIT seed="5,0,0,5,1,68" ten="295,148,280,277" oya="1" hai0="6,27,20,124,1,86,79,91,35,134,73,16,116" hai1="111,15,85,58,128,3,122,28,53,42,44,14,55" hai2="115,121,118,107,40,133,127,67,22,89,113,45,60" hai3="38,96,90,37,94,21,49,36,56,130,63,78,97"/><U25/><E122/><V125/><F107/><W131/><G21/><T33/><D116/><U77/><E3/><V82/><F118/><W57/><G78/><T61/><D134/><U120/><E120/><V13/><F121/><W2/><G2/><T110/><D110/><U18/><E111/><V26/><F13/><W23/><G23/><T65/><D124/><N who="2" m="47690" /><F82/><W10/><G10/><T52/><D52/><U99/><E128/><N who="3" m="49194" /><G49/><T9/><D79/><U105/><E105/><V70/><F89/><W50/><G50/><T84/><D73/><U74/><E74/><V108/><F108/><W46/><G46/><T92/><REACH who="0" step="1"/><D84/><REACH who="0" ten="285,148,280,277" step="2"/><U72/><E72/><V103/><F133/><W48/><G48/><T80/><D80/><N who="1" m="47247" /><E99/><N who="3" m="37962" /><G63/><T109/><D109/><U119/><E119/><V30/><F103/><W51/><G51/><AGARI ba="0,1" hai="22,26,30,40,45,51,60,67,70,113,115" m="47690" machi="51" ten="30,1000,0" yaku="18,1" doraHai="68" who="2" fromWho="3" sc="285,0,148,0,280,20,277,-10" /><INIT seed="6,0,0,4,0,87" ten="285,148,300,267" oya="2" hai0="135,83,19,125,58,89,24,12,17,61,74,134,84" hai1="73,40,41,31,26,39,36,18,4,69,63,20,62" hai2="126,72,117,97,118,35,104,47,133,60,45,48,108" hai3="11,109,23,43,70,77,38,119,81,3,33,56,100"/><V50/><F72/><W128/><G33/><T44/><D125/><U53/><E73/><V67/><F35/><W80/><G70/><T123/><D123/><U105/><E105/><V92/><F104/><W95/><G109/><T21/><D44/><U101/><E101/><V116/><F108/><W9/><G3/><T51/><D51/><U90/><E4/><V14/><F14/><W75/><G81/><T111/><D74/><U6/><E6/><V49/><F133/><N who="0" m="50698" /><D111/><U82/><E36/><V8/><F8/><W102/><G119/><T78/><D78/><U121/><E121/><V79/><F79/><W64/><G128/><T2/><D2/><U5/><E5/><V52/><F126/><W25/><G43/><T127/><D127/><U71/><E39/><V94/><F94/><W10/><G38/><T107/><D107/><U96/><E71/><V76/><F76/><W34/><G34/><T7/><D7/><U57/><E31/><V37/><F37/><W85/><G75/><T27/><D19/><U65/><E82/><V86/><F86/><W32/><G32/><T113/><D113/><U0/><E0/><V98/><F98/><W30/><G95/><AGARI ba="0,0" hai="18,20,26,40,41,53,57,62,63,65,69,90,95,96" machi="95" ten="40,5200,0" yaku="25,2,52,1" doraHai="87" who="1" fromWho="3" sc="285,0,148,52,300,0,267,-52" /><INIT seed="7,0,0,4,0,56" ten="285,200,300,215" oya="3" hai0="85,20,128,103,57,107,35,108,101,78,61,10,116" hai1="81,23,32,88,73,29,26,65,86,59,7,22,55" hai2="111,24,25,33,102,36,122,115,31,19,0,90,8" hai3="46,119,129,83,120,45,50,12,17,124,2,51,134"/><W93/><G119/><T131/><D108/><U121/><E121/><V75/><F36/><W60/><G2/><T34/><D116/><U41/><E41/><V87/><F75/><W113/><G120/><T27/><D10/><U126/><E126/><V21/><F122/><W6/><G124/><T77/><D34/><U42/><E42/><V133/><F102/><N who="0" m="38922" /><D85/><U106/><E106/><V100/><F100/><W48/><G129/><N who="0" m="49739" /><D35/><U5/><E73/><V70/><F70/><W71/><G134/><T72/><D72/><U53/><E65/><V109/><F133/><W118/><G118/><T91/><D91/><U16/><E32/><V130/><F130/><W95/><G113/><T114/><D107/><U68/><E68/><V112/><F90/><W66/><G6/><N who="1" m="2058" /><E59/><V40/><F87/><W4/><G4/><T38/><D38/><U94/><E81/><V132/><F132/><W9/><REACH who="3" step="1"/><G83/><REACH who="3" ten="285,200,300,205" step="2"/><T79/><D114/><U30/><E30/><V47/><F111/><W84/><G84/><T92/><D92/><AGARI ba="0,1" hai="9,12,17,45,46,48,50,51,60,66,71,92,93,95" machi="92" ten="40,7700,0" yaku="1,1,52,1,53,1" doraHai="56" doraHaiUra="15" who="3" fromWho="0" sc="285,-77,200,0,300,0,205,87" /><INIT seed="7,1,0,0,5,82" ten="208,200,300,292" oya="3" hai0="105,109,42,89,70,21,39,23,108,93,43,112,77" hai1="45,53,119,38,12,59,130,41,18,83,86,66,134" hai2="19,62,97,49,120,1,17,37,27,8,31,50,131" hai3="123,76,128,94,71,132,34,122,69,24,46,64,98"/><W54/><G76/><T124/><D105/><U40/><E134/><V33/><F37/><W75/><G75/><T84/><D70/><U25/><E130/><V135/><F131/><W110/><G128/><T100/><D100/><U72/><E72/><V117/><F117/><W125/><G132/><T96/><D39/><U6/><E119/><V121/><F135/><W9/><G9/><T129/><D129/><U116/><E116/><V115/><F115/><W30/><G125/><T65/><D65/><U99/><E99/><V35/><F35/><W101/><G110/><T118/><D118/><U51/><E25/><V47/><F62/><W127/><G127/><T14/><D124/><U7/><E66/><V114/><F97/><W60/><G69/><T85/><D112/><U15/><E41/><N who="0" m="15369" /><D109/><U107/><E107/><V48/><F47/><W13/><G13/><T88/><D108/><U113/><E113/><V80/><F80/><W52/><REACH who="3" step="1"/><G46/><REACH who="3" ten="208,200,300,282" step="2"/><T20/><D77/><U26/><E26/><V4/><F114/><W0/><G0/><T91/><D14/><U106/><E106/><V11/><F11/><W22/><G22/><T87/><AGARI ba="1,1" hai="20,21,23,84,85,87,88,89,91,93,96" m="15369" machi="87" ten="40,8000,1" yaku="8,1,52,3,54,1" doraHai="82" who="0" fromWho="0" sc="208,93,200,-21,300,-21,282,-41" owari="301,40.0,179,-32.0,279,8.0,241,-16.0" /></mjloggm>