<mjloggm ver="2.3"><GO type="169" lobby="0"/><UN n0="%E7%90%B4%E6%B5%A6%E6%98%A5%E9%A6%99" n1="%E3%81%BD%E3%81%BF%E3%82%85" n2="%E3%83%88%E3%83%88%E3%83%AA%E5%85%88%E7%94%9F%31%39%E6%AD%B3" n3="%72%61%6E%75%2D" dan="16,17,19,16" rate="2156.69,2197.34,2318.78,2157.95" sx="F,F,F,M"/><TAIKYOKU oya="0"/><INIT seed="0,0,0,1,1,21" ten="250,250,250,250" oya="0" hai0="99,51,96,118,107,9,67,44,25,19,112,11,122" hai1="114,66,128,59,126,88,61,18,124,58,6,1,123" hai2="133,129,74,75,10,71,95,41,27,53,116,45,72" hai3="23,15,113,92,76,131,78,48,83,17,47,105,64"/><T106/><D112/><U117/><E123/><V108/><F108/><W82/><G105/><T109/><D118/><U101/><E117/><V20/><F129/><W34/><G113/><T115/><D115/><U121/><E114/><V135/><F116/><W26/><G131/><T55/><D122/><U50/><E121/><V42/><F71/><W4/><G64/><T39/><D109/><U89/><E128/><V13/><F95/><W38/><G38/><T46/><D67/><U24/><E101/><V60/><F60/><W130/><G92/><T8/><D106/><U70/><E6/><V36/><F53/><W32/><G130/><T7/><D7/><U97/><E1/><V2/><F42/><W54/><G4/><T100/><D99/><U29/><E18/><N who="2" m="8503" /><F2/><W30/><REACH who="3" step="1"/><G34/><REACH who="3" ten="250,250,250,240" step="2"/><T3/><D3/><U5/><E5/><V93/><F93/><W111/><G111/><T120/><D120/><U69/><E97/><V65/><F65/><W63/><G63/><T62/><D62/><U37/><E37/><V86/><F133/><W73/><G73/><T81/><D39/><U33/><E70/><V12/><F86/><W52/><G52/><T14/><D107/><U132/><E132/><V119/><F135/><W40/><G40/><T79/><D96/><U94/><E94/><V91/><F119/><W0/><G0/><T90/><D55/><N who="1" m="32119" /><E69/><V87/><F75/><W56/><G56/><T31/><D100/><U16/><E59/><V80/><F74/><W110/><G110/><T68/><D68/><U104/><E104/><V57/><F57/><W84/><G84/><RYUUKYOKU ba="0,1" sc="250,-10,250,-10,250,-10,240,30" hai3="15,17,23,26,30,32,47,48,54,76,78,82,83" /><INIT seed="1,1,1,4,4,84" ten="240,240,240,270" oya="1" hai0="128,69,126,121,57,88,12,133,112,53,98,51,113" hai1="95,1,46,94,61,16,97,38,28,106,14,44,47" hai2="42,89,21,87,86,135,99,32,115,63,100,5,103" hai3="124,96,24,7,9,83,102,77,131,48,50,72,20"/><U41/><E1/><V122/><F32/><W107/><G131/><T34/><D128/><U10/><E106/><V90/><F122/><W68/><G68/><T31/><D121/><U116/><E116/><V0/><F135/><W49/><G124/><T18/><D126/><U3/><E3/><V23/><F115/><W105/><G107/><T26/><D69/><U19/><E28/><V17/><F42/><W59/><G59/><T4/><D4/><U123/><E123/><V39/><F39/><W2/><REACH who="3" step="1"/><G50/><REACH who="3" ten="240,240,240,260" step="2"/><T58/><D57/><U40/><E38/><V125/><F125/><W92/><G92/><T30/><D133/><U130/><E130/><V109/><F63/><W85/><G85/><T134/><D134/><U114/><E114/><V111/><F87/><W78/><G78/><T101/><D112/><U75/><E75/><V33/><F86/><W81/><G81/><T43/><D113/><U117/><E117/><V108/><F108/><W27/><G27/><T71/><D71/><U29/><E61/><V73/><F73/><W118/><G118/><T55/><D58/><U64/><E64/><V22/><F111/><W76/><G76/><T129/><D129/><U45/><E95/><V119/><F119/><W132/><G132/><T65/><D65/><U67/><E67/><V60/><F60/><W70/><G70/><T66/><D66/><U93/><E93/><V79/><F79/><W52/><G52/><T35/><D53/><U82/><E82/><V120/><F109/><W37/><G37/><T56/><D55/><U127/><E127/><V13/><F120/><RYUUKYOKU ba="1,2" sc="240,-10,240,-10,240,-10,260,30" hai3="2,7,9,20,24,48,49,72,77,83,96,102,105" /><INIT seed="2,2,2,1,0,102" ten="230,230,230,290" oya="2" hai0="51,101,133,65,119,88,69,107,41,17,35,54,14" hai1="68,124,32,57,53,85,123,86,94,8,110,135,4" hai2="16,71,76,80,36,83,112,2,73,7,43,25,60" hai3="37,12,13,31,72,90,38,77,50,96,111,129,95"/><V6/><F112/><W109/><G50/><T120/><D120/><U5/><E68/><V125/><F125/><W113/><G113/><T9/><D133/><U24/><E124/><V91/><F80/><W11/><G129/><T118/><D35/><U132/><E123/><V28/><F91/><W46/><G31/><T98/><D41/><U44/><E44/><V114/><F114/><W128/><G128/><T81/><D65/><U99/><E110/><N who="3" m="41994" /><G46/><N who="0" m="28023" /><D69/><U97/><E97/><V104/><F104/><W106/><G106/><T0/><D0/><U75/><E75/><V55/><F2/><W20/><G20/><T134/><D134/><N who="1" m="51243" /><E24/><V66/><F55/><W122/><G122/><T78/><D78/><U62/><E32/><V3/><F3/><W126/><G126/><T33/><D33/><U127/><E127/><V63/><F43/><W52/><G52/><T1/><D1/><N who="1" m="15" /><E5/><V105/><F36/><N who="3" m="13931" /><G11/><T89/><D81/><AGARI ba="2,2" hai="12,13,72,77,81,90,95,96" m="13931,41994" machi="81" ten="30,1000,0" yaku="14,1" doraHai="102" who="3" fromWho="0" sc="230,-16,230,0,230,0,290,36" /><INIT seed="3,0,0,5,0,35" ten="214,230,230,326" oya="3" hai0="46,21,91,13,103,59,88,27,23,36,37,53,78" hai1="127,26,112,83,61,116,119,50,33,84,114,135,56" hai2="134,10,4,113,41,122,102,11,71,62,49,106,79" hai3="69,7,110,126,82,19,20,30,89,48,2,107,52"/><W115/><G107/><T131/><D131/><U76/><E50/><V25/><F113/><W47/><G115/><T72/><D103/><U65/><E127/><V44/><F134/><W66/><G126/><T95/><D13/><U117/><REACH who="1" step="1"/><E135/><REACH who="1" ten="214,220,230,326" step="2"/><V17/><F49/><W93/><G110/><T54/><D46/><U121/><E121/><V8/><F44/><W97/><G30/><AGARI ba="0,1" hai="26,30,33,56,61,65,76,83,84,112,114,116,117,119" machi="30" ten="40,2600,0" yaku="1,1,12,1,53,0" doraHai="35" doraHaiUra="100" who="1" fromWho="3" sc="214,0,220,36,230,0,326,-26" /><INIT seed="4,0,0,0,5,27" ten="214,256,230,300" oya="0" hai0="60,81,71,11,127,46,132,39,8,99,55,28,34" hai1="85,129,14,106,36,49,124,63,33,104,51,87,68" hai2="115,126,90,29,50,23,117,109,0,76,121,82,7" hai3="1,123,17,84,4,65,91,41,12,19,37,38,48"/><T70/><D132/><U58/><E36/><V131/><F121/><W83/><G123/><T79/><D127/><U9/><E33/><V95/><F109/><W110/><G110/><T35/><D99/><U30/><E124/><V20/><F126/><W13/><G65/><T80/><D80/><U57/><E129/><V44/><F131/><W53/><G1/><T59/><D39/><U88/><E68/><V108/><F115/><W113/><G4/><T72/><D46/><U116/><E116/><V130/><F108/><W10/><G41/><T114/><D114/><U101/><E101/><V89/><F117/><W61/><G61/><T52/><D55/><U119/><E119/><V134/><F134/><W32/><G32/><T92/><D35/><U64/><E30/><V74/><F89/><W135/><G135/><T26/><REACH who="0" step="1"/><D92/><REACH who="0" ten="204,256,230,300" step="2"/><U77/><E106/><V5/><F130/><W54/><G113/><T75/><D75/><U100/><E104/><V112/><F112/><W111/><G54/><T73/><D73/><U42/><E42/><V105/><F105/><W122/><G122/><T16/><D16/><N who="1" m="8271" /><E100/><V66/><F74/><W69/><G111/><T133/><D133/><U24/><E64/><V97/><F66/><W96/><G96/><T40/><D40/><U22/><E77/><V94/><F76/><W120/><G120/><T45/><D45/><U86/><E88/><V3/><F94/><W93/><G93/><T2/><D2/><N who="2" m="554" /><F82/><N who="3" m="49559" /><G37/><T21/><D21/><N who="2" m="8266" /><F29/><W15/><G38/><T103/><D103/><U62/><E22/><V47/><F47/><W128/><G83/><RYUUKYOKU ba="0,1" sc="204,15,256,-15,230,15,300,-15" hai0="8,11,26,28,34,52,59,60,70,71,72,79,81" hai2="5,7,44,50,90,95,97" /><INIT seed="4,1,1,2,3,50" ten="219,241,245,285" oya="0" hai0="124,93,14,74,122,103,22,26,46,36,31,35,64" hai1="130,61,120,27,38,113,34,95,131,107,4,72,6" hai2="90,133,54,115,89,37,114,55,33,2,57,1,10" hai3="0,47,66,41,70,84,39,86,58,17,28,98,109"/><T19/><D122/><U79/><E120/><V110/><F110/><W121/><G121/><T119/><D119/><U123/><E123/><V29/><F37/><W87/><G109/><T132/><D74/><U23/><E107/><V75/><F75/><W15/><G0/><N who="2" m="105" /><F57/><W106/><G28/><T111/><D111/><U7/><E38/><V78/><F78/><W117/><G117/><T3/><D132/><U104/><E104/><V12/><F133/><W49/><G70/><T5/><D124/><U32/><E113/><N who="2" m="43019" /><F29/><W43/><G43/><N who="0" m="22887" /><D64/><U116/><E116/><V100/><F100/><W8/><G106/><T52/><D103/><U102/><E61/><V62/><F62/><N who="3" m="38231" /><G39/><T85/><D85/><U76/><E72/><V94/><F33/><W48/><G48/><T126/><D93/><U30/><E34/><V71/><F71/><W81/><G98/><T56/><D126/><U97/><REACH who="1" step="1"/><E32/><REACH who="1" ten="219,231,245,285" step="2"/><V82/><F82/><AGARI ba="1,2" hai="8,15,17,41,47,49,81,82,84,86,87" m="38231" machi="82" ten="30,1000,0" yaku="8,1" doraHai="50" who="3" fromWho="2" sc="219,0,231,0,245,-13,285,33" /><INIT seed="5,0,0,2,1,49" ten="219,231,232,318" oya="1" hai0="22,27,100,107,28,56,89,64,40,91,132,128,96" hai1="119,131,65,1,58,98,113,4,106,130,120,13,114" hai2="127,54,68,104,85,78,73,70,18,88,36,86,59" hai3="39,84,122,134,46,74,124,99,53,44,93,123,11"/><U76/><E120/><V19/><F104/><W48/><G74/><T9/><D128/><N who="1" m="49195" /><E119/><V116/><F116/><W67/><G67/><T117/><D117/><U90/><E76/><V82/><F36/><W77/><G124/><T95/><D132/><U118/><E118/><V7/><F127/><W125/><G125/><T12/><D40/><U108/><E1/><V92/><F7/><W71/><G71/><T61/><REACH who="0" step="1"/><D107/><REACH who="0" ten="209,231,232,318" step="2"/><U52/><E108/><V81/><F70/><W2/><G134/><T23/><D23/><U5/><E106/><V66/><F68/><W87/><G122/><T75/><D75/><U47/><E114/><V55/><F66/><W25/><G123/><T31/><D31/><U133/><E113/><V94/><F54/><W10/><G53/><T109/><D109/><U110/><E110/><V72/><F72/><W0/><G39/><T105/><D105/><U29/><E133/><V38/><F38/><W14/><G0/><T103/><D103/><U80/><E29/><V115/><F115/><W57/><G2/><T126/><D126/><U121/><E121/><V63/><REACH who="2" step="1"/><F81/><REACH who="2" ten="209,231,222,318" step="2"/><W111/><G111/><T129/><D129/><U6/><E80/><V79/><F79/><W43/><G77/><T35/><D35/><U60/><E65/><V69/><F69/><W45/><G43/><T32/><D32/><U62/><E52/><V50/><F50/><W102/><G48/><T41/><D41/><U20/><E62/><V30/><F30/><W135/><G135/><T8/><D8/><U83/><E60/><V17/><F17/><AGARI ba="0,2" hai="9,12,17,22,27,28,56,61,64,89,91,95,96,100" machi="17" ten="30,8000,1" yaku="1,1,7,1,25,2,8,1,53,0" doraHai="49" doraHaiUra="51" who="0" fromWho="2" sc="209,100,231,0,222,-80,318,0" /><INIT seed="6,0,0,5,0,71" ten="309,231,142,318" oya="2" hai0="8,87,9,134,126,113,124,45,121,122,92,86,39" hai1="56,53,24,1,0,34,7,14,120,38,103,114,81" hai2="78,4,107,30,111,70,80,98,52,26,76,23,109" hai3="66,77,82,84,125,46,123,106,130,28,131,63,91"/><V117/><F117/><W99/><G123/><N who="0" m="47115" /><D113/><U2/><E120/><V68/><F4/><W43/><G125/><N who="0" m="48235" /><D134/><U128/><E114/><V102/><F76/><W104/><G28/><T72/><D72/><U27/><E128/><N who="3" m="49194" /><G99/><T108/><D108/><N who="2" m="41546" /><F52/><W49/><G77/><T89/><D87/><AGARI ba="0,0" hai="23,26,30,68,70,78,80,87,98,102,107" m="41546" machi="87" ten="30,1500,0" yaku="10,1" doraHai="71" who="2" fromWho="0" sc="309,-15,231,0,142,15,318,0" /><INIT seed="6,1,0,1,5,7" ten="294,231,157,318" oya="2" hai0="3,24,98,91,17,40,68,92,119,78,65,4,130" hai1="82,84,101,36,50,63,51,125,46,126,9,66,42" hai2="80,52,81,90,128,20,45,23,64,77,0,127,100" hai3="123,117,79,13,49,22,115,87,107,8,111,85,61"/><V69/><F0/><W33/><G33/><T5/><D130/><U74/><E101/><V56/><F128/><W131/><G123/><T15/><D119/><U114/><E74/><V94/><F127/><N who="1" m="48649" /><E114/><V106/><F45/><W71/><G111/><T32/><D78/><N who="1" m="46167" /><E9/><V88/><F106/><W37/><G107/><T135/><D40/><U72/><E72/><V18/><F64/><W28/><G8/><T122/><D122/><U2/><E2/><V110/><F69/><AGARI ba="1,0" hai="36,42,46,50,51,63,66,69" m="46167,48649" machi="69" ten="30,1000,0" yaku="18,1" doraHai="7" who="1" fromWho="2" sc="294,0,231,13,157,-13,318,0" /><INIT seed="7,0,0,2,2,44" ten="294,244,144,318" oya="3" hai0="103,123,57,67,114,25,96,58,109,88,52,94,104" hai1="78,72,9,28,119,100,43,20,121,62,47,77,98" hai2="113,15,5,118,134,0,70,75,65,37,6,8,93" hai3="99,17,125,59,116,32,42,50,129,107,102,112,12"/><W131/><G116/><T63/><D123/><U80/><E121/><V84/><F118/><W122/><G122/><T127/><D109/><U117/><E78/><V24/><F75/><W87/><G112/><T45/><D114/><U105/><E62/><V2/><F113/><W61/><G125/><T128/><D127/><U56/><E56/><V90/><F37/><W66/><G32/><T4/><D128/><N who="3" m="49225" /><G87/><T21/><D4/><U1/><E20/><V115/><F115/><W89/><G89/><T95/><D45/><U40/><E28/><V10/><F134/><W35/><G35/><T86/><D104/><U39/><REACH who="1" step="1"/><E40/><REACH who="1" ten="294,234,144,318" step="2"/><V13/><REACH who="2" step="1"/><F24/><REACH who="2" ten="294,234,134,318" step="2"/><W38/><G38/><T106/><D106/><U82/><E82/><V51/><F51/><W68/><G50/><T14/><D14/><U92/><E92/><V23/><F23/><W48/><G48/><T132/><D132/><U73/><E73/><V108/><F108/><W53/><G12/><T110/><D110/><U85/><E85/><V135/><F135/><W31/><G107/><T46/><D21/><U133/><E133/><V3/><F3/><W27/><G27/><T60/><D25/><U29/><E29/><V26/><F26/><W79/><G31/><T69/><D69/><U22/><E22/><V81/><F81/><W49/><G49/><T19/><D46/><U30/><E30/><V130/><F130/><W34/><G68/><T101/><D101/><U18/><E18/><AGARI ba="0,2" hai="18,19,52,57,58,60,63,67,86,88,94,95,96,103" machi="18" ten="40,5200,0" yaku="8,1,54,2" doraHai="44" who="0" fromWho="1" sc="294,72,234,-52,134,0,318,0" owari="366,47.0,182,-22.0,134,-37.0,318,12.0" /></mjloggm>