<mjloggm ver="2.3"><GO type="169" lobby="0"/><UN n0="%74%6F%73%68%69%6D%61%69" n1="%E3%83%88%E3%83%88%E3%83%AA%E5%85%88%E7%94%9F%31%39%E6%AD%B3" n2="%E9%AB%98%E7%80%AC%E3%81%95%E3%82%93" n3="%E3%82%AB%E3%83%9D%E3%83%8D%E5%9B%A3%E3%81%AE%E5%85%84%E8%B2%B4" dan="17,19,16,18" rate="2232.84,2269.50,2073.88,2190.42" sx="M,F,M,M"/><TAIKYOKU oya="0"/><INIT seed="0,0,0,4,0,124" ten="250,250,250,250" oya="0" hai0="14,98,66,27,84,51,126,32,3,82,55,63,41" hai1="10,0,40,61,92,91,75,106,47,62,17,24,121" hai2="78,80,19,108,101,134,50,46,97,128,48,25,132" hai3="16,31,7,53,67,58,109,73,5,52,2,95,36"/><T39/><D3/><U74/><E121/><V59/><F108/><W44/><G73/><T133/><D126/><U30/><E106/><V112/><F112/><W64/><G109/><T105/><D133/><N who="2" m="51306" /><F59/><W90/><G31/><T37/><D14/><U13/><E74/><N who="2" m="43095" /><F128/><W103/><G103/><T43/><D39/><U104/><E104/><N who="2" m="63535" /><F46/><W107/><G107/><T127/><D127/><U88/><E75/><V35/><F35/><W125/><G125/><T111/><D111/><U94/><E0/><V56/><F56/><W54/><G2/><T18/><D37/><U11/><E11/><V86/><F86/><N who="3" m="52695" /><G36/><T85/><D85/><U118/><E118/><V135/><F135/><W76/><G76/><T130/><D130/><U119/><E119/><V49/><F49/><W87/><G87/><T4/><D4/><N who="3" m="1609" /><G44/><N who="0" m="28135" /><D105/><U83/><E83/><V68/><F68/><W117/><G58/><N who="0" m="37239" /><D98/><U29/><E92/><V22/><AGARI ba="0,0" hai="19,22,25,48,50" m="63535,43095,51306" machi="22" ten="30,1100,0" yaku="20,1" doraHai="124" who="2" fromWho="2" sc="250,-5,250,-3,250,11,250,-3" /><INIT seed="1,0,0,5,5,135" ten="245,247,261,247" oya="1" hai0="53,23,105,72,25,77,46,87,80,111,39,86,62" hai1="45,10,119,88,122,130,20,92,9,100,7,112,113" hai2="98,58,82,18,74,85,104,48,107,70,22,38,133" hai3="2,65,129,14,15,43,60,51,90,54,73,16,5"/><U84/><E119/><V114/><F133/><W79/><G129/><T1/><D111/><U128/><E122/><V19/><F70/><W81/><G43/><T103/><D105/><U68/><E68/><V12/><F38/><W108/><G108/><T32/><D32/><U110/><E110/><V36/><F36/><W95/><G2/><T11/><D103/><U17/><E45/><V117/><F117/><W52/><G5/><N who="0" m="1455" /><D62/><U0/><E10/><V127/><F74/><W8/><G15/><T91/><D91/><U27/><REACH who="1" step="1"/><E100/><REACH who="1" ten="245,237,261,247" step="2"/><V47/><F47/><W76/><G51/><T118/><D118/><U21/><E21/><V35/><F35/><W69/><REACH who="3" step="1"/><G76/><REACH who="3" ten="245,237,261,237" step="2"/><T134/><D134/><U126/><E126/><V34/><F127/><W97/><AGARI ba="0,2" hai="8,14,16,52,54,60,65,69,73,79,81,90,95,97" machi="97" ten="20,12000,2" yaku="1,1,2,1,0,1,7,1,54,2,53,1" doraHai="135" doraHaiUra="106" who="3" fromWho="3" sc="245,-30,237,-60,261,-30,237,140" /><INIT seed="2,0,0,4,0,5" ten="215,177,231,377" oya="2" hai0="127,69,26,72,113,98,4,68,23,11,79,40,74" hai1="41,21,25,32,132,19,125,67,6,63,42,3,27" hai2="22,9,121,87,85,117,97,20,64,89,78,77,130" hai3="120,111,38,75,31,57,102,43,82,48,70,44,62"/><V114/><F117/><W110/><G31/><T18/><D113/><U61/><E132/><V59/><F121/><W46/><G102/><T49/><D127/><U129/><E125/><V122/><F122/><W100/><G100/><T65/><D98/><U118/><E118/><V134/><F114/><W88/><G120/><T76/><D74/><U52/><E129/><V50/><F130/><W104/><G104/><T1/><D65/><U12/><E3/><V131/><F131/><W103/><G103/><T35/><D40/><U66/><E27/><V128/><F128/><W53/><G75/><T60/><D60/><U56/><E67/><V109/><F97/><W83/><G70/><T28/><D49/><U71/><REACH who="1" step="1"/><E32/><REACH who="1" ten="215,167,231,377" step="2"/><V45/><F134/><W133/><G133/><T112/><D112/><U54/><E54/><V123/><F123/><W30/><G110/><T91/><D69/><U99/><E99/><V33/><F33/><W115/><G111/><T8/><D68/><U51/><E51/><V58/><F64/><W80/><G115/><T0/><D35/><U95/><E95/><V24/><F50/><W2/><G2/><T34/><D34/><U81/><E81/><V107/><F109/><W84/><G30/><T119/><D119/><U105/><E105/><V37/><F107/><W73/><G73/><T106/><D106/><U90/><E90/><V116/><F89/><W124/><G124/><T15/><D0/><U36/><E36/><V17/><F37/><W14/><G14/><T10/><D72/><U126/><E126/><V16/><F116/><W29/><G29/><RYUUKYOKU ba="0,1" sc="215,-15,167,15,231,-15,377,15" hai1="6,12,19,21,25,41,42,52,56,61,63,66,71" hai3="38,43,44,46,48,53,57,62,80,82,83,84,88" /><INIT seed="3,1,1,5,2,119" ten="200,182,216,392" oya="3" hai0="92,103,13,24,85,67,59,120,110,81,45,114,15" hai1="64,43,33,12,68,3,73,26,29,79,66,55,111" hai2="0,10,39,115,78,50,134,44,93,76,106,57,133" hai3="117,4,32,95,52,108,89,127,46,101,112,69,130"/><W75/><G112/><T70/><D114/><U122/><E3/><V98/><F115/><W123/><G123/><T88/><D70/><U107/><E111/><V124/><F106/><W20/><G117/><T7/><D120/><U18/><E122/><V42/><F124/><W49/><G32/><T47/><D110/><U27/><E107/><V118/><F118/><W71/><G108/><T25/><D67/><U36/><E68/><V109/><F109/><W113/><G75/><T62/><D47/><U82/><E43/><V96/><F57/><W90/><G69/><T14/><D7/><U40/><E40/><V77/><F39/><W84/><G113/><T53/><D45/><U28/><E55/><V74/><F93/><W91/><G127/><T135/><D135/><N who="2" m="51722" /><F74/><W19/><G4/><AGARI ba="1,1" hai="0,4,10,42,44,50,76,77,78,96,98" m="51722" machi="4" ten="30,1000,0" yaku="20,1" doraHai="119" who="2" fromWho="3" sc="200,0,182,0,216,23,392,-13" /><INIT seed="4,0,0,3,4,124" ten="200,182,239,379" oya="0" hai0="31,66,22,12,55,54,127,105,77,121,79,58,42" hai1="115,19,68,41,17,76,89,44,4,1,82,18,71" hai2="30,32,113,78,15,118,24,0,29,104,132,102,128" hai3="101,88,34,7,135,116,69,62,6,3,56,83,119"/><T99/><D121/><U123/><E123/><V5/><F113/><W67/><G34/><T85/><D127/><U100/><E89/><V45/><F118/><W106/><G135/><T90/><D66/><U84/><E115/><V122/><F122/><W25/><G106/><T13/><D42/><U9/><REACH who="1" step="1"/><E100/><REACH who="1" ten="200,172,239,379" step="2"/><V63/><F102/><W39/><G101/><T73/><D79/><U80/><E80/><V36/><F78/><W37/><G88/><T8/><D77/><U16/><N who="1" m="4096" /><DORA hai="46" /><U96/><E96/><V27/><F132/><W14/><G83/><T57/><D99/><U107/><E107/><V114/><F104/><W74/><G116/><T97/><D97/><U61/><E61/><V65/><F114/><W38/><G62/><N who="0" m="36151" /><D105/><U126/><E126/><V133/><F133/><W117/><G117/><T51/><D73/><U52/><E52/><V53/><F53/><W87/><G74/><T48/><D90/><U92/><E92/><V50/><F63/><W33/><G119/><T131/><D131/><U86/><E86/><V21/><F65/><W95/><G67/><T111/><D85/><U81/><E81/><V10/><F128/><W110/><G87/><T103/><D103/><U43/><E43/><V109/><F109/><W70/><G95/><T26/><D111/><U11/><E11/><V20/><F10/><W130/><G130/><T28/><D8/><U94/><E94/><V2/><F24/><W35/><G25/><T23/><D26/><U72/><E72/><V40/><F27/><W129/><G129/><T59/><D55/><U108/><E108/><RYUUKYOKU ba="0,1" sc="200,-10,172,30,239,-10,379,-10" hai1="1,4,9,41,44,68,71,76,82,84" /><INIT seed="5,1,1,1,0,63" ten="190,202,229,369" oya="1" hai0="88,98,21,28,24,119,109,53,12,3,86,47,81" hai1="118,51,50,95,61,66,15,113,59,99,16,36,19" hai2="17,42,108,43,93,31,41,125,90,29,46,60,4" hai3="70,126,116,37,26,78,13,122,44,107,94,97,117"/><U32/><E118/><N who="3" m="45674" /><G122/><T45/><D3/><U30/><E36/><V110/><F4/><W14/><G70/><T130/><D119/><U115/><E30/><V48/><F125/><W62/><G107/><T1/><D1/><U134/><E32/><V52/><F60/><W132/><G132/><T0/><D0/><U114/><E134/><V65/><F65/><W131/><G131/><T124/><D109/><U121/><E121/><V23/><F108/><W56/><G78/><T54/><D124/><U120/><E120/><V8/><F8/><W77/><G77/><N who="0" m="46383" /><D130/><U55/><E15/><N who="2" m="9663" /><F110/><W92/><G26/><T76/><D76/><U72/><E72/><V57/><F46/><N who="0" m="17418" /><D12/><U105/><E105/><V68/><F68/><W102/><G126/><T27/><D27/><U49/><E55/><V22/><F22/><W75/><G75/><T9/><D9/><U74/><E74/><V103/><F103/><AGARI ba="1,1" hai="16,19,49,50,51,59,61,66,95,99,103,113,114,115" machi="103" ten="50,9600,0" yaku="15,1,52,1,54,1" doraHai="63" who="1" fromWho="2" sc="190,0,202,109,229,-99,369,0" /><INIT seed="5,2,0,2,3,122" ten="190,311,130,369" oya="1" hai0="128,126,8,11,117,31,71,108,15,84,68,13,59" hai1="4,36,1,121,103,3,81,127,74,66,12,96,24" hai2="32,41,97,9,94,130,125,72,107,78,69,123,52" hai3="82,44,53,48,63,23,16,34,88,19,112,132,119"/><U115/><E121/><V75/><F123/><W106/><G34/><T102/><D117/><U2/><E36/><V109/><F32/><W79/><G112/><T110/><D102/><U111/><E115/><V124/><F69/><W37/><G132/><T38/><D38/><U27/><E127/><N who="2" m="48715" /><F41/><W80/><G106/><T92/><D126/><U29/><E66/><V10/><F130/><W65/><G37/><T14/><D31/><U55/><E111/><N who="0" m="42537" /><D92/><U129/><E129/><V93/><F109/><W43/><G43/><T77/><D128/><U56/><E29/><V22/><F22/><W47/><G47/><T89/><D89/><U90/><E12/><V98/><F107/><W50/><G50/><T87/><D59/><U49/><E4/><V83/><F75/><W17/><G119/><T134/><D77/><U51/><E51/><V113/><F113/><W64/><G79/><T25/><D25/><U133/><E74/><V131/><F52/><N who="3" m="29703" /><G23/><T26/><D26/><U100/><E27/><V95/><F131/><W86/><G82/><T105/><D105/><N who="1" m="63623" /><E24/><V33/><F33/><W99/><G99/><AGARI ba="2,0" hai="9,10,72,78,83,93,94,95,97,98,99" m="48715" machi="99" ten="30,1000,0" yaku="18,1" doraHai="122" who="2" fromWho="3" sc="190,0,311,0,130,16,369,-16" /><INIT seed="6,0,0,5,4,59" ten="190,311,146,353" oya="2" hai0="109,88,55,6,125,31,0,12,60,2,25,123,22" hai1="45,131,64,27,100,106,99,104,134,117,124,133,83" hai2="85,52,35,73,30,79,15,75,24,54,97,108,62" hai3="11,118,42,16,46,9,3,130,90,94,80,132,78"/><V63/><F108/><W21/><G118/><T127/><D109/><U116/><E45/><V68/><F15/><W44/><G132/><N who="1" m="50794" /><E27/><V107/><F85/><N who="3" m="48279" /><G3/><T126/><D123/><U77/><E64/><N who="2" m="40983" /><F79/><W10/><G42/><T39/><D39/><U112/><E112/><V26/><F26/><N who="3" m="14631" /><G130/><T103/><D103/><U91/><E124/><V8/><F8/><W67/><G67/><T84/><D12/><U20/><E20/><V1/><F1/><W51/><G51/><T36/><D36/><U53/><E131/><V114/><F114/><W105/><G105/><T13/><D13/><U28/><E53/><N who="2" m="20587" /><F63/><W19/><G19/><T57/><REACH who="0" step="1"/><D6/><REACH who="0" ten="180,311,146,353" step="2"/><U7/><E7/><V113/><F113/><W95/><G10/><T32/><D32/><U93/><E106/><V34/><F34/><W18/><G11/><T72/><D72/><N who="1" m="43431" /><E28/><V29/><F29/><W50/><G9/><T38/><D38/><U119/><E119/><V71/><F71/><W102/><G102/><AGARI ba="0,1" hai="24,30,35,73,75,97,102,107" m="20587,40983" machi="102" ten="30,5800,0" yaku="25,1,52,1,54,1" doraHai="59" who="2" fromWho="3" sc="180,0,311,0,146,68,353,-58" /><INIT seed="6,1,0,0,1,101" ten="180,311,214,295" oya="2" hai0="35,97,98,17,14,109,13,93,104,5,102,62,7" hai1="111,88,15,46,92,83,64,52,8,91,82,42,12" hai2="120,73,39,32,125,10,24,28,86,96,112,43,31" hai3="60,105,69,131,100,3,119,85,135,22,57,19,1"/><V33/><F120/><W47/><G119/><T16/><D35/><U118/><E111/><V81/><F125/><W41/><G69/><T124/><D124/><U65/><E118/><V2/><F112/><W66/><G85/><T117/><D117/><U53/><E42/><V50/><F73/><W103/><G103/><T79/><D79/><U113/><E113/><V70/><F70/><W108/><G108/><T106/><D109/><U4/><E15/><V29/><F39/><W56/><G56/><T133/><D102/><U25/><E25/><V89/><F96/><W30/><G30/><T72/><D62/><U75/><E75/><V54/><F43/><W130/><G135/><T121/><D72/><U63/><E91/><V38/><F38/><W116/><G116/><T80/><D93/><U6/><E6/><V68/><F68/><W11/><G47/><T0/><D80/><N who="1" m="30763" /><E46/><V48/><F48/><W34/><G34/><T110/><D110/><U49/><E63/><V90/><F90/><W55/><G66/><N who="1" m="25706" /><E49/><V127/><F33/><W87/><G41/><T71/><D71/><U59/><E59/><N who="2" m="33239" /><F127/><W51/><G51/><T76/><D76/><U23/><E23/><V128/><F128/><N who="3" m="49195" /><G22/><T58/><D58/><U94/><E94/><V74/><F74/><W84/><G87/><AGARI ba="1,0" hai="4,8,12,52,53,87,88,92" m="25706,30763" machi="87" ten="30,3900,0" yaku="8,1,54,2" doraHai="101" who="1" fromWho="3" sc="180,0,311,42,214,0,295,-42" /><INIT seed="7,0,0,3,5,83" ten="180,353,214,253" oya="3" hai0="85,69,0,54,98,66,49,35,2,129,86,63,96" hai1="57,110,117,52,55,102,7,41,87,12,106,131,108" hai2="26,34,94,10,114,19,126,37,75,97,47,77,67" hai3="124,103,135,17,92,112,46,88,93,50,70,6,3"/><W60/><G112/><T72/><D72/><U58/><E41/><V56/><F114/><W116/><G116/><T42/><D35/><U115/><E115/><V39/><F126/><W13/><G135/><T133/><D133/><U122/><E122/><V36/><F34/><W28/><G28/><T134/><D134/><U44/><E44/><V91/><F47/><W40/><G3/><T24/><D42/><U4/><E87/><V84/><F75/><W23/><G6/><T62/><D129/><U78/><E78/><V105/><F77/><W61/><G70/><T38/><D38/><U8/><E131/><V32/><F32/><W16/><G17/><T128/><D128/><U11/><E102/><V118/><F118/><W80/><G80/><T22/><D63/><U15/><E106/><V89/><F105/><W27/><G27/><T29/><D0/><U119/><AGARI ba="0,0" hai="4,7,8,11,12,15,52,55,57,58,108,110,117,119" machi="119" ten="25,6400,0" yaku="0,1,22,2,54,1" doraHai="83" who="1" fromWho="1" sc="180,-16,353,64,214,-16,253,-32" owari="164,-34.0,417,52.0,198,-20.0,221,2.0" /></mjloggm>