<mjloggm ver="2.3"><GO type="169" lobby="0"/><UN n0="%E5%BE%80%E5%BE%A9%E3%83%93%E3%83%B3%E3%82%BF" n1="%E3%83%88%E3%83%88%E3%83%AA%E5%85%88%E7%94%9F%31%39%E6%AD%B3" n2="%6D%61%69%6E%28%29" n3="%E3%81%8B%E3%81%B4%E3%81%B1%E3%82%89" dan="16,19,16,16" rate="2139.94,2280.44,2100.05,2101.36" sx="M,F,M,F"/><TAIKYOKU oya="0"/><INIT seed="0,0,0,2,2,86" ten="250,250,250,250" oya="0" hai0="98,7,76,51,13,58,24,88,85,75,53,63,100" hai1="45,17,62,131,30,33,110,125,95,59,81,56,68" hai2="135,93,113,66,109,87,5,46,127,42,57,108,40" hai3="23,126,106,41,117,94,2,20,48,118,79,1,50"/><T102/><D75/><U73/><E110/><N who="2" m="42603" /><F113/><W10/><G79/><T11/><D76/><U55/><E131/><V3/><F135/><W114/><G114/><T19/><D98/><U92/><E125/><V12/><F3/><W116/><G106/><T44/><D24/><U99/><E68/><V107/><F107/><W38/><G126/><T8/><D8/><U122/><E122/><V64/><F127/><W6/><G1/><T111/><D7/><U82/><E73/><V71/><F71/><W74/><G74/><T97/><D97/><U83/><E45/><V103/><F57/><W27/><G23/><T101/><D111/><U32/><E30/><V9/><F103/><W4/><G4/><T120/><D120/><U60/><E17/><V18/><F18/><W129/><G129/><T91/><D85/><U130/><E130/><V26/><F26/><W25/><G25/><T61/><REACH who="0" step="1"/><D61/><REACH who="0" ten="240,250,250,250" step="2"/><U84/><E84/><V90/><F5/><W35/><G27/><T104/><D104/><U65/><REACH who="1" step="1"/><E95/><REACH who="1" ten="240,240,250,250" step="2"/><V31/><F93/><W14/><G94/><T67/><AGARI ba="0,2" hai="11,13,19,44,51,53,58,63,67,88,91,100,101,102" machi="67" ten="30,18000,2" yaku="1,1,0,1,8,1,52,2,54,1,53,1" doraHai="86" doraHaiUra="49" who="0" fromWho="0" sc="240,200,240,-60,250,-60,250,-60" /><INIT seed="0,1,0,5,5,52" ten="440,180,190,190" oya="0" hai0="102,42,65,0,131,114,123,103,12,129,94,111,15" hai1="43,27,95,25,107,60,34,58,10,92,68,119,54" hai2="66,22,100,122,31,67,37,21,71,18,84,127,80" hai3="72,55,124,89,20,87,135,75,41,73,97,86,33"/><T133/><D0/><U3/><E119/><V46/><F122/><W105/><G33/><T128/><D123/><U61/><E107/><V28/><F127/><W104/><G41/><T35/><D35/><U23/><E43/><V77/><F37/><W85/><G55/><T63/><D114/><U36/><E36/><V14/><F46/><W57/><G57/><N who="0" m="37103" /><D133/><U38/><E38/><V120/><F120/><W116/><G20/><N who="2" m="7785" /><F100/><N who="0" m="38442" /><D111/><U81/><E34/><V70/><F70/><W112/><G112/><T90/><D42/><U59/><E68/><V130/><F71/><W125/><G116/><T2/><D2/><U132/><E132/><V6/><F130/><W48/><G48/><T126/><D126/><N who="3" m="48745" /><G135/><T98/><AGARI ba="1,0" hai="12,15,90,94,98,128,129,131" m="38442,37103" machi="98" ten="40,3900,0" yaku="19,1,52,1" doraHai="52" who="0" fromWho="0" sc="440,42,180,-14,190,-14,190,-14" /><INIT seed="0,2,0,0,2,31" ten="482,166,176,176" oya="0" hai0="130,84,123,54,45,30,11,96,51,88,74,92,101" hai1="47,83,20,106,69,117,124,6,132,68,9,21,73" hai2="37,107,110,122,72,61,12,65,32,104,10,108,112" hai3="116,0,103,43,94,64,5,36,42,97,114,100,48"/><T131/><D74/><U125/><E117/><V14/><F122/><W127/><G36/><T120/><D30/><U22/><E106/><V7/><F112/><W50/><G114/><T135/><D135/><U46/><E132/><V113/><F113/><W77/><G116/><T93/><REACH who="0" step="1"/><D11/><REACH who="0" ten="472,166,176,176" step="2"/><U66/><E9/><V115/><F72/><W17/><G127/><T134/><D134/><U33/><E73/><V75/><F75/><W118/><G118/><T90/><D90/><U105/><E124/><V2/><F115/><W19/><G77/><T13/><D13/><U44/><E125/><V60/><F12/><W76/><G76/><T41/><D41/><U121/><E121/><AGARI ba="2,1" hai="45,51,54,84,88,92,93,96,101,120,121,123,130,131" machi="121" ten="40,7700,0" yaku="1,1,54,1,53,1" doraHai="31" doraHaiUra="99" who="0" fromWho="1" sc="472,93,166,-83,176,0,176,0" /><INIT seed="0,3,0,2,3,118" ten="565,83,176,176" oya="0" hai0="47,61,31,51,3,27,37,18,108,112,129,114,134" hai1="93,36,127,67,82,19,29,77,39,46,70,48,116" hai2="33,23,60,50,58,83,0,59,22,57,89,10,56" hai3="49,106,40,122,4,91,11,121,12,88,55,53,87"/><T41/><D3/><U81/><E116/><V35/><F50/><W8/><G106/><T115/><D134/><U17/><E127/><V24/><F83/><W2/><G40/><T64/><D129/><U78/><E29/><V130/><F130/><W135/><G135/><T109/><D18/><U107/><E107/><V1/><F89/><W124/><G124/><T131/><D131/><U84/><E93/><V85/><F85/><W76/><G76/><T125/><D125/><U45/><E67/><V94/><F94/><W54/><G49/><T92/><D92/><U7/><E7/><V103/><F103/><W13/><G2/><T71/><D27/><U21/><E70/><V63/><F1/><W28/><G28/><T90/><D90/><U32/><E32/><V126/><F126/><W104/><G104/><T20/><D20/><U16/><E21/><V5/><F23/><W120/><G87/><T133/><D31/><U79/><E84/><V38/><F38/><N who="1" m="14377" /><E48/><V80/><F35/><W25/><G25/><T101/><D101/><U30/><E30/><V72/><F33/><W43/><G43/><T44/><D133/><U6/><E6/><AGARI ba="3,0" hai="4,6,8,11,12,13,53,54,55,88,91,120,121,122" machi="6" ten="50,12000,2" yaku="9,1,13,1,52,3,54,1" doraHai="118" who="3" fromWho="1" sc="565,0,83,-129,176,0,176,129" owari="565,66.0,-46,-55.0,176,-22.0,305,11.0" /></mjloggm>