<mjloggm ver="2.3"><GO type="169" lobby="0"/><UN n0="%E3%83%88%E3%83%88%E3%83%AA%E5%85%88%E7%94%9F%31%39%E6%AD%B3" n1="%E4%B8%87%E6%97%A5%E3%81%AE%E7%A8%BD%E5%8F%A4" n2="%4D%61%73%61%74" n3="%74%61%72%6F%33%39%30%30" dan="19,16,17,17" rate="2279.17,2042.83,2157.05,2173.20" sx="F,M,M,M"/><TAIKYOKU oya="0"/><INIT seed="0,0,0,5,4,28" ten="250,250,250,250" oya="0" hai0="43,70,88,18,10,24,36,63,94,99,133,22,31" hai1="47,65,120,87,110,68,54,101,55,89,11,91,53" hai2="81,60,33,131,118,124,114,2,4,86,14,48,58" hai3="27,105,61,6,1,21,122,32,17,62,3,106,90"/><T84/><D133/><U37/><E120/><V71/><F114/><W103/><G122/><T119/><D119/><U83/><E101/><V50/><F124/><W85/><G32/><T96/><D36/><U72/><E72/><V93/><F71/><W44/><G44/><T57/><D70/><U56/><E68/><V38/><F38/><W76/><G76/><T9/><D43/><U29/><E29/><V80/><F2/><W123/><G123/><T49/><D49/><N who="1" m="28863" /><E37/><V66/><F131/><W7/><G1/><T40/><D40/><U35/><E35/><V125/><F125/><W97/><G106/><T23/><D96/><U34/><E34/><V26/><F93/><W30/><G30/><T51/><D51/><U59/><E11/><V116/><F80/><W117/><G117/><N who="2" m="45161" /><F26/><W64/><G3/><T102/><D23/><U109/><E91/><N who="2" m="51663" /><F33/><W79/><G79/><T0/><D0/><U69/><E69/><V15/><F15/><W5/><REACH who="3" step="1"/><G64/><REACH who="3" ten="250,250,250,240" step="2"/><T8/><D31/><U127/><E127/><V82/><F82/><AGARI ba="0,1" hai="5,6,7,17,21,27,61,62,82,85,90,97,103,105" machi="82" ten="40,2600,0" yaku="1,1,2,1,53,0" doraHai="28" doraHaiUra="108" who="3" fromWho="2" sc="250,0,250,0,250,-26,240,36" /><INIT seed="1,0,0,5,3,9" ten="250,250,224,276" oya="1" hai0="129,43,29,116,30,58,68,28,82,92,19,38,91" hai1="96,117,21,26,1,31,105,84,113,13,25,50,71" hai2="72,131,78,18,33,122,60,95,88,133,67,4,32" hai3="127,87,42,99,103,106,15,90,120,108,126,70,2"/><U14/><E113/><V65/><F122/><W100/><G2/><T63/><D116/><U93/><E117/><V12/><F131/><W79/><G70/><T22/><D68/><U128/><E1/><V97/><F133/><W6/><G120/><T114/><D114/><U94/><E71/><V51/><F65/><W56/><G108/><T107/><D107/><U20/><E128/><V62/><F4/><W125/><G42/><T110/><D110/><U35/><E105/><V66/><F51/><W10/><G100/><T73/><D129/><U111/><E111/><V89/><F89/><W45/><G45/><T76/><D43/><U118/><E118/><V123/><F62/><W37/><G37/><T11/><D11/><U52/><E84/><V46/><F67/><W85/><G79/><T134/><D38/><U83/><E83/><V47/><F33/><W135/><G135/><T55/><D134/><U101/><E93/><V23/><F32/><W81/><G87/><T124/><D124/><U8/><E8/><V5/><F123/><W0/><G0/><T109/><D109/><U41/><E41/><V112/><F112/><W48/><G48/><T132/><D132/><U16/><E35/><V49/><F5/><W69/><G69/><T75/><D75/><U74/><E74/><V34/><F34/><W24/><G56/><AGARI ba="0,0" hai="13,14,16,20,21,25,26,31,50,52,56,94,96,101" machi="56" ten="30,18000,2" yaku="7,1,8,1,52,2,54,2" doraHai="9" who="1" fromWho="3" sc="250,0,250,180,224,0,276,-180" /><INIT seed="1,1,0,2,1,124" ten="250,430,224,96" oya="1" hai0="6,128,62,94,5,121,65,67,12,103,116,84,3" hai1="51,21,24,81,29,7,86,36,61,69,60,1,10" hai2="126,16,102,49,0,53,119,46,75,125,97,98,122" hai3="99,127,78,93,34,118,48,15,19,120,132,9,76"/><U72/><E36/><V70/><F122/><W20/><G120/><T82/><D121/><U18/><E72/><V2/><F119/><W64/><G34/><T117/><D3/><U106/><E69/><V4/><F75/><W14/><G127/><N who="2" m="48649" /><F70/><W73/><G132/><T8/><D6/><U74/><E74/><V80/><F4/><W101/><G118/><T58/><D128/><U113/><E113/><V41/><F80/><W68/><G73/><T59/><D117/><U89/><E106/><V40/><F97/><W112/><G112/><T35/><D35/><U90/><E51/><V87/><F87/><W92/><G68/><T17/><D116/><U115/><E115/><V108/><F16/><N who="3" m="10271" /><G64/><T32/><D32/><U96/><E18/><V129/><F108/><W63/><G63/><T123/><D123/><U39/><E39/><V23/><F23/><W11/><G11/><T31/><D31/><U52/><E96/><V83/><F83/><W56/><G93/><T111/><D111/><U28/><E28/><V88/><F129/><W135/><G135/><T50/><D5/><U109/><E109/><V42/><F102/><W133/><G133/><T33/><D33/><U100/><E100/><V25/><F25/><W107/><G107/><T44/><D94/><AGARI ba="1,0" hai="0,2,40,41,42,46,49,53,88,94,98" m="48649" machi="94" ten="30,2000,0" yaku="18,1,54,1" doraHai="124" who="2" fromWho="0" sc="250,-23,430,0,224,23,96,0" /><INIT seed="2,0,0,0,4,128" ten="227,430,247,96" oya="2" hai0="57,90,91,41,75,117,110,122,67,47,52,31,19" hai1="100,116,126,74,104,111,79,46,83,10,68,38,118" hai2="113,61,30,9,131,123,54,84,63,45,1,69,56" hai3="77,13,3,109,62,44,15,40,133,17,82,66,32"/><V0/><F123/><W42/><G3/><T18/><D122/><U49/><E68/><V24/><F113/><W88/><G32/><T35/><D75/><U12/><E38/><V53/><F131/><W87/><G109/><T60/><D117/><U34/><E34/><V2/><F84/><W98/><G133/><T96/><D110/><U120/><E111/><V132/><F9/><W36/><G42/><T130/><D130/><U86/><E120/><V108/><F108/><W124/><G124/><T71/><D31/><U65/><E65/><V37/><F69/><W64/><G13/><T39/><D35/><U25/><E25/><V6/><F6/><W55/><G55/><T7/><D7/><N who="1" m="3167" /><E74/><V28/><F132/><W89/><G98/><T20/><D96/><N who="1" m="61447" /><E126/><V114/><F114/><W105/><G105/><T72/><D72/><U102/><E102/><V115/><F115/><W16/><G17/><T43/><D18/><U22/><E22/><V127/><F127/><W50/><G36/><T103/><D103/><U94/><E94/><V11/><F11/><N who="3" m="6271" /><G62/><T106/><D41/><AGARI ba="0,0" hai="41,46,49,79,83,86,116,118" m="61447,3167" machi="41" ten="30,1000,0" yaku="25,1" doraHai="128" who="1" fromWho="0" sc="227,-10,430,10,247,0,96,0" /><INIT seed="3,0,0,1,4,24" ten="217,440,247,96" oya="3" hai0="89,69,5,115,14,91,98,64,68,86,21,122,49" hai1="102,84,26,114,79,123,10,82,33,2,100,125,53" hai2="134,6,117,106,48,1,30,97,61,51,131,108,63" hai3="81,18,54,95,75,80,96,16,121,59,133,88,107"/><W65/><G121/><T99/><D122/><U56/><E123/><V29/><F117/><W38/><G38/><T37/><D37/><U94/><E114/><V71/><F131/><W93/><G107/><T27/><D115/><U129/><E129/><V73/><F73/><W74/><G74/><T28/><D64/><U0/><E125/><V105/><F6/><W40/><G40/><T8/><D69/><U113/><E113/><V41/><F1/><W45/><G133/><T83/><D68/><U52/><E2/><V43/><F71/><W60/><G75/><T36/><D36/><U132/><E132/><V120/><F134/><W72/><G72/><T20/><D20/><U92/><E0/><V87/><F87/><W119/><G119/><T34/><D34/><U62/><E10/><V116/><F120/><W130/><G130/><T103/><D49/><U4/><E4/><V42/><F97/><N who="0" m="36874" /><D103/><N who="1" m="39467" /><E33/><V76/><F76/><AGARI ba="0,0" hai="5,8,14,21,27,28,76,83,86,89,91" m="36874" machi="76" ten="30,2000,0" yaku="8,1,52,1" doraHai="24" who="0" fromWho="2" sc="217,20,440,0,247,-20,96,0" /><INIT seed="4,0,0,4,3,16" ten="237,440,227,96" oya="0" hai0="87,39,37,13,131,77,119,118,36,86,116,38,22" hai1="44,50,63,133,129,11,95,106,102,0,126,71,105" hai2="70,54,18,55,45,109,28,10,1,72,98,92,123" hai3="107,12,120,43,101,111,5,19,49,15,30,57,128"/><T117/><D131/><U62/><E129/><V3/><F72/><W67/><G128/><T14/><N who="0" m="9216" /><DORA hai="60" /><T9/><N who="0" m="29696" /><DORA hai="8" /><T61/><D77/><U26/><E133/><V65/><F123/><W84/><G111/><T52/><D22/><U59/><E71/><V47/><F65/><W93/><G120/><T135/><D135/><U91/><E126/><V31/><F70/><W82/><G107/><T124/><D124/><U21/><E105/><V40/><F40/><W81/><G30/><T46/><D14/><N who="3" m="5161" /><G5/><T94/><D94/><U23/><E102/><V20/><F109/><W104/><G104/><T113/><D113/><U112/><E106/><V130/><F10/><W90/><G19/><T35/><D35/><U80/><E80/><N who="3" m="30826" /><G101/><T48/><REACH who="0" step="1"/><D61/><REACH who="0" ten="227,440,227,96" step="2"/><U32/><E63/><V24/><F130/><W88/><G90/><T25/><D25/><U66/><E26/><V69/><F24/><W29/><G29/><T100/><D100/><U68/><E32/><V97/><F20/><W132/><G132/><T33/><D33/><U51/><E23/><V127/><F127/><W96/><G67/><T2/><D2/><U114/><E21/><V76/><F76/><W27/><G27/><T89/><D89/><U64/><E64/><V122/><F1/><W17/><G17/><AGARI ba="0,1" hai="9,13,17,46,48,52,86,87" m="29696,9216" machi="17" ten="100,12000,1" yaku="1,1,52,1,54,1,53,0" doraHai="16,60,8" doraHaiUra="99,79,103" who="0" fromWho="3" sc="227,130,440,0,227,0,96,-120" owari="357,16.0,440,53.0,227,-17.0,-24,-52.0" /></mjloggm>