<mjloggm ver="2.3"><GO type="169" lobby="0"/><UN n0="%E3%82%B9%E3%82%BF%E3%83%BC%E3%81%B2%E3%82%8D%E3%81%98" n1="%67%6F%75%73%69" n2="%E3%81%82%E3%81%8A%E3%81%8D%E3%82%93%E3%81%90" n3="%E3%83%88%E3%83%88%E3%83%AA%E5%85%88%E7%94%9F%31%39%E6%AD%B3" dan="16,16,16,19" rate="2070.91,2138.83,2085.61,2313.47" sx="M,M,M,F"/><TAIKYOKU oya="0"/><INIT seed="0,0,0,2,4,108" ten="250,250,250,250" oya="0" hai0="123,54,31,135,20,125,130,11,129,51,27,1,5" hai1="4,61,105,43,115,82,121,126,75,117,92,134,112" hai2="19,9,114,119,46,66,79,99,87,100,76,45,36" hai3="14,53,69,67,74,70,88,78,131,89,97,65,109"/><T103/><D103/><U15/><E105/><V98/><F119/><W122/><G109/><T47/><D123/><U107/><E107/><V113/><F66/><W59/><G122/><T83/><D125/><U34/><E121/><V40/><F46/><W96/><G131/><N who="0" m="50187" /><D83/><U7/><E117/><V90/><F19/><W60/><G74/><T21/><D21/><U23/><E34/><V2/><F9/><W68/><G78/><T33/><D33/><U25/><E43/><V17/><F17/><W118/><G118/><T57/><D57/><U132/><E61/><V133/><F2/><W35/><G35/><T72/><D72/><U111/><E111/><V30/><F30/><W38/><G38/><T80/><D80/><U49/><E49/><V16/><F16/><W26/><G26/><T50/><D50/><U52/><E126/><V94/><F99/><W28/><G14/><T101/><D101/><U44/><E92/><V12/><F12/><W3/><G3/><T56/><D56/><U77/><E15/><V58/><F58/><W39/><G28/><T0/><D135/><N who="1" m="51755" /><E52/><V110/><F110/><W95/><G39/><T29/><D0/><U13/><E44/><V8/><F8/><W116/><G116/><T93/><D93/><AGARI ba="0,0" hai="53,59,60,65,67,68,69,70,88,89,93,95,96,97" machi="93" ten="40,2600,0" yaku="9,1,54,1" doraHai="108" who="3" fromWho="0" sc="250,-26,250,0,250,0,250,26" /><INIT seed="1,0,0,1,1,11" ten="224,250,250,276" oya="1" hai0="15,104,84,81,111,43,50,78,98,79,106,119,61" hai1="67,93,26,28,5,115,83,32,75,27,24,117,23" hai2="16,80,51,52,135,10,110,85,7,6,89,64,90" hai3="70,55,113,59,128,44,35,2,116,38,25,99,109"/><U130/><E117/><V29/><F110/><W13/><G113/><T19/><D61/><U96/><E115/><V39/><F135/><W124/><G2/><T82/><D111/><U21/><E130/><V118/><F118/><W49/><G109/><T20/><D119/><U112/><E112/><V114/><F39/><W31/><G116/><T36/><D36/><U8/><E67/><V45/><F114/><W48/><G128/><T87/><D98/><U58/><E58/><V125/><F125/><W22/><G124/><T18/><D18/><U34/><E83/><V133/><F133/><W88/><G70/><T121/><D121/><U108/><E75/><V69/><F29/><W30/><G38/><T0/><D0/><N who="1" m="39" /><E93/><V9/><F9/><W65/><G35/><N who="1" m="13354" /><E96/><V95/><F64/><W3/><G3/><T97/><D97/><U57/><E57/><V33/><F33/><W100/><G31/><T68/><D68/><U56/><E56/><V129/><F69/><W132/><G132/><T127/><D127/><U54/><E54/><V120/><F120/><W40/><G65/><T103/><D103/><U101/><E101/><V66/><F66/><W105/><G88/><T92/><D92/><U4/><E108/><V37/><F37/><W12/><AGARI ba="0,0" hai="12,13,22,25,30,40,44,48,49,55,59,99,100,105" machi="12" ten="30,4000,0" yaku="0,1,52,2" doraHai="11" who="3" fromWho="3" sc="224,-10,250,-20,250,-10,276,40" /><INIT seed="2,0,0,2,2,32" ten="214,230,240,316" oya="2" hai0="42,71,48,54,49,134,69,88,60,46,82,34,1" hai1="106,41,98,126,7,57,125,56,12,68,28,87,114" hai2="70,59,36,135,117,13,127,79,96,100,10,119,40" hai3="108,94,61,84,52,26,45,62,91,105,63,131,17"/><V30/><F70/><W97/><G108/><T55/><D34/><U103/><E68/><V129/><F30/><W33/><G131/><T128/><D128/><U73/><E73/><V29/><F29/><W25/><G33/><T77/><D134/><U116/><E114/><V38/><F129/><W43/><G105/><T11/><D60/><U3/><E28/><V64/><F79/><W16/><G43/><T21/><D21/><U107/><E116/><V44/><F38/><W74/><G74/><T85/><D77/><U124/><E106/><V89/><F89/><W109/><G109/><T133/><D133/><U15/><E41/><V112/><F112/><W51/><G97/><T5/><D42/><U37/><E87/><V27/><F27/><AGARI ba="0,0" hai="16,17,25,26,27,45,51,52,61,62,63,84,91,94" machi="27" ten="40,5200,0" yaku="8,1,54,2" doraHai="32" who="3" fromWho="2" sc="214,0,230,0,240,-52,316,52" /><INIT seed="3,0,0,2,0,69" ten="214,230,188,368" oya="3" hai0="27,81,127,104,66,7,63,116,13,134,10,21,57" hai1="125,64,71,114,56,18,62,46,113,72,42,74,32" hai2="90,130,73,61,88,24,37,123,121,45,129,111,135" hai3="15,20,101,98,112,6,12,97,133,100,87,96,35"/><W115/><G35/><T41/><D104/><U105/><E125/><V30/><F111/><W82/><G6/><T51/><D127/><U128/><E18/><V60/><F73/><W5/><G5/><T53/><D134/><U75/><E128/><N who="2" m="49259" /><F135/><W132/><G20/><T92/><D116/><U49/><E105/><V34/><F45/><W108/><G97/><T0/><D81/><U107/><E107/><V86/><F37/><W76/><G82/><T8/><D92/><U3/><E3/><V79/><F79/><W110/><REACH who="3" step="1"/><G87/><REACH who="3" ten="214,230,188,358" step="2"/><T31/><D0/><U36/><E32/><V99/><F99/><W54/><G54/><AGARI ba="0,1" hai="36,42,46,49,54,56,62,64,71,72,74,75,113,114" machi="54" ten="40,5200,0" yaku="24,2,52,1" doraHai="69" who="1" fromWho="3" sc="214,0,230,62,188,0,358,-52" /><INIT seed="4,0,0,3,4,29" ten="214,292,188,306" oya="0" hai0="94,2,45,54,23,109,98,116,51,117,105,85,1" hai1="40,31,99,64,82,5,135,101,72,25,80,131,118" hai2="20,42,93,18,90,63,123,9,24,121,103,111,3" hai3="78,0,91,126,6,102,16,132,119,56,104,107,50"/><T67/><D105/><U133/><E118/><V11/><F111/><W77/><G119/><T88/><D67/><U53/><E131/><V76/><F103/><W17/><G126/><T39/><D109/><U58/><E5/><V46/><F76/><W62/><G132/><N who="1" m="50762" /><E40/><V89/><F63/><W55/><G0/><T84/><D39/><U57/><E64/><V21/><F90/><W125/><G6/><T87/><D1/><U66/><E66/><V130/><F130/><W100/><G107/><T32/><D2/><U110/><E110/><V4/><F11/><W120/><G120/><T106/><D106/><N who="1" m="63807" /><E72/><V36/><REACH who="2" step="1"/><F21/><REACH who="2" ten="214,292,178,306" step="2"/><W34/><G102/><T112/><D23/><N who="1" m="15807" /><E58/><V74/><F74/><W49/><G100/><T52/><D117/><U43/><E43/><V19/><F19/><N who="3" m="7243" /><G104/><T22/><D116/><U27/><E27/><V26/><F26/><W61/><G77/><T96/><D22/><U13/><E13/><V30/><F30/><W47/><G78/><T122/><D122/><U115/><E115/><V97/><AGARI ba="0,1" hai="3,4,9,18,20,24,36,42,46,89,93,97,121,123" machi="97" ten="20,5200,0" yaku="1,1,0,1,7,1,53,1" doraHai="29" doraHaiUra="41" who="2" fromWho="2" sc="214,-26,292,-13,178,62,306,-13" /><INIT seed="5,0,0,2,3,93" ten="188,279,240,293" oya="1" hai0="58,97,128,17,104,92,13,6,40,126,42,107,98" hai1="91,12,2,80,9,81,19,63,79,135,90,94,82" hai2="111,48,95,105,14,43,85,64,45,120,53,4,15" hai3="134,47,33,10,87,100,32,117,49,129,24,38,101"/><U55/><E135/><V28/><F111/><W78/><G134/><T116/><D107/><U1/><E79/><V84/><F120/><W3/><G38/><T21/><D104/><U123/><E123/><V113/><F105/><W125/><G129/><T115/><D116/><U73/><E73/><V112/><F64/><W30/><G33/><T96/><D128/><U83/><E83/><V57/><F28/><W18/><G125/><T122/><D126/><U20/><E1/><V54/><F54/><W124/><G124/><T108/><D108/><U109/><E109/><V11/><F14/><W26/><G117/><T36/><D36/><U74/><E74/><V66/><F66/><W60/><G60/><T99/><D115/><N who="2" m="44106" /><F95/><W5/><G26/><T132/><D122/><U76/><E76/><V103/><F103/><W119/><G119/><T89/><D132/><U56/><E2/><V7/><F7/><W67/><G18/><T61/><REACH who="0" step="1"/><D6/><REACH who="0" ten="178,279,240,293" step="2"/><N who="1" m="3127" /><E94/><V68/><F68/><W51/><G5/><T121/><D121/><U8/><E8/><V77/><F77/><W72/><G10/><T50/><D50/><AGARI ba="0,1" hai="4,11,15,43,45,48,50,53,57,84,85" m="44106" machi="50" ten="30,2000,0" yaku="15,1,11,1" doraHai="93" who="2" fromWho="0" sc="178,-20,279,0,240,30,293,0" /><INIT seed="6,0,0,2,3,48" ten="158,279,270,293" oya="2" hai0="63,90,119,60,6,114,79,95,72,32,14,33,4" hai1="87,127,38,66,47,73,67,30,105,94,128,62,45" hai2="43,13,96,106,70,40,97,9,41,124,7,75,20" hai3="76,111,16,69,21,116,8,27,120,57,23,123,15"/><V118/><F118/><W77/><G69/><T133/><D72/><U115/><E73/><V78/><F70/><W88/><G111/><T135/><D79/><U89/><E105/><V51/><F124/><W102/><G116/><T121/><D121/><U22/><E38/><V64/><F64/><W86/><G102/><T55/><D119/><U117/><E117/><V93/><F106/><W132/><G132/><T83/><D83/><U99/><E115/><V103/><F97/><W109/><G109/><T42/><D42/><U25/><E128/><V80/><REACH who="2" step="1"/><F20/><REACH who="2" ten="158,279,260,293" step="2"/><W112/><G120/><T91/><D114/><U68/><E127/><V31/><F31/><N who="3" m="17903" /><G123/><T35/><D35/><U71/><E99/><V130/><F130/><W98/><G98/><T134/><D134/><U65/><E67/><V46/><AGARI ba="0,1" hai="7,9,13,40,41,43,46,51,75,78,80,93,96,103" machi="46" ten="30,12000,1" yaku="1,1,0,1,53,3" doraHai="48" doraHaiUra="36" who="2" fromWho="2" sc="158,-40,279,-40,260,130,293,-40" /><INIT seed="6,1,0,4,4,52" ten="118,239,390,253" oya="2" hai0="62,4,110,42,91,131,87,32,93,19,84,48,54" hai1="22,25,79,90,82,85,55,109,100,2,127,70,101" hai2="121,74,89,115,116,49,122,113,106,96,21,102,118" hai3="33,103,66,98,128,105,134,31,135,64,125,83,95"/><V16/><F74/><W57/><G128/><T23/><D32/><U51/><E109/><V47/><F89/><W126/><G83/><T58/><D110/><U28/><E2/><V76/><F76/><W80/><G80/><T117/><D131/><U78/><E70/><V1/><F1/><W26/><G105/><T6/><D117/><U81/><E127/><N who="3" m="48650" /><G57/><T59/><D42/><U12/><E12/><V3/><F3/><W38/><G38/><T65/><REACH who="0" step="1"/><D84/><REACH who="0" ten="108,239,390,253" step="2"/><N who="1" m="50455" /><E79/><V35/><F35/><W130/><G130/><T9/><D9/><U56/><AGARI ba="1,1" hai="22,25,28,51,55,56,78,81,85,100,101" m="50455" machi="56" ten="30,2000,0" yaku="8,1,52,1" doraHai="52" who="1" fromWho="1" sc="108,-6,239,33,390,-11,253,-6" /><INIT seed="7,0,0,3,4,131" ten="102,272,379,247" oya="3" hai0="37,91,105,45,2,42,53,23,0,35,11,44,120" hai1="18,92,21,84,17,126,72,133,78,89,116,64,10" hai2="80,46,27,108,82,74,31,132,54,73,58,24,49" hai3="112,48,1,135,60,96,122,124,47,5,127,75,79"/><W61/><G122/><T83/><D105/><U63/><E133/><V77/><F132/><W33/><G33/><T107/><D107/><U102/><E126/><N who="3" m="48170" /><G135/><T3/><D120/><U97/><E116/><V101/><F108/><W111/><G111/><T87/><D35/><U134/><E134/><V38/><F101/><W29/><G29/><T69/><D69/><U4/><E72/><V43/><F31/><W76/><G112/><T12/><D23/><U8/><E78/><AGARI ba="0,0" hai="24,27,38,43,46,49,54,58,73,74,77,78,80,82" machi="78" ten="40,1300,0" yaku="9,1" doraHai="131" who="2" fromWho="1" sc="102,0,272,-13,379,13,247,0" owari="102,-40.0,259,6.0,392,49.0,247,-15.0" /></mjloggm>