<mjloggm ver="2.3"><GO type="169" lobby="0"/><UN n0="%E3%81%A1%E3%82%85%E3%83%BC%E3%82%8C%E3%82%93" n1="%68%61%6B%75%30%37" n2="%E3%81%82%E3%81%A3%E3%81%8D%E3%83%BC%E3%81%AB%E3%82%83%E3%82%93" n3="%E3%82%A6%E3%83%AB%E3%83%88%E3%83%A9%E7%AB%8B%E7%9B%B4" dan="16,16,17,18" rate="2109.31,2093.70,2175.42,2244.42" sx="M,M,M,M"/><TAIKYOKU oya="0"/><INIT seed="0,0,0,3,5,74" ten="250,250,250,250" oya="0" hai0="23,39,73,70,11,131,91,64,117,93,37,58,43" hai1="84,82,20,78,99,65,85,44,112,118,60,110,128" hai2="104,7,48,55,22,107,119,116,3,10,83,16,0" hai3="122,87,92,133,114,86,80,76,75,31,12,59,63"/><T125/><D117/><N who="2" m="45130" /><F0/><W61/><G114/><T123/><D123/><U77/><E118/><V79/><F48/><W53/><G133/><T113/><D113/><U45/><E112/><V8/><F55/><W88/><G122/><T132/><D132/><U32/><E32/><V41/><F8/><W127/><G127/><T6/><D73/><U67/><E110/><V94/><F94/><W129/><G129/><T18/><D131/><U25/><E128/><V54/><F54/><W57/><G31/><T121/><D43/><U111/><E99/><V30/><F30/><W115/><G115/><T108/><D108/><U109/><E109/><V51/><F51/><W33/><G33/><T89/><D121/><U47/><E60/><V24/><F41/><W15/><G75/><AGARI ba="0,0" hai="3,7,10,16,22,24,75,79,83,104,107" m="45130" machi="75" ten="30,3900,0" yaku="12,1,52,1,54,1" doraHai="74" who="2" fromWho="3" sc="250,0,250,0,250,39,250,-39" /><INIT seed="1,0,0,0,1,78" ten="250,250,289,211" oya="1" hai0="97,32,112,104,39,124,59,43,92,40,116,79,125" hai1="103,47,131,17,21,107,66,99,50,68,34,95,57" hai2="54,106,22,24,26,56,45,27,60,75,37,44,2" hai3="70,42,135,114,133,100,119,19,30,61,0,101,4"/><U77/><E131/><V76/><F106/><W98/><G114/><T64/><D112/><U123/><E123/><V90/><F2/><W53/><G119/><T84/><D116/><U16/><E34/><V134/><F134/><W48/><G30/><T121/><D32/><U71/><E77/><V86/><F37/><W12/><G4/><T91/><D121/><U33/><E33/><V128/><F128/><W35/><G0/><T129/><D129/><U6/><E6/><V58/><F58/><W38/><G35/><T115/><D115/><U102/><E57/><V93/><F75/><W85/><G85/><T89/><D79/><U113/><E113/><V9/><F76/><W41/><G61/><N who="0" m="37951" /><D39/><U83/><E83/><V82/><F9/><W23/><G38/><T49/><D49/><U126/><E126/><N who="0" m="48745" /><D104/><U94/><E107/><V130/><F130/><W14/><G70/><T25/><D25/><N who="2" m="9834" /><F93/><AGARI ba="0,0" hai="40,43,84,89,91,92,93,97" m="48745,37951" machi="93" ten="30,1000,0" yaku="18,1" doraHai="78" who="0" fromWho="2" sc="250,10,250,0,289,-10,211,0" /><INIT seed="2,0,0,0,0,39" ten="260,250,279,211" oya="2" hai0="1,124,133,107,33,101,61,84,49,89,7,27,115" hai1="67,76,5,4,127,40,46,112,126,13,106,110,60" hai2="30,119,103,122,48,42,66,98,113,15,90,95,97" hai3="77,10,0,52,92,93,59,100,20,41,81,86,96"/><V79/><F119/><W69/><G69/><T17/><D115/><U118/><E112/><V117/><F117/><W29/><G0/><T14/><D49/><U74/><E106/><V26/><F122/><W68/><G68/><T134/><D1/><U64/><E118/><V45/><F113/><W47/><G10/><T111/><D7/><U36/><E110/><V88/><F79/><W57/><G93/><T73/><D73/><U24/><E24/><V56/><F15/><W31/><G20/><T94/><D61/><U21/><E21/><N who="2" m="15695" /><F97/><W123/><G59/><T70/><D70/><N who="1" m="42247" /><E67/><V50/><F50/><N who="3" m="26991" /><G123/><T43/><D124/><N who="1" m="47659" /><E13/><V11/><F11/><W125/><G125/><T8/><D111/><U128/><E128/><V65/><F65/><W38/><G38/><T55/><D8/><U132/><E132/><V99/><F99/><W108/><G108/><T87/><D14/><U2/><E2/><V16/><F16/><W63/><AGARI ba="0,0" hai="29,31,52,57,63,77,81,86,92,96,100" m="26991" machi="63" ten="30,4000,0" yaku="8,1,52,1,54,1" doraHai="39" who="3" fromWho="3" sc="260,-10,250,-10,279,-20,211,40" /><INIT seed="3,0,0,4,0,29" ten="250,240,259,251" oya="3" hai0="78,66,89,69,133,87,1,119,90,58,104,65,75" hai1="82,70,11,132,135,21,116,25,48,8,72,101,32" hai2="81,86,128,46,100,106,102,115,4,49,34,99,79" hai3="33,20,55,77,105,24,15,118,61,22,73,5,76"/><W123/><G105/><T37/><D119/><U97/><E70/><V113/><F102/><W129/><G118/><T43/><D104/><U93/><E116/><V9/><F34/><W110/><G123/><T122/><D69/><U47/><E72/><V3/><REACH who="2" step="1"/><F128/><REACH who="2" ten="250,240,249,251" step="2"/><W68/><G33/><T71/><D122/><U54/><E32/><V23/><F23/><W45/><G129/><T112/><D112/><U111/><E111/><V35/><F35/><W27/><G110/><T120/><D120/><U92/><E135/><V2/><F2/><W64/><G22/><T17/><D1/><U125/><E132/><V38/><F38/><W88/><G20/><T127/><D37/><U126/><E21/><V134/><F134/><W103/><G103/><T85/><D133/><U26/><E26/><V114/><F114/><W59/><G27/><T7/><D127/><U63/><E25/><V36/><F36/><W41/><G24/><T16/><D17/><U80/><E126/><V95/><F95/><W60/><G15/><T52/><D16/><U67/><E93/><V109/><F109/><W12/><G12/><T10/><D7/><U0/><E125/><V19/><F19/><W6/><G6/><T40/><D10/><N who="1" m="3627" /><E0/><V74/><F74/><W117/><G73/><T108/><D75/><U96/><E92/><V130/><F130/><W31/><G5/><T14/><D108/><U98/><E101/><V121/><F121/><W83/><G117/><T28/><D14/><U124/><E124/><V13/><F13/><W107/><G107/><T57/><D28/><U56/><AGARI ba="0,1" hai="47,48,54,56,63,67,80,82,96,97,98" m="3627" machi="56" ten="30,2000,0" yaku="5,1,8,1" doraHai="29" who="1" fromWho="1" sc="250,-5,240,30,249,-5,251,-10" /><INIT seed="4,0,0,5,1,127" ten="245,270,244,241" oya="0" hai0="44,37,110,124,70,118,122,28,84,112,78,45,12" hai1="104,60,61,31,74,114,82,125,117,4,89,96,99" hai2="16,123,32,134,1,65,91,29,81,106,40,73,67" hai3="34,21,103,10,36,25,109,68,18,101,72,38,131"/><T57/><D70/><U6/><E117/><V55/><F106/><W71/><G72/><T41/><D118/><U49/><E125/><V64/><F123/><W77/><G77/><T126/><D122/><U120/><E120/><V93/><F1/><W129/><G34/><T95/><D112/><U0/><E31/><V116/><F116/><W50/><G109/><T58/><D28/><U79/><E49/><V24/><F134/><W2/><G50/><T97/><D45/><U133/><E133/><V52/><F40/><W19/><G2/><T14/><D14/><U86/><E114/><V115/><F81/><W98/><G10/><T83/><D110/><U90/><E0/><V100/><F73/><W5/><G5/><T20/><D58/><U113/><E113/><V80/><F80/><W63/><G63/><N who="1" m="24138" /><E104/><V27/><F100/><W15/><G15/><T46/><D57/><U53/><E53/><V75/><F75/><W8/><G8/><T62/><D62/><U88/><E74/><V130/><F115/><W33/><G33/><T48/><D48/><U22/><E22/><V111/><F111/><W39/><G19/><N who="0" m="10343" /><D46/><U42/><E42/><V85/><F55/><W26/><G26/><T76/><D76/><U87/><E87/><V135/><F52/><W107/><REACH who="3" step="1"/><G101/><REACH who="3" ten="245,270,244,231" step="2"/><N who="0" m="60607" /><D126/><U56/><E4/><V43/><F135/><W121/><G121/><T132/><D124/><U47/><E6/><V7/><F7/><W30/><G30/><T13/><D132/><U128/><E79/><V3/><F3/><W69/><AGARI ba="0,1" hai="18,21,25,36,38,39,68,69,71,98,103,107,129,131" machi="69" ten="40,8000,1" yaku="1,1,0,1,52,2,53,1" doraHai="127" doraHaiUra="102" who="3" fromWho="3" sc="245,-40,270,-20,244,-20,231,90" /><INIT seed="5,0,0,4,1,56" ten="205,250,224,321" oya="1" hai0="101,104,13,65,76,69,31,35,24,26,129,103,1" hai1="0,41,5,133,73,106,17,82,83,4,100,14,89" hai2="114,8,61,71,48,127,120,77,90,97,93,74,130" hai3="9,63,70,38,132,99,98,113,122,105,39,85,52"/><U117/><E117/><V25/><F120/><W12/><G122/><T128/><D1/><U42/><E133/><V19/><F130/><N who="0" m="50282" /><D104/><U68/><E68/><V22/><F127/><W124/><G85/><T84/><D69/><U37/><E106/><V18/><F114/><W6/><G113/><T125/><D125/><U34/><E34/><V91/><F48/><W88/><G124/><T86/><D65/><U81/><E100/><V15/><F74/><W23/><G23/><T126/><D126/><U96/><E0/><V21/><F77/><W47/><G9/><T111/><D111/><U108/><E73/><V51/><F51/><W30/><G47/><T16/><D24/><U80/><E108/><V115/><F115/><W119/><G30/><T54/><D54/><U40/><E37/><V3/><F3/><W7/><G39/><T92/><D76/><U44/><E44/><V55/><F55/><W78/><G52/><T107/><D107/><U49/><E49/><V2/><F2/><W116/><G38/><T94/><D94/><N who="1" m="56399" /><E83/><V27/><F93/><W118/><G105/><T43/><D43/><N who="1" m="11011" /><U36/><DORA hai="95" /><E36/><V79/><F79/><W57/><G78/><T53/><D53/><U87/><E87/><N who="0" m="33321" /><D92/><U59/><E59/><V67/><REACH who="2" step="1"/><F97/><REACH who="2" ten="205,250,214,321" step="2"/><N who="3" m="36875" /><G119/><T10/><AGARI ba="0,1" hai="10,13,16,26,31,35,101,103" m="33321,50282" machi="10" ten="30,2000,0" yaku="19,1,54,1" doraHai="56,95" who="0" fromWho="0" sc="205,30,250,-10,214,-5,321,-5" /><INIT seed="6,0,0,0,3,131" ten="235,240,209,316" oya="2" hai0="121,104,107,64,48,31,2,77,65,44,58,110,74" hai1="96,1,17,67,22,116,109,78,90,124,39,112,97" hai2="72,34,76,135,125,120,87,46,95,8,50,68,132" hai3="85,71,45,47,13,123,114,62,6,4,101,80,66"/><V127/><F68/><W10/><G123/><T94/><D110/><U128/><E109/><V117/><F34/><W105/><G114/><T12/><D2/><U3/><E116/><V38/><F120/><W83/><G105/><T52/><D121/><U93/><E39/><V11/><F117/><W27/><G101/><T15/><D31/><U103/><E128/><V53/><F38/><W106/><G106/><T37/><D104/><U108/><E108/><V63/><F72/><W35/><G35/><T122/><D107/><U28/><E28/><V25/><F25/><W36/><G36/><T14/><D122/><U69/><E78/><V26/><F26/><W30/><G6/><T41/><D94/><N who="1" m="56407" /><E124/><N who="2" m="47691" /><F63/><W32/><G83/><T98/><D98/><U100/><E100/><V57/><F57/><W33/><G33/><T43/><D41/><U49/><E49/><V61/><F61/><W133/><G62/><T73/><REACH who="0" step="1"/><D77/><REACH who="0" ten="225,240,209,316" step="2"/><U115/><E115/><V111/><F111/><W81/><G30/><T59/><D59/><U55/><E112/><V54/><F95/><W29/><G29/><T129/><D129/><U20/><E93/><V16/><F76/><W86/><G32/><T102/><D102/><U40/><E103/><V21/><F87/><W0/><G86/><T119/><D119/><U113/><E113/><V134/><F54/><W70/><G85/><T24/><D24/><U84/><E55/><V91/><F91/><W42/><G27/><T51/><D51/><U23/><E84/><V18/><F18/><W99/><G99/><T126/><D126/><U19/><E97/><RYUUKYOKU ba="0,1" sc="225,15,240,-15,209,15,316,-15" hai0="12,14,15,37,43,44,48,52,58,64,65,73,74" hai2="8,11,16,21,46,50,53,132,134,135" /><INIT seed="6,1,1,1,2,125" ten="240,225,224,301" oya="2" hai0="77,107,63,8,46,124,122,70,31,117,121,30,56" hai1="52,43,9,93,130,112,86,95,44,84,120,47,16" hai2="116,33,64,127,58,53,60,82,4,76,114,11,100" hai3="17,26,131,28,72,113,39,67,91,34,73,83,79"/><V25/><F116/><W119/><G119/><T23/><D117/><U75/><E75/><V5/><F127/><W133/><G39/><T29/><D124/><U35/><E35/><V135/><F114/><W14/><G133/><T2/><D107/><U13/><E112/><V129/><F135/><W15/><G113/><T59/><D70/><U48/><E130/><V89/><F129/><W27/><G131/><T126/><D126/><U42/><E120/><V103/><F89/><W0/><G0/><T18/><D77/><U115/><E115/><V85/><F4/><W104/><G104/><T51/><D2/><U101/><E101/><V123/><F123/><W54/><G73/><T37/><D37/><U102/><E102/><V7/><F7/><W118/><G118/><T19/><D8/><U74/><E74/><V66/><F25/><W96/><G67/><N who="2" m="25641" /><F33/><W108/><G54/><T40/><D18/><U62/><E62/><V111/><F111/><W88/><G108/><T12/><D63/><U134/><E134/><V81/><F81/><W61/><G61/><T65/><D65/><U132/><E132/><V105/><F105/><W21/><G91/><T45/><D121/><U10/><E93/><V55/><F55/><W57/><G57/><N who="0" m="22091" /><D122/><U32/><E32/><V98/><F98/><W99/><G99/><T97/><D97/><U78/><E52/><V22/><F22/><W128/><G128/><T36/><D36/><N who="1" m="21575" /><E78/><V24/><F24/><W94/><AGARI ba="1,1" hai="14,15,17,21,26,27,28,34,72,79,83,88,94,96" machi="94" ten="30,2000,0" yaku="0,1,54,1" doraHai="125" who="3" fromWho="3" sc="240,-6,225,-6,224,-11,301,33" /><INIT seed="7,0,0,1,4,91" ten="234,219,213,334" oya="3" hai0="76,64,78,29,36,31,106,88,83,11,19,39,80" hai1="63,13,59,44,98,70,117,79,118,53,51,119,18" hai2="38,37,6,17,56,87,107,100,67,0,43,110,77" hai3="61,114,84,58,122,128,111,104,69,40,99,10,35"/><W21/><G99/><T86/><D106/><U115/><E115/><V89/><F110/><W95/><G84/><N who="0" m="48151" /><D39/><U41/><E79/><V7/><F77/><W134/><G10/><T97/><D36/><U74/><E98/><V32/><F32/><W75/><G58/><T1/><D1/><U42/><E70/><V48/><F0/><W23/><G61/><T126/><D126/><U102/><E102/><V34/><F34/><W54/><G54/><T12/><D64/><N who="1" m="39039" /><E74/><V90/><F107/><W4/><G35/><T105/><D105/><U55/><E55/><N who="2" m="31847" /><F100/><W60/><G75/><T33/><D33/><U57/><E57/><V112/><F112/><W8/><G114/><T129/><D129/><U121/><E121/><V28/><F38/><W72/><G72/><T3/><D3/><U94/><E94/><AGARI ba="0,0" hai="11,12,19,29,31,76,83,86,88,94,97" m="48151" machi="94" ten="30,3900,0" yaku="8,1,52,1,54,1" doraHai="91" who="0" fromWho="1" sc="234,39,219,-39,213,0,334,0" owari="273,7.0,180,-32.0,213,-19.0,334,44.0" /></mjloggm>