<mjloggm ver="2.3"><GO type="169" lobby="0"/><UN n0="%E3%82%A2%E3%83%AB%E4%B8%AD%40%E3%83%86%E3%83%B3%E3%83%91" n1="%E3%83%88%E3%83%88%E3%83%AA%E5%85%88%E7%94%9F%31%39%E6%AD%B3" n2="%43%4C%53" n3="%6B%61%67%65%73%68%69%6E" dan="16,19,17,16" rate="2037.96,2299.14,2189.33,2069.88" sx="M,F,M,M"/><TAIKYOKU oya="0"/><INIT seed="0,0,0,5,4,35" ten="250,250,250,250" oya="0" hai0="33,20,40,71,108,93,29,55,13,123,81,56,74" hai1="58,45,38,86,92,98,73,2,130,109,119,47,59" hai2="124,57,111,16,44,43,31,32,60,15,12,90,17" hai3="49,102,120,50,105,89,26,52,39,99,80,62,34"/><T10/><D123/><U83/><E119/><V70/><F70/><W118/><G39/><T125/><D71/><U110/><E73/><V121/><F121/><W82/><G120/><T21/><D125/><U64/><E130/><V117/><F117/><W85/><G118/><T78/><D108/><N who="1" m="41579" /><E2/><V104/><F111/><W9/><G80/><T68/><D68/><U76/><E38/><V5/><F104/><W97/><G97/><T129/><D129/><U101/><E59/><V128/><F128/><W69/><G9/><T107/><D107/><U24/><E24/><V36/><F32/><W91/><G91/><T77/><D77/><U116/><E116/><V14/><F31/><W18/><G18/><T61/><D40/><U53/><E64/><V19/><F90/><W41/><G41/><T134/><D134/><U94/><E92/><V122/><F122/><W7/><G7/><T103/><D103/><U4/><E4/><V27/><F124/><W66/><REACH who="3" step="1"/><G52/><REACH who="3" ten="250,250,250,240" step="2"/><T132/><D132/><U37/><E37/><V75/><F5/><W25/><G25/><T3/><D10/><U46/><E46/><V1/><F27/><W51/><G51/><AGARI ba="0,1" hai="45,47,51,53,58,76,83,86,94,98,101" m="41579" machi="51" ten="30,1000,0" yaku="14,1" doraHai="35" who="1" fromWho="3" sc="250,0,250,20,250,0,240,-10" /><INIT seed="1,0,0,2,2,99" ten="250,270,250,230" oya="1" hai0="12,0,49,116,9,77,36,110,107,59,21,11,109" hai1="106,108,95,115,53,92,6,60,1,81,44,15,121" hai2="112,74,85,55,111,105,39,120,79,2,10,114,91" hai3="35,131,61,135,7,8,51,24,113,119,78,117,41"/><U32/><E115/><V93/><F120/><W87/><G113/><N who="2" m="43625" /><F111/><W89/><G78/><T20/><D36/><U26/><E121/><V66/><F66/><W3/><G135/><T124/><D107/><U71/><E1/><V54/><F39/><W4/><G4/><N who="0" m="1159" /><D77/><U67/><E108/><N who="0" m="41577" /><D116/><U123/><E123/><V86/><F74/><W133/><G133/><T97/><D97/><U100/><E81/><N who="2" m="47295" /><F105/><W130/><G61/><T82/><D82/><U132/><E132/><V129/><F129/><N who="3" m="49163" /><G41/><T72/><D72/><U38/><E53/><V22/><F22/><W28/><G51/><T45/><D59/><U103/><E106/><V134/><F134/><W118/><G87/><T62/><D62/><U48/><E38/><V33/><F33/><W76/><G76/><T47/><D124/><U96/><E48/><V29/><F29/><W13/><G89/><T102/><D102/><U80/><E44/><N who="0" m="16969" /><D49/><U40/><E40/><V19/><F2/><AGARI ba="0,0" hai="2,3,7,8,13,24,28,35,117,118,119" m="49163" machi="2" ten="40,8000,1" yaku="12,1,19,1,34,2" doraHai="99" who="3" fromWho="2" sc="250,0,270,0,250,-80,230,80" /><INIT seed="2,0,0,0,4,93" ten="250,270,170,310" oya="2" hai0="68,104,88,86,33,118,92,60,51,119,62,116,57" hai1="74,73,3,109,101,96,130,5,54,32,66,50,82" hai2="112,81,115,126,133,38,42,45,128,49,120,65,14" hai3="91,85,132,114,35,7,11,23,16,84,52,19,46"/><V63/><F81/><W1/><G35/><T61/><D33/><U123/><E32/><V107/><F107/><W100/><G132/><T18/><D104/><U77/><E109/><V17/><F120/><W31/><G114/><T41/><D68/><U27/><E123/><V87/><F133/><W24/><G100/><T122/><D122/><U21/><E130/><V34/><F128/><W89/><G84/><T111/><D111/><U124/><E124/><V103/><F126/><W131/><G131/><T10/><D41/><U29/><E66/><V97/><F34/><W4/><G4/><T20/><D10/><U135/><E135/><V58/><F87/><W125/><G125/><T22/><REACH who="0" step="1"/><D18/><REACH who="0" ten="240,270,170,310" step="2"/><U121/><E121/><V117/><F112/><W129/><G129/><T9/><D9/><U94/><E5/><V99/><F115/><W36/><G19/><T70/><D70/><U76/><E3/><V39/><F117/><W78/><G31/><T134/><D134/><U90/><E29/><V26/><F39/><W83/><REACH who="3" step="1"/><G36/><REACH who="3" ten="240,270,170,300" step="2"/><T75/><D75/><U79/><E74/><V2/><F17/><W12/><G12/><T6/><D6/><U48/><E73/><V25/><F38/><W113/><G113/><T47/><D47/><U8/><E8/><V40/><F14/><W59/><G59/><T108/><D108/><U80/><E21/><V44/><F44/><W110/><G110/><T28/><D28/><U67/><E27/><V56/><F25/><W43/><G43/><T15/><D15/><U98/><E101/><V95/><F26/><W55/><G55/><AGARI ba="0,2" hai="20,22,51,55,57,60,61,62,86,88,92,116,118,119" machi="55" ten="50,8000,1" yaku="1,1,6,1,12,1,54,1,53,0" doraHai="93" doraHaiUra="0" who="0" fromWho="3" sc="240,100,270,0,170,0,300,-80" /><INIT seed="3,0,0,1,2,104" ten="340,270,170,220" oya="3" hai0="51,69,127,83,48,86,59,81,78,37,114,42,132" hai1="106,76,108,21,119,34,124,49,66,27,41,24,74" hai2="68,62,50,40,80,122,67,115,117,70,111,98,44" hai3="88,47,9,18,109,112,46,97,99,30,17,82,60"/><W53/><G112/><T130/><D69/><U95/><E106/><V128/><F115/><W28/><G109/><T121/><D121/><U16/><E108/><V89/><F111/><W102/><G102/><T38/><D127/><U45/><E124/><V103/><F117/><W3/><G3/><T85/><D130/><U36/><E119/><V123/><F128/><W26/><G26/><T0/><D0/><U118/><E118/><V79/><F89/><W5/><G5/><T93/><D132/><U23/><E34/><V101/><F70/><W84/><G60/><T8/><D8/><U57/><E95/><V133/><F133/><W11/><G53/><T19/><D19/><N who="3" m="7177" /><G11/><T77/><D114/><U55/><E66/><V43/><F43/><W63/><G9/><T1/><D1/><U72/><E76/><V116/><F116/><W61/><G63/><T113/><D113/><U13/><E27/><V33/><F33/><W92/><G61/><T7/><D7/><U65/><E65/><V64/><F64/><W71/><G71/><T73/><D42/><U14/><E14/><V96/><F103/><N who="3" m="60839" /><G99/><T4/><D4/><U15/><E15/><V135/><F135/><W134/><G134/><T10/><D10/><U54/><E54/><V110/><F110/><W20/><G20/><T25/><D25/><U87/><E87/><N who="2" m="48543" /><F96/><W91/><G91/><N who="0" m="53495" /><D59/><U94/><E94/><N who="2" m="58583" /><F122/><W129/><G129/><T90/><D90/><U52/><E55/><V31/><F123/><W39/><G39/><T12/><D12/><U100/><E100/><V6/><F6/><W107/><G107/><RYUUKYOKU ba="0,0" sc="340,0,270,0,170,0,220,0" hai0="37,38,48,51,73,77,78,81,83,85" hai1="13,16,21,23,24,36,41,45,49,52,57,72,74" hai2="31,40,44,50,62,67,68" hai3="28,30,46,47,82,84,88" /><INIT seed="3,1,0,1,3,22" ten="340,270,170,220" oya="3" hai0="45,25,102,56,84,118,106,36,123,19,27,87,14" hai1="85,80,76,41,50,91,101,48,39,60,1,42,90" hai2="40,69,64,5,38,75,55,16,127,94,35,4,61" hai3="108,30,62,52,70,71,11,129,49,28,130,57,73"/><W81/><G11/><T95/><D118/><U77/><E1/><V20/><F127/><W103/><G103/><T126/><D123/><U100/><E39/><V79/><F35/><W8/><G8/><N who="0" m="6599" /><D106/><U12/><E60/><V29/><F29/><N who="3" m="11371" /><G108/><T93/><D36/><U43/><E12/><V86/><F55/><N who="3" m="34111" /><G81/><T104/><D104/><U125/><E125/><V74/><F94/><N who="0" m="35850" /><D102/><U24/><E101/><V111/><F111/><W31/><G73/><T53/><D45/><U115/><E100/><V9/><F86/><N who="0" m="32810" /><D126/><U18/><E115/><V116/><F116/><W44/><N who="3" m="11379" /><W66/><DORA hai="7" /><G66/><T6/><D6/><U59/><E77/><V119/><F119/><W65/><G65/><T88/><D88/><N who="1" m="33835" /><E59/><V89/><F89/><W47/><G47/><T26/><D56/><U83/><E83/><V109/><F4/><W32/><G32/><T3/><D3/><U23/><AGARI ba="1,0" hai="18,23,24,41,42,43,48,50,76,80,85" m="33835" machi="23" ten="30,4000,0" yaku="8,1,52,1,54,1" doraHai="22,7" who="1" fromWho="1" sc="340,-11,270,43,170,-11,220,-21" /><INIT seed="4,0,0,4,1,109" ten="329,313,159,199" oya="0" hai0="19,105,83,102,46,34,28,77,86,33,50,76,125" hai1="21,97,68,119,0,30,131,66,27,89,6,111,51" hai2="44,3,43,122,85,49,103,79,37,95,128,41,56" hai3="9,42,31,23,67,93,36,90,11,38,126,110,72"/><T40/><D125/><U134/><E111/><V65/><F122/><W80/><G110/><T121/><D121/><U108/><E108/><V88/><F128/><W25/><G67/><T87/><D28/><U132/><E119/><V117/><F117/><W78/><G126/><T63/><D105/><U52/><E131/><V106/><F3/><W69/><G69/><T123/><D102/><U116/><E116/><V16/><F79/><W113/><G113/><T114/><D123/><U74/><E74/><V135/><F135/><N who="1" m="51753" /><E6/><V127/><F127/><W35/><G35/><T20/><D114/><U75/><E75/><V91/><F106/><W10/><REACH who="3" step="1"/><G42/><REACH who="3" ten="329,313,159,189" step="2"/><T62/><D34/><U7/><E66/><V12/><F65/><W8/><N who="3" m="2560" /><DORA hai="47" /><W17/><G17/><T98/><D33/><U13/><E68/><V84/><F41/><W100/><G100/><T4/><D4/><U14/><E7/><V55/><F103/><W92/><G92/><T24/><D98/><AGARI ba="0,1" hai="23,25,31,36,38,72,78,80,90,93,98" m="2560" machi="98" ten="50,6400,0" yaku="1,1,53,2" doraHai="109,47" doraHaiUra="94,73" who="3" fromWho="0" sc="329,-64,313,0,159,0,189,74" /><INIT seed="5,0,0,3,5,14" ten="265,313,159,263" oya="1" hai0="97,114,112,104,1,67,133,32,58,43,103,72,116" hai1="28,50,68,130,101,20,105,78,110,27,64,93,9" hai2="5,87,38,63,44,19,77,40,91,122,54,52,121" hai3="26,16,62,106,123,120,75,42,49,108,117,100,66"/><U74/><E105/><V57/><F77/><W23/><G108/><T115/><D116/><U118/><E118/><V25/><F5/><W80/><G117/><T99/><D133/><U24/><E110/><V98/><F54/><W3/><G3/><T119/><D119/><U30/><E130/><V7/><F7/><W56/><G100/><N who="0" m="62479" /><D1/><U4/><E74/><V45/><F45/><W61/><G106/><N who="0" m="63871" /><D32/><U12/><E78/><V8/><F98/><W6/><G6/><T94/><D43/><U15/><E93/><V88/><F91/><W71/><G75/><T76/><D94/><U83/><E83/><V102/><F102/><W95/><G95/><T92/><D92/><U127/><E101/><V13/><F25/><W79/><G79/><T113/><D113/><U125/><E50/><V86/><REACH who="2" step="1"/><F88/><REACH who="2" ten="265,313,149,263" step="2"/><W129/><G80/><T41/><D76/><U35/><E15/><V85/><AGARI ba="0,1" hai="8,13,19,38,40,44,52,57,63,85,86,87,121,122" machi="85" ten="30,8000,1" yaku="1,1,2,1,0,1,52,1,54,1,53,0" doraHai="14" doraHaiUra="17" who="2" fromWho="2" sc="265,-20,313,-40,149,90,263,-20" /><INIT seed="6,0,0,2,5,99" ten="245,273,239,243" oya="2" hai0="112,58,9,8,59,121,7,16,130,60,132,129,94" hai1="50,0,77,67,83,51,74,93,38,82,92,79,41" hai2="85,115,119,66,80,131,70,1,127,55,135,75,62" hai3="11,90,101,25,6,45,84,40,122,88,91,27,34"/><V24/><F119/><W133/><G122/><T43/><D121/><U110/><E110/><V19/><F1/><W2/><G133/><T18/><D112/><U32/><E32/><V73/><F115/><W15/><G2/><T56/><D132/><U100/><E0/><V21/><F135/><W29/><G25/><T72/><D72/><U64/><E38/><V53/><F131/><N who="0" m="50186" /><D43/><U48/><E41/><V36/><F36/><W126/><G126/><T87/><D60/><U57/><E57/><V78/><REACH who="2" step="1"/><F127/><REACH who="2" ten="245,273,229,243" step="2"/><W17/><G6/><T105/><D7/><U3/><E3/><V39/><F39/><W5/><G5/><T31/><D31/><U33/><E33/><V106/><F106/><W118/><G118/><T123/><D105/><U102/><E51/><V28/><F28/><W46/><G34/><T116/><D123/><U134/><E134/><V117/><F117/><W86/><G29/><T14/><D116/><U37/><E37/><V49/><F49/><W97/><G17/><N who="0" m="8391" /><D9/><U54/><E50/><V61/><F61/><W65/><G11/><T68/><D18/><U4/><E48/><V125/><F125/><W69/><G40/><T52/><D16/><U96/><E4/><V109/><F109/><W107/><G107/><T120/><D120/><U103/><E74/><AGARI ba="0,1" hai="19,21,24,53,55,62,66,70,73,74,75,78,80,85" machi="74" ten="40,2000,0" yaku="1,1,53,0" doraHai="99" doraHaiUra="111" who="2" fromWho="1" sc="245,0,273,-20,229,30,243,0" /><INIT seed="6,1,0,2,2,129" ten="245,253,259,243" oya="2" hai0="116,77,5,11,110,66,51,21,114,134,86,69,99" hai1="31,17,3,81,14,9,105,12,95,82,70,39,38" hai2="64,27,48,85,1,92,10,19,4,59,16,68,57" hai3="67,60,42,6,121,102,132,47,122,112,93,18,73"/><V128/><F128/><W90/><G73/><T101/><D110/><U94/><E105/><V2/><F2/><W61/><G112/><T113/><D116/><U79/><E70/><V55/><F68/><W98/><G6/><T124/><D124/><U29/><E3/><V80/><F92/><N who="1" m="35369" /><E39/><V34/><F34/><W135/><G90/><T89/><D77/><U32/><E38/><V54/><F64/><W106/><G106/><N who="0" m="63807" /><D51/><U74/><E74/><V125/><F27/><W76/><G76/><T52/><D21/><N who="1" m="11447" /><E32/><V119/><F125/><W103/><G103/><T24/><D24/><U91/><E91/><V26/><F26/><W117/><G117/><T109/><D109/><U108/><E108/><V65/><F65/><W7/><G7/><T30/><D66/><U75/><E75/><V0/><F0/><W23/><G121/><T53/><D69/><U40/><E40/><V115/><F115/><W41/><G122/><T37/><D37/><U56/><E56/><V44/><F119/><W71/><G61/><T58/><D58/><U104/><E104/><V72/><F72/><W28/><G28/><N who="1" m="10826" /><E79/><V127/><F127/><W83/><G83/><N who="0" m="49375" /><D30/><U50/><E50/><V126/><F126/><W63/><G63/><T133/><D113/><U96/><E96/><V45/><F57/><W35/><G35/><T25/><D114/><U131/><E131/><V15/><F1/><W49/><REACH who="3" step="1"/><G42/><REACH who="3" ten="245,253,259,233" step="2"/><T43/><D43/><U88/><E88/><N who="2" m="51239" /><F54/><W118/><G118/><T100/><D53/><U20/><E82/><V84/><F84/><W120/><G120/><T33/><D33/><RYUUKYOKU ba="1,1" sc="245,-15,253,-15,259,15,233,15" hai2="4,10,15,16,19,44,45,48,55,59" hai3="18,23,41,47,49,60,67,71,93,98,102,132,135" /><INIT seed="6,2,1,4,2,105" ten="230,238,274,248" oya="2" hai0="5,91,58,130,40,118,109,22,54,56,74,72,127" hai1="75,19,83,129,42,67,39,27,13,135,60,31,88" hai2="128,123,111,28,8,15,97,11,131,76,37,16,51" hai3="6,70,17,10,90,47,119,7,48,38,2,69,26"/><V124/><F37/><W57/><G119/><T134/><D109/><U120/><E129/><N who="2" m="49739" /><F123/><W106/><G7/><T96/><D130/><U132/><E120/><V21/><F76/><W78/><G106/><T117/><D40/><U110/><E110/><V4/><F111/><W64/><G38/><T0/><D134/><N who="1" m="51243" /><E42/><V89/><F51/><W116/><G116/><N who="0" m="44651" /><D127/><U65/><E39/><V86/><F97/><W81/><G90/><T45/><D22/><N who="1" m="11631" /><E60/><V103/><F103/><W99/><G99/><T44/><D0/><U63/><E63/><V93/><F124/><W20/><G57/><N who="0" m="22123" /><D5/><U107/><E107/><V61/><F61/><W59/><G59/><T113/><D113/><U29/><E29/><V92/><F28/><W50/><G64/><T126/><D126/><U1/><E1/><N who="2" m="15" /><F11/><W125/><G125/><T79/><D79/><N who="1" m="44543" /><E88/><V9/><F9/><W41/><REACH who="3" step="1"/><G50/><REACH who="3" ten="230,238,274,238" step="2"/><N who="0" m="28999" /><D45/><U36/><E36/><V3/><F3/><W104/><G104/><T53/><D53/><U112/><E112/><V55/><F55/><W68/><G68/><T24/><D24/><U100/><E100/><V71/><F71/><W84/><AGARI ba="2,2" hai="2,6,10,17,20,26,41,47,48,69,70,78,81,84" machi="84" ten="20,5200,0" yaku="1,1,0,1,7,1,53,1" doraHai="105" doraHaiUra="34" who="3" fromWho="3" sc="230,-15,238,-15,274,-28,238,78" /><INIT seed="7,0,0,4,0,20" ten="215,223,246,316" oya="3" hai0="122,72,7,21,18,10,77,28,90,41,3,133,4" hai1="23,101,67,35,82,86,22,105,94,32,44,62,89" hai2="88,65,38,135,39,70,49,78,128,107,2,83,108" hai3="71,15,87,25,91,30,103,19,31,66,85,16,61"/><W119/><G119/><T124/><D122/><U27/><E105/><V104/><F2/><W36/><G36/><T118/><D118/><U97/><E44/><V74/><F107/><W54/><G103/><T100/><D100/><U93/><E82/><V47/><F104/><W134/><G134/><T24/><D133/><U68/><E22/><V26/><F128/><W29/><G54/><T43/><D124/><U55/><E55/><V96/><F108/><W111/><G111/><T48/><D7/><U53/><E53/><V106/><F106/><W0/><G0/><T75/><D90/><U37/><E37/><V51/><F51/><W112/><G112/><T9/><D77/><U56/><E68/><V120/><F39/><W114/><G114/><T95/><D95/><U17/><AGARI ba="0,0" hai="17,23,27,32,35,56,62,67,86,89,93,94,97,101" machi="17" ten="20,2700,0" yaku="0,1,7,1,52,1" doraHai="20" who="1" fromWho="1" sc="215,-7,223,27,246,-7,316,-13" owari="208,-29.0,250,5.0,239,-16.0,303,40.0" /></mjloggm>