<mjloggm ver="2.3"><GO type="169" lobby="0"/><UN n0="%E3%83%88%E3%83%88%E3%83%AA%E5%85%88%E7%94%9F%31%39%E6%AD%B3" n1="%E3%81%B5%E3%81%BF%4B%55%4E" n2="%E2%98%85%E9%A2%A8%E6%9E%97%E7%81%AB%E5%B1%B1%E2%98%85" n3="%EF%BC%93%E7%95%AA%E3%82%B7%E3%83%A7%E3%83%BC%E3%83%88%E5%9D%82%E7%94%B0" dan="19,16,17,16" rate="2323.59,2068.68,2211.23,2175.31" sx="F,M,M,M"/><TAIKYOKU oya="0"/><INIT seed="0,0,0,5,5,65" ten="250,250,250,250" oya="0" hai0="78,15,123,13,30,33,60,22,103,59,12,88,131" hai1="91,125,28,43,113,102,97,122,115,0,63,71,90" hai2="104,69,23,9,6,84,64,79,2,50,53,116,18" hai3="66,112,5,20,3,24,114,40,86,93,133,25,85"/><T14/><D123/><U126/><E122/><V52/><F104/><W55/><G133/><T16/><D131/><U75/><E43/><V21/><F116/><W44/><G55/><T77/><D103/><U70/><E0/><V130/><F130/><W94/><G66/><N who="0" m="39199" /><D33/><U47/><E47/><V76/><F53/><W39/><G3/><T10/><D30/><U67/><E28/><V89/><F64/><W17/><G5/><N who="0" m="3151" /><D88/><N who="1" m="33835" /><E75/><V61/><F61/><W41/><G44/><T99/><D99/><U82/><E82/><V74/><F74/><W106/><G39/><T11/><D11/><U45/><E45/><V121/><F69/><W34/><G34/><T73/><D73/><U124/><E70/><V108/><F121/><W109/><G106/><AGARI ba="0,0" hai="63,67,71,97,102,106,113,115,124,125,126" m="33835" machi="106" ten="40,5200,0" yaku="18,1,52,1,54,1" doraHai="65" who="1" fromWho="3" sc="250,0,250,52,250,0,250,-52" /><INIT seed="1,0,0,0,5,1" ten="250,302,250,198" oya="1" hai0="57,116,27,121,89,74,7,52,75,110,79,50,72" hai1="60,91,63,109,23,73,132,113,81,44,120,0,76" hai2="101,18,61,88,15,14,39,58,49,32,10,131,43" hai3="118,129,62,51,38,42,78,11,135,87,36,108,22"/><U77/><E113/><V59/><F32/><W84/><G108/><T90/><D116/><U16/><E120/><V31/><F31/><W112/><G112/><T2/><D110/><U105/><E105/><V13/><F131/><W47/><G135/><T94/><D121/><U20/><E109/><V95/><F101/><W69/><G129/><T5/><D2/><U4/><E20/><V40/><F39/><W25/><G118/><T123/><D123/><U126/><E76/><V133/><F133/><W6/><G69/><T114/><D114/><U98/><E126/><V107/><F107/><W24/><G62/><T85/><D79/><U65/><E44/><N who="2" m="25759" /><F40/><W102/><G102/><T70/><D70/><U21/><E21/><V28/><F28/><W124/><G25/><T30/><REACH who="0" step="1"/><D90/><REACH who="0" ten="240,302,250,198" step="2"/><U82/><E132/><V37/><F37/><W48/><G38/><T29/><D29/><U17/><E0/><V92/><F88/><W34/><G124/><T111/><D111/><U56/><E91/><V19/><F59/><W8/><G36/><T100/><D100/><U119/><E119/><V64/><F10/><W122/><G11/><T35/><AGARI ba="0,1" hai="5,7,27,30,35,50,52,57,72,74,75,85,89,94" machi="35" ten="30,8000,1" yaku="1,1,0,1,52,2,54,1,53,0" doraHai="1" doraHaiUra="103" who="0" fromWho="0" sc="240,90,302,-40,250,-20,198,-20" /><INIT seed="2,0,0,4,1,75" ten="330,262,230,178" oya="2" hai0="63,85,129,23,79,127,6,15,98,0,118,115,94" hai1="45,74,40,1,39,87,24,84,134,30,65,54,110" hai2="86,19,14,58,70,18,104,68,113,13,46,77,76" hai3="83,47,22,91,16,41,57,112,122,123,61,59,73"/><V126/><F104/><W124/><G124/><T69/><D115/><U130/><E74/><V88/><F113/><W135/><G135/><T114/><D114/><U125/><E134/><V28/><F68/><W128/><G128/><T100/><D0/><U4/><E130/><V111/><F70/><W119/><G119/><T26/><D129/><U97/><E65/><V55/><F28/><W32/><G32/><T10/><D127/><U101/><E125/><V64/><F126/><W105/><G105/><T2/><D118/><U99/><E99/><V35/><F35/><W44/><G112/><T132/><D132/><U51/><E4/><V8/><F64/><W90/><G47/><T33/><D33/><U108/><E1/><V71/><F46/><W17/><G17/><T5/><D63/><U102/><E102/><V131/><F71/><W12/><G59/><T50/><D2/><U67/><E67/><V20/><F111/><N who="1" m="42537" /><E24/><V9/><F20/><W48/><G122/><T42/><D6/><U56/><E30/><V53/><F131/><W31/><G31/><N who="0" m="17887" /><D69/><U78/><E78/><N who="2" m="30315" /><F58/><W49/><G123/><T25/><D10/><U121/><E121/><V21/><F8/><W116/><G116/><T66/><D66/><U7/><E56/><V107/><F107/><W62/><G62/><T34/><D34/><U109/><E109/><V89/><F89/><N who="3" m="33803" /><G61/><T81/><D100/><U133/><E101/><V103/><F103/><W60/><G60/><T93/><D79/><U52/><E133/><V37/><F37/><N who="3" m="21551" /><G57/><T29/><D29/><U106/><E39/><V80/><AGARI ba="0,0" hai="9,13,14,18,19,21,53,55,80,86,88" m="30315" machi="80" ten="30,18000,2" yaku="5,1,8,1,52,3,54,1" doraHai="75" who="2" fromWho="2" sc="330,-60,262,-60,230,180,178,-60" /><INIT seed="2,1,0,3,3,122" ten="270,202,410,118" oya="2" hai0="70,71,27,30,35,22,62,79,85,24,84,72,45" hai1="64,91,1,49,19,58,75,18,23,36,38,108,15" hai2="29,37,89,3,119,66,40,60,125,134,135,44,32" hai3="88,118,83,112,93,67,97,39,16,65,80,6,34"/><V114/><F3/><W47/><G118/><T14/><D72/><U130/><E75/><V109/><F119/><W42/><G112/><T111/><D111/><U117/><E117/><V4/><F4/><W63/><G34/><T92/><D14/><U94/><E130/><V105/><F114/><W98/><G6/><T106/><D106/><U102/><E1/><V26/><F125/><W129/><G129/><T81/><D45/><U25/><E102/><V76/><F76/><W51/><G39/><T133/><D133/><N who="2" m="50698" /><F89/><W101/><G16/><T126/><D126/><U123/><E108/><V110/><F105/><W115/><G115/><T124/><D124/><U11/><E123/><V99/><F99/><W54/><G42/><T2/><D2/><U59/><E59/><AGARI ba="1,0" hai="26,29,32,37,40,44,59,60,66,109,110" m="50698" machi="59" ten="30,5800,0" yaku="20,1,52,2" doraHai="122" who="2" fromWho="1" sc="270,0,202,-61,410,61,118,0" /><INIT seed="2,2,0,0,2,123" ten="270,141,471,118" oya="2" hai0="41,48,10,100,59,127,92,28,70,105,94,115,43" hai1="83,7,15,124,133,135,126,49,97,5,54,74,116" hai2="64,95,45,131,44,40,86,103,21,68,88,110,98" hai3="23,1,129,53,69,12,84,112,76,102,8,61,63"/><V18/><F131/><W73/><G73/><T72/><D115/><U57/><E116/><V3/><F3/><W104/><G129/><T101/><D70/><U87/><E74/><V37/><F45/><W2/><G112/><T60/><D72/><U24/><E24/><V20/><F110/><W62/><G69/><T71/><D71/><U130/><E97/><V58/><F68/><W113/><G113/><T56/><D127/><N who="1" m="48683" /><E130/><V17/><F20/><W134/><G134/><N who="1" m="51210" /><E15/><V79/><F79/><AGARI ba="2,0" hai="5,7,49,54,57,79,83,87" m="51210,48683" machi="79" ten="30,2000,0" yaku="18,1,20,1" doraHai="123" who="1" fromWho="2" sc="270,0,141,26,471,-26,118,0" /><INIT seed="3,0,0,4,0,93" ten="270,167,445,118" oya="3" hai0="50,109,49,122,80,98,101,53,133,87,48,36,116" hai1="29,105,79,60,126,34,83,21,32,3,5,81,117" hai2="28,75,52,4,38,12,121,63,128,31,76,33,9" hai3="61,15,114,131,113,134,130,41,25,54,67,70,123"/><W127/><G123/><T30/><D116/><U86/><E117/><V19/><F38/><W17/><G25/><T43/><D122/><U22/><E126/><V72/><F121/><W132/><G41/><T18/><D109/><U88/><E105/><V23/><F128/><N who="3" m="49195" /><G127/><T95/><D133/><N who="3" m="51305" /><G17/><T6/><D30/><U0/><E60/><V13/><F33/><W47/><G15/><T68/><D68/><U103/><E103/><V66/><F52/><W118/><G118/><T62/><D36/><U99/><E34/><V111/><F111/><W40/><G54/><T135/><D135/><U102/><E32/><V8/><F23/><W56/><G56/><T119/><D119/><U125/><E125/><V96/><F63/><W97/><G97/><T82/><D18/><U90/><E29/><V110/><F96/><W35/><G35/><T20/><D20/><U77/><E5/><V73/><F19/><W89/><G89/><N who="0" m="51447" /><D6/><U42/><E42/><V59/><F4/><W94/><G94/><T24/><D24/><U71/><E71/><V39/><F39/><AGARI ba="0,0" hai="39,40,47,61,67,70,113,114" m="51305,49195" machi="39" ten="30,12000,1" yaku="19,1,20,1,23,1,34,2" doraHai="93" who="3" fromWho="2" sc="270,0,167,0,445,-120,118,120" /><INIT seed="3,1,0,5,1,80" ten="270,167,325,238" oya="3" hai0="97,31,129,105,113,132,118,8,103,43,12,19,104" hai1="119,79,68,62,35,87,116,16,5,11,6,69,37" hai2="66,17,126,39,128,111,78,96,100,29,55,7,102" hai3="91,23,81,125,109,42,99,112,38,20,88,34,2"/><W21/><G112/><T89/><D118/><U108/><E37/><V33/><F39/><W46/><G125/><T57/><D113/><U18/><E35/><V9/><F126/><W74/><G34/><T115/><D115/><U36/><E36/><V120/><F111/><W90/><G2/><T15/><D129/><U1/><E108/><V72/><F128/><W59/><G109/><T107/><D132/><U70/><E5/><V65/><F17/><W54/><G99/><T47/><D31/><U122/><E122/><V48/><F120/><W114/><G114/><T110/><D110/><U127/><E127/><V45/><F78/><W101/><G101/><T64/><D47/><U73/><E73/><V61/><F72/><W13/><G13/><T67/><D43/><U71/><E62/><V86/><F86/><W121/><G121/><T41/><D41/><U63/><E63/><V124/><F124/><W131/><G131/><T130/><D57/><U134/><E134/><V82/><F82/><W50/><REACH who="3" step="1"/><G74/><REACH who="3" ten="270,167,325,228" step="2"/><T24/><D15/><U106/><E106/><V44/><F102/><W58/><G58/><T56/><D56/><U133/><E133/><V49/><F33/><W117/><G117/><N who="1" m="45130" /><E71/><V30/><F100/><W4/><G4/><T27/><D130/><U76/><E76/><V40/><F96/><W95/><G95/><N who="0" m="56559" /><D103/><U26/><E26/><N who="0" m="9769" /><D107/><U92/><E92/><V84/><F7/><W0/><G0/><T60/><D105/><U94/><E79/><V98/><F98/><W14/><G14/><T135/><D104/><U32/><E32/><V53/><F45/><RYUUKYOKU ba="1,1" sc="270,-15,167,15,325,-15,228,15" hai1="1,6,11,16,18,68,69,70,87,94" hai3="20,21,23,38,42,46,50,54,59,81,88,90,91" /><INIT seed="3,2,1,3,0,45" ten="255,182,310,243" oya="3" hai0="134,119,63,32,18,56,108,26,12,2,97,8,71" hai1="107,95,47,53,72,104,85,100,36,116,65,74,17" hai2="88,5,96,109,57,30,112,89,80,106,62,23,1" hai3="84,35,6,135,68,27,132,9,111,118,49,121,44"/><W16/><G118/><T128/><D119/><U58/><E116/><V41/><F109/><W37/><G121/><T15/><D108/><U60/><E104/><V69/><F69/><W38/><G68/><T29/><D71/><U33/><E33/><V22/><F1/><W67/><G67/><T92/><D128/><U131/><E131/><V46/><F5/><W11/><G84/><T90/><D134/><N who="3" m="51241" /><G111/><T133/><D133/><U52/><E107/><V21/><F30/><N who="3" m="19935" /><G16/><T64/><D12/><U34/><E34/><V98/><F112/><W78/><G78/><T127/><D2/><U99/><E17/><V10/><F10/><N who="3" m="3595" /><G6/><T19/><D127/><U31/><E31/><V59/><F106/><W103/><G103/><T124/><D124/><U77/><E85/><V43/><F80/><W94/><G94/><T4/><AGARI ba="2,1" hai="4,8,15,18,19,26,29,32,56,63,64,90,92,97" machi="4" ten="20,1500,0" yaku="0,1,7,1" doraHai="45" who="0" fromWho="0" sc="255,31,182,-6,310,-6,243,-9" /><INIT seed="4,0,0,2,5,66" ten="286,176,304,234" oya="0" hai0="133,19,103,30,95,13,108,119,130,45,7,64,4" hai1="38,21,69,23,6,102,128,127,135,79,59,29,33" hai2="43,131,24,60,47,104,15,101,78,107,22,63,97" hai3="76,14,39,122,9,17,50,31,85,89,91,12,11"/><T56/><D119/><U0/><E38/><V110/><F110/><W114/><G114/><T92/><D130/><U129/><E102/><V88/><F131/><N who="1" m="50249" /><E79/><V123/><F123/><W37/><G122/><T118/><D118/><U57/><E135/><V41/><F104/><W72/><G31/><T54/><D133/><U40/><E40/><V111/><F111/><W96/><G72/><T46/><D108/><U81/><E81/><V84/><F78/><W62/><G62/><N who="0" m="37959" /><D30/><U71/><E127/><V115/><F15/><W27/><G27/><T20/><D92/><U34/><E6/><N who="0" m="2089" /><D54/><U1/><E29/><V58/><F115/><W25/><G25/><T121/><D121/><U94/><E94/><V52/><F60/><W70/><G39/><T42/><D42/><U35/><E57/><V3/><F47/><W5/><G37/><T116/><D116/><U80/><E59/><V55/><F55/><W125/><G125/><T124/><D124/><U112/><E112/><V100/><F100/><W8/><G5/><T28/><D28/><U36/><E36/><V106/><F3/><N who="1" m="1097" /><E80/><V82/><REACH who="2" step="1"/><F107/><REACH who="2" ten="286,176,294,234" step="2"/><W98/><G76/><T126/><D126/><U26/><E26/><V48/><F48/><W120/><G120/><T87/><D103/><U49/><E49/><V83/><F83/><W2/><G50/><T109/><D109/><U67/><E67/><V117/><F117/><W134/><G134/><T68/><D46/><U44/><E44/><V73/><F73/><W53/><G2/><T77/><D77/><U86/><E86/><V105/><F105/><W32/><G85/><RYUUKYOKU ba="0,1" sc="286,-15,176,15,294,15,234,-15" hai1="21,23,33,34,35,69,71" hai2="22,24,41,43,52,58,63,82,84,88,97,101,106" /><INIT seed="5,1,1,1,5,4" ten="271,191,309,219" oya="1" hai0="61,82,112,26,63,5,18,31,131,108,105,25,33" hai1="32,6,106,126,123,115,125,89,128,90,92,49,64" hai2="87,47,119,13,60,46,22,19,42,100,43,1,66" hai3="75,118,107,45,55,58,67,83,76,59,9,74,41"/><U129/><E32/><V7/><F119/><W3/><G107/><T79/><D108/><U68/><E106/><V111/><F111/><W37/><G118/><T124/><D105/><U94/><E123/><V102/><F1/><W14/><G3/><T53/><D112/><U110/><E115/><V113/><F113/><W104/><G104/><T135/><D131/><N who="1" m="50251" /><E110/><V71/><F7/><W114/><G114/><T65/><D135/><U98/><E49/><V86/><F86/><W62/><G75/><T2/><D124/><N who="1" m="47723" /><E6/><V120/><F120/><W93/><G93/><N who="1" m="35946" /><E98/><V17/><F100/><W35/><G35/><T0/><D5/><U38/><E38/><V16/><F102/><W103/><G103/><T30/><D0/><U80/><E80/><V78/><F43/><W116/><G116/><T99/><D99/><U122/><E122/><V27/><F42/><W117/><G117/><T29/><D2/><U48/><E48/><V57/><F46/><W134/><G83/><T50/><D82/><U21/><E21/><V132/><F47/><W127/><G45/><T15/><D33/><U52/><E52/><V69/><F22/><W95/><G55/><T44/><D53/><U85/><E85/><V56/><F87/><W34/><G37/><T73/><D50/><U23/><E23/><V109/><F109/><W84/><G34/><T121/><D121/><U72/><E72/><V96/><F96/><W88/><G74/><T12/><D73/><U20/><E20/><V133/><F17/><W91/><G127/><T70/><D44/><U101/><E101/><V28/><F19/><RYUUKYOKU ba="1,1" sc="271,-10,191,30,309,-10,219,-10" hai1="64,68,89,90" /><INIT seed="5,2,1,2,0,76" ten="261,221,299,209" oya="1" hai0="14,11,46,130,93,64,112,131,110,34,79,15,24" hai1="125,77,22,4,122,49,99,105,114,124,18,72,135" hai2="28,17,30,7,63,27,107,103,121,8,73,67,90" hai3="83,82,78,113,43,102,85,97,71,39,80,44,1"/><U40/><E114/><V13/><F121/><W104/><G113/><T42/><D112/><U54/><E122/><V74/><F90/><W68/><G1/><T59/><D110/><U119/><E119/><V52/><F103/><W21/><G21/><T106/><D106/><U70/><E70/><V25/><F107/><W56/><G56/><T127/><D127/><N who="1" m="48715" /><E40/><V115/><F115/><W94/><REACH who="3" step="1"/><G104/><REACH who="3" ten="261,221,299,199" step="2"/><T55/><D59/><U109/><E109/><V37/><F8/><W35/><G35/><T6/><D11/><U20/><E20/><V84/><F28/><W12/><G12/><T31/><D15/><U32/><E32/><V5/><F30/><W128/><G128/><T62/><D14/><U33/><E33/><V29/><F29/><W118/><G118/><T2/><D130/><U65/><E105/><V100/><F13/><W88/><G88/><T50/><D131/><U108/><E108/><V81/><F25/><W111/><G111/><T60/><D2/><U134/><E22/><V38/><F27/><W86/><G86/><T57/><D6/><U41/><E4/><V92/><F7/><W123/><G123/><T53/><D34/><U120/><E120/><V48/><F5/><W45/><G45/><T87/><D31/><U16/><E18/><V132/><F17/><W66/><G66/><T23/><D23/><U129/><E65/><V89/><F67/><W9/><G9/><T117/><D117/><U69/><E16/><V36/><F84/><W26/><G26/><T95/><D24/><U47/><E47/><V61/><F74/><W3/><G3/><RYUUKYOKU ba="2,2" sc="261,-10,221,-10,299,-10,199,30" hai3="39,43,44,68,71,78,80,82,83,85,94,97,102" /><INIT seed="6,3,2,0,1,91" ten="251,211,289,229" oya="2" hai0="30,84,42,66,112,1,106,14,16,28,20,104,57" hai1="99,46,72,81,24,71,65,108,94,127,7,58,55" hai2="54,41,48,73,56,79,11,89,85,92,117,119,132" hai3="96,36,114,17,110,115,68,27,86,12,122,38,50"/><V133/><F41/><W118/><G122/><T35/><D1/><U135/><E108/><V69/><F69/><W49/><G118/><T102/><D112/><N who="3" m="43049" /><G110/><T101/><D104/><U75/><E127/><V6/><F73/><W113/><N who="3" m="43057" /><W121/><DORA hai="3" /><G68/><T2/><D2/><U67/><E135/><N who="2" m="51787" /><F79/><W80/><G27/><T23/><D106/><U32/><E46/><V131/><F131/><W5/><G5/><T124/><D35/><U15/><E75/><V40/><F40/><W74/><G96/><T47/><D124/><U129/><E129/><V8/><F8/><N who="3" m="6279" /><G74/><T63/><D23/><U62/><E72/><V53/><F53/><W111/><G121/><T128/><D84/><U70/><E70/><V4/><F4/><W25/><G25/><T21/><D21/><U83/><E24/><V77/><F77/><N who="3" m="46351" /><G111/><T90/><D128/><U10/><E32/><V130/><F130/><W98/><G98/><T88/><D30/><U64/><E71/><V0/><AGARI ba="3,2" hai="0,6,11,48,54,56,85,89,92,117,119" m="51787" machi="0" ten="30,6000,0" yaku="20,1,52,2" doraHai="91,3" who="2" fromWho="2" sc="251,-23,211,-23,289,89,229,-23" /><INIT seed="6,4,0,1,1,50" ten="228,188,378,206" oya="2" hai0="60,112,53,15,74,75,86,20,49,14,98,46,71" hai1="9,22,122,6,40,64,54,95,25,4,39,77,32" hai2="47,7,99,104,73,27,115,41,45,79,8,63,67" hai3="94,96,62,42,24,132,131,13,83,78,91,80,90"/><V28/><F115/><W52/><G132/><T23/><D112/><U135/><E135/><V35/><F73/><W89/><G131/><T81/><D75/><U66/><E32/><V48/><F79/><W2/><G2/><T34/><D74/><U72/><E122/><V106/><F47/><W127/><G42/><T30/><D34/><U5/><E9/><V102/><F104/><W65/><G127/><T36/><D36/><U129/><E129/><V18/><F18/><W114/><G114/><T85/><D85/><U84/><E72/><V123/><F123/><W51/><G13/><T93/><D60/><U11/><E11/><V101/><F101/><N who="3" m="60567" /><G24/><N who="0" m="16647" /><D23/><U1/><E1/><V59/><F8/><W118/><G118/><T3/><D71/><U26/><E26/><V16/><F16/><W19/><G19/><T134/><D134/><U57/><E22/><V128/><F128/><W87/><G62/><T44/><D44/><U111/><E25/><V97/><F97/><W117/><G117/><T130/><D3/><U68/><E68/><V56/><F7/><W113/><G113/><T105/><D105/><U0/><E0/><V120/><F120/><W103/><G65/><T109/><D109/><U21/><E21/><V69/><AGARI ba="4,0" hai="27,28,35,41,45,48,56,59,63,67,69,99,102,106" machi="69" ten="20,7800,0" yaku="0,1,7,1,25,2" doraHai="50" who="2" fromWho="2" sc="228,-30,188,-30,378,90,206,-30" /><INIT seed="6,5,0,2,3,84" ten="198,158,468,176" oya="2" hai0="26,91,94,81,53,22,59,108,63,115,15,85,55" hai1="52,68,117,78,102,131,57,87,41,24,23,17,119" hai2="56,6,90,105,29,89,92,104,126,3,9,133,109" hai3="93,120,30,76,21,37,118,128,98,12,61,0,72"/><V10/><F133/><W73/><G120/><T35/><D115/><U49/><E131/><V25/><F126/><W51/><G37/><T48/><D108/><U124/><E124/><V64/><F10/><W80/><G0/><T69/><D35/><U101/><E68/><V116/><F116/><W97/><G128/><T38/><D38/><U36/><E117/><V67/><F109/><W5/><G118/><T19/><D69/><U127/><E127/><V113/><F113/><W111/><G111/><T132/><D132/><U27/><E119/><V47/><F47/><W134/><G134/><T39/><D39/><U65/><E65/><V100/><F100/><W33/><G33/><T54/><D48/><U70/><E70/><V32/><F64/><W77/><G61/><T13/><D81/><U121/><E121/><V66/><F66/><AGARI ba="5,0" hai="13,15,19,22,26,53,54,55,59,63,66,85,91,94" machi="66" ten="40,2600,0" yaku="8,1,52,1" doraHai="84" who="0" fromWho="2" sc="198,41,158,0,468,-41,176,0" /><INIT seed="7,0,0,5,2,88" ten="239,158,427,176" oya="3" hai0="91,26,110,52,34,106,85,122,5,84,63,3,16" hai1="90,118,44,19,24,86,33,116,25,36,102,82,48" hai2="28,32,1,69,13,35,73,135,113,100,94,77,105" hai3="7,123,130,22,132,107,38,2,29,55,20,61,27"/><W6/><G123/><T72/><D110/><U97/><E36/><V99/><F1/><W76/><G38/><T14/><D106/><U11/><E33/><V12/><F32/><W92/><G107/><T120/><D72/><U17/><E118/><V66/><F113/><W125/><G132/><T87/><D3/><U42/><E116/><V83/><F135/><W75/><G130/><T98/><D5/><U41/><E41/><V0/><F0/><W95/><G125/><T40/><D40/><U31/><E31/><V128/><F128/><W78/><G2/><T49/><D63/><U74/><E74/><V62/><F94/><N who="3" m="35883" /><G22/><T101/><D34/><U46/><E46/><V121/><F121/><W51/><G61/><T129/><D129/><U53/><E42/><V64/><F64/><W68/><G68/><T56/><D120/><U30/><E30/><V134/><F134/><W124/><G124/><T79/><D122/><U112/><E112/><V9/><F9/><W50/><G50/><T103/><D49/><U58/><E58/><V93/><F93/><W89/><G89/><T45/><D91/><U4/><E102/><V57/><F57/><N who="3" m="33023" /><G75/><T37/><D37/><U59/><E97/><V71/><F71/><W67/><G67/><T18/><D98/><U54/><E24/><AGARI ba="0,0" hai="12,13,24,28,35,62,66,69,73,77,83,99,100,105" machi="24" ten="40,2600,0" yaku="25,2" doraHai="88" who="2" fromWho="1" sc="239,0,158,-26,427,26,176,0" owari="239,4.0,132,-37.0,453,55.0,176,-22.0" /></mjloggm>