<mjloggm ver="2.3"><GO type="169" lobby="0"/><UN n0="%31%33%36%74%6F%70" n1="%E8%87%AA%E9%87%8D" n2="%E3%81%B4%E3%83%BC%E3%81%8A%E3%81%8B" n3="%E3%83%88%E3%83%88%E3%83%AA%E5%85%88%E7%94%9F%31%39%E6%AD%B3" dan="16,16,17,19" rate="2131.53,2063.37,2172.72,2305.67" sx="M,M,M,F"/><TAIKYOKU oya="0"/><INIT seed="0,0,0,5,0,129" ten="250,250,250,250" oya="0" hai0="53,82,74,73,1,119,86,27,83,128,49,60,52" hai1="123,91,22,20,17,30,71,54,70,98,105,21,94" hai2="39,61,121,47,79,26,25,93,58,13,37,43,51" hai3="77,80,24,95,115,101,102,29,55,3,109,28,64"/><T16/><D1/><U133/><E123/><V118/><F121/><W9/><G115/><T46/><D119/><U103/><E30/><V31/><F118/><W104/><G104/><T56/><D128/><U126/><E126/><V100/><F79/><W38/><G109/><T4/><D4/><U10/><E133/><V134/><F134/><W65/><G29/><T85/><D74/><U44/><E44/><V78/><F78/><W33/><G38/><T23/><D73/><U113/><E54/><V67/><F13/><W106/><G106/><T66/><D66/><U120/><E113/><V40/><F25/><W107/><G107/><T99/><D99/><U15/><REACH who="1" step="1"/><E120/><REACH who="1" ten="250,240,250,250" step="2"/><V59/><F43/><W76/><G55/><T2/><D2/><U92/><E92/><V12/><F93/><W130/><G95/><T5/><D5/><U72/><E72/><V131/><F40/><W57/><G130/><T0/><D0/><U110/><E110/><V14/><F131/><W42/><G42/><T11/><D11/><U69/><E69/><V7/><F7/><W124/><G9/><T114/><D114/><U125/><E125/><V50/><F47/><W112/><G124/><T34/><D34/><U97/><AGARI ba="0,1" hai="10,15,17,20,21,22,70,71,91,94,97,98,103,105" machi="97" ten="30,4000,0" yaku="1,1,0,1,53,1" doraHai="129" doraHaiUra="84" who="1" fromWho="1" sc="250,-20,240,50,250,-10,250,-10" /><INIT seed="1,0,0,2,3,60" ten="230,290,240,240" oya="1" hai0="62,26,71,118,6,42,93,65,16,55,116,90,30" hai1="68,47,83,54,19,15,112,69,74,58,92,81,77" hai2="25,129,111,103,100,109,75,4,1,76,61,130,72" hai3="98,39,127,121,13,86,125,115,40,73,104,23,88"/><U79/><E112/><V8/><F25/><W28/><G115/><T52/><D42/><U94/><E47/><V43/><F43/><W95/><G121/><T82/><D82/><U135/><E135/><V41/><F41/><W122/><G122/><T113/><D6/><U3/><E3/><V51/><F51/><W36/><G73/><N who="2" m="28233" /><F76/><W96/><G104/><T22/><D113/><U97/><E81/><V106/><F61/><W48/><G96/><T11/><D11/><U114/><E79/><V84/><F84/><W126/><G98/><T33/><D118/><U89/><E94/><V78/><F78/><W133/><G133/><T132/><D132/><U34/><E34/><V67/><F67/><W70/><G70/><T46/><D46/><U134/><E134/><V38/><F38/><W44/><REACH who="3" step="1"/><G13/><REACH who="3" ten="230,290,240,230" step="2"/><T35/><D116/><U10/><E114/><V21/><F106/><W17/><G17/><T107/><D107/><U59/><REACH who="1" step="1"/><E58/><REACH who="1" ten="230,280,240,230" step="2"/><V53/><F1/><W49/><G49/><AGARI ba="0,2" hai="10,15,19,49,54,59,68,69,74,77,83,89,92,97" machi="49" ten="30,11600,0" yaku="1,1,2,1,7,1,53,1" doraHai="60" doraHaiUra="7" who="1" fromWho="3" sc="230,0,280,136,240,0,230,-116" /><INIT seed="1,1,0,0,4,68" ten="230,416,240,114" oya="1" hai0="63,21,15,30,116,33,111,58,119,38,73,97,129" hai1="81,80,8,126,93,7,84,104,40,69,96,75,17" hai2="18,42,43,112,101,70,2,71,124,39,67,113,34" hai3="65,48,46,3,86,72,53,74,0,99,78,120,64"/><U105/><E69/><N who="2" m="26123" /><F101/><W88/><G120/><T28/><D73/><U12/><E126/><V76/><F76/><W19/><G99/><T61/><D111/><U52/><E75/><V131/><F18/><W83/><G74/><T24/><D129/><U37/><E52/><V36/><F34/><W26/><G0/><T82/><D82/><U107/><E84/><V49/><F2/><W56/><G3/><T77/><D77/><U6/><E6/><V94/><F94/><W31/><G46/><T135/><D135/><U85/><E85/><V89/><F89/><W90/><G19/><T122/><D97/><U51/><E51/><V55/><F67/><W102/><G102/><T54/><D122/><U125/><E7/><V45/><F131/><W23/><REACH who="3" step="1"/><G90/><REACH who="3" ten="230,416,240,104" step="2"/><T32/><D119/><U27/><E96/><V4/><F4/><W95/><AGARI ba="1,1" hai="23,26,31,48,53,56,64,65,72,78,83,86,88,95" machi="95" ten="20,8000,1" yaku="1,1,2,1,0,1,7,1,54,1,53,0" doraHai="68" doraHaiUra="121" who="3" fromWho="3" sc="230,-21,416,-41,240,-21,104,93" /><INIT seed="2,0,0,2,1,53" ten="209,375,219,197" oya="2" hai0="36,113,19,45,5,29,99,115,105,35,104,117,61" hai1="128,71,102,120,7,96,90,127,49,58,31,108,13" hai2="114,93,100,78,69,103,80,83,95,123,40,68,86" hai3="15,112,14,135,2,52,55,22,91,20,75,70,41"/><V1/><F1/><W21/><G2/><T46/><D117/><U98/><E71/><V77/><F40/><W32/><G32/><T119/><D119/><U72/><E72/><N who="2" m="43047" /><F68/><W124/><G70/><T37/><D5/><U9/><E108/><V27/><F27/><W97/><G75/><T132/><D29/><U11/><E128/><V33/><F33/><W109/><G112/><T125/><D35/><U10/><E127/><V92/><F69/><W59/><G135/><T107/><D19/><U118/><E118/><V79/><F123/><W47/><G109/><T111/><D61/><U56/><E31/><V48/><F48/><N who="3" m="28703" /><G124/><T16/><D99/><N who="1" m="37931" /><E102/><N who="2" m="38955" /><F114/><W116/><G41/><T0/><D107/><U85/><E49/><V38/><F38/><W28/><G28/><T66/><D0/><U39/><E39/><V34/><F34/><W81/><G116/><T43/><D125/><U94/><E120/><V42/><F42/><W4/><G4/><T30/><D43/><U3/><E3/><V89/><AGARI ba="0,0" hai="78,79,83,86,89,92,93,95" m="38955,43047" machi="89" ten="30,12000,1" yaku="35,5" doraHai="53" who="2" fromWho="2" sc="209,-40,375,-40,219,120,197,-40" /><INIT seed="2,1,0,0,5,78" ten="169,335,339,157" oya="2" hai0="30,40,15,3,108,86,116,57,109,124,132,24,134" hai1="8,87,84,23,2,88,106,120,18,90,101,5,85" hai2="98,111,12,21,67,74,13,133,33,35,64,6,82" hai3="131,49,73,92,63,47,81,129,100,34,26,125,96"/><V51/><F133/><N who="0" m="51306" /><D40/><U27/><REACH who="1" step="1"/><E120/><REACH who="1" ten="169,325,339,157" step="2"/><V25/><F111/><W75/><G129/><T14/><D109/><U94/><E94/><V9/><F35/><W105/><G131/><T93/><D108/><U66/><E66/><V19/><F33/><W39/><G92/><T110/><D110/><U11/><E11/><V56/><F67/><W99/><G34/><T32/><D124/><U7/><E7/><V115/><F64/><W38/><G125/><T28/><D116/><U36/><E36/><V122/><F122/><W83/><G38/><T117/><D117/><U95/><E95/><V37/><F37/><W42/><G39/><T119/><D119/><U76/><E76/><V104/><F6/><W71/><G71/><T52/><D3/><U102/><E102/><V31/><F9/><W61/><G99/><AGARI ba="1,1" hai="2,5,8,18,23,27,84,85,87,88,90,99,101,106" machi="99" ten="40,2600,0" yaku="1,1,54,1,53,0" doraHai="78" doraHaiUra="58" who="1" fromWho="3" sc="169,0,325,39,339,0,157,-29" /><INIT seed="3,0,0,0,4,114" ten="169,364,339,128" oya="3" hai0="37,19,34,2,126,97,10,36,77,28,52,47,62" hai1="48,55,54,44,84,86,82,51,63,92,59,8,122" hai2="113,74,95,98,135,35,83,127,75,130,121,30,111" hai3="93,132,65,11,0,13,31,112,105,110,119,120,94"/><W106/><G112/><T90/><D126/><U46/><E122/><V70/><RYUUKYOKU type="yao9" ba="0,0" sc="169,0,364,0,339,0,128,0" hai2="30,35,70,74,75,83,95,98,111,113,121,127,130,135" /><INIT seed="3,1,0,0,2,4" ten="169,364,339,128" oya="3" hai0="98,17,135,76,28,78,65,15,105,58,14,71,134" hai1="101,94,24,87,119,69,90,93,49,113,106,6,132" hai2="111,12,0,23,81,129,112,2,88,48,75,82,45" hai3="89,37,34,29,83,64,67,124,123,77,133,72,9"/><W27/><G123/><T116/><D71/><U127/><E113/><V60/><F112/><W66/><G37/><T1/><D1/><U80/><E69/><V122/><F111/><W63/><G133/><N who="0" m="50699" /><D28/><U42/><E132/><V16/><F129/><W84/><G124/><T18/><D116/><U13/><E127/><V86/><F122/><W56/><REACH who="3" step="1"/><G9/><REACH who="3" ten="169,364,339,118" step="2"/><N who="0" m="6351" /><D105/><U22/><E119/><V10/><F10/><W61/><G61/><N who="0" m="38071" /><D98/><U11/><E106/><V35/><F0/><W97/><G97/><T110/><D110/><U104/><E104/><V55/><F2/><W40/><G40/><T130/><D130/><U74/><E42/><V36/><F36/><W43/><G43/><T41/><D41/><U103/><E103/><V131/><F131/><W3/><G3/><T85/><D85/><U108/><E101/><V30/><F86/><W8/><G8/><AGARI ba="1,1" hai="8,15,18,76,78" m="38071,6351,50699" machi="8" ten="30,3900,0" yaku="20,1,52,2" doraHai="4" who="0" fromWho="3" sc="169,52,364,0,339,0,118,-42" /><INIT seed="4,0,0,4,5,84" ten="221,364,339,76" oya="0" hai0="11,98,91,106,132,113,47,8,28,96,95,110,129" hai1="4,103,65,92,121,42,35,40,100,15,34,0,128" hai2="122,72,104,16,73,114,39,5,97,134,133,13,127" hai3="89,66,64,90,63,21,116,75,112,123,68,118,111"/><T19/><D113/><U109/><E109/><V71/><F114/><W80/><G112/><T101/><D129/><U12/><E121/><V62/><F122/><W81/><G111/><T31/><D110/><U27/><E128/><V115/><F115/><W83/><G123/><T30/><D132/><N who="2" m="50794" /><F39/><W1/><G75/><T9/><REACH who="0" step="1"/><D47/><REACH who="0" ten="211,364,339,76" step="2"/><U6/><E0/><V46/><F46/><W14/><G1/><T29/><N who="0" m="7168" /><DORA hai="74" /><T125/><D125/><U58/><E35/><V22/><F127/><W119/><REACH who="3" step="1"/><G66/><REACH who="3" ten="211,364,339,66" step="2"/><T50/><D50/><U53/><E65/><V61/><F61/><W32/><G32/><T87/><D87/><U55/><E34/><V67/><F62/><W54/><G54/><T69/><D69/><U7/><E53/><V86/><F71/><W76/><G76/><T117/><D117/><U135/><E55/><V25/><F67/><W52/><G52/><T93/><D93/><U102/><E92/><V36/><F72/><W48/><G48/><T78/><D78/><U18/><E135/><V130/><F73/><W79/><G79/><T77/><D77/><U94/><E94/><V26/><F130/><W56/><G56/><T107/><D107/><U38/><E58/><V105/><F104/><W108/><G108/><T3/><D3/><U88/><E38/><V124/><F36/><W82/><N who="3" m="20480" /><DORA hai="33" /><W59/><G59/><T44/><D44/><U70/><E70/><V85/><F105/><W23/><G23/><T126/><D126/><U37/><E37/><V120/><F124/><W24/><G24/><T99/><D99/><U2/><E27/><RYUUKYOKU ba="0,2" sc="211,15,364,-15,339,-15,66,15" hai0="8,9,11,19,91,95,96,98,101,106" hai3="14,21,63,64,68,89,90,116,118,119" /><INIT seed="4,1,2,4,5,53" ten="226,349,324,81" oya="0" hai0="37,47,49,9,126,58,28,45,1,38,52,112,3" hai1="59,111,108,115,105,90,79,85,26,4,127,91,51" hai2="99,60,10,13,68,43,46,56,71,23,125,7,57" hai3="121,36,134,6,62,96,42,24,20,15,48,2,93"/><T50/><D112/><U22/><E115/><V21/><F125/><W65/><G2/><T102/><D126/><U34/><E127/><V98/><F71/><W0/><G0/><T124/><D124/><U87/><E105/><V8/><F68/><W84/><G36/><T122/><D122/><U109/><E34/><V73/><F73/><W120/><G134/><T116/><D116/><U119/><E119/><V88/><F10/><W113/><G113/><T54/><D102/><U82/><E4/><V17/><F23/><W118/><G118/><T97/><D97/><U76/><E51/><N who="2" m="27103" /><F57/><N who="3" m="37071" /><G84/><T114/><D114/><U31/><REACH who="1" step="1"/><E59/><REACH who="1" ten="226,339,324,81" step="2"/><V80/><F7/><W11/><G120/><T5/><D28/><U16/><E16/><V40/><F56/><W69/><G69/><T106/><D106/><U131/><E131/><V103/><F17/><N who="3" m="12303" /><G121/><T44/><REACH who="0" step="1"/><D3/><REACH who="0" ten="216,339,324,81" step="2"/><U14/><E14/><V92/><F13/><W95/><G96/><T70/><D70/><U18/><E18/><V74/><F99/><W72/><G15/><T132/><D132/><U29/><E29/><V135/><F135/><W75/><G6/><T129/><D129/><U32/><E32/><V128/><F128/><W104/><G104/><T33/><D33/><U12/><E12/><V101/><F98/><W133/><G133/><T61/><D61/><U66/><E66/><V100/><F60/><W35/><G35/><T83/><D83/><AGARI ba="1,4" hai="22,26,31,76,79,82,83,85,87,90,91,108,109,111" machi="83" ten="40,8000,1" yaku="1,1,9,1,53,2" doraHai="53" doraHaiUra="77" who="1" fromWho="0" sc="216,-83,339,123,324,0,81,0" /><INIT seed="5,0,0,1,5,66" ten="133,462,324,81" oya="1" hai0="90,13,28,131,68,73,41,83,23,10,104,32,84" hai1="128,53,85,30,75,79,70,59,78,64,133,89,92" hai2="67,14,48,108,49,27,45,36,50,106,19,91,24" hai3="20,81,88,22,12,80,105,17,47,15,109,61,11"/><U86/><E133/><V121/><F108/><W71/><G109/><T107/><D131/><U97/><E128/><V42/><F121/><W93/><G105/><T9/><D68/><U63/><E30/><V5/><F5/><W33/><G33/><T56/><D32/><U54/><E75/><V1/><F1/><W52/><G71/><T124/><D124/><U4/><E4/><V101/><F67/><W0/><G0/><T25/><D73/><U35/><E35/><V110/><F110/><W55/><G47/><T95/><D41/><U130/><E130/><V16/><F19/><W7/><G22/><T132/><D132/><U103/><E85/><V135/><F135/><W6/><G6/><T65/><D95/><U134/><E134/><V77/><F77/><W43/><G43/><T82/><D82/><N who="3" m="31849" /><G61/><T123/><D123/><U57/><E70/><V113/><F113/><W37/><G37/><T39/><D39/><U29/><E29/><V120/><F120/><W40/><G40/><T31/><D31/><U129/><E129/><V46/><F46/><W8/><G8/><T69/><D69/><U60/><E64/><V117/><F117/><W34/><G34/><T115/><D115/><U111/><E111/><V116/><F116/><W74/><G74/><T118/><D118/><U127/><E127/><V119/><F119/><W44/><G44/><T100/><D100/><U62/><E62/><V122/><F122/><W2/><G2/><T18/><D10/><U51/><E51/><V98/><F91/><W94/><G88/><T3/><D3/><U21/><E21/><AGARI ba="0,0" hai="14,16,21,24,27,36,42,45,48,49,50,98,101,106" machi="21" ten="40,2600,0" yaku="6,1,54,1" doraHai="66" who="2" fromWho="1" sc="133,0,462,-26,324,26,81,0" /><INIT seed="6,0,0,5,4,116" ten="133,436,350,81" oya="2" hai0="93,45,5,72,21,71,32,39,131,101,130,120,67" hai1="51,61,69,98,104,97,15,78,38,12,22,108,134" hai2="6,124,105,55,75,123,73,35,24,135,7,70,99" hai3="112,58,41,126,127,128,14,84,77,10,25,36,20"/><V118/><F118/><W23/><G36/><T82/><D32/><U49/><E108/><V122/><F55/><W66/><G41/><T95/><D67/><U44/><E38/><V0/><F7/><W81/><G128/><N who="0" m="49195" /><D71/><U34/><E34/><V68/><F124/><W85/><G112/><T87/><D72/><N who="2" m="27722" /><F135/><W19/><G126/><T18/><D5/><U129/><E129/><V111/><F111/><W52/><G127/><T29/><D101/><U90/><E134/><V47/><F47/><W103/><G66/><T56/><D56/><U76/><E69/><N who="2" m="26731" /><F99/><W94/><G25/><N who="0" m="14519" /><D29/><U100/><E61/><V26/><F26/><W43/><G43/><N who="0" m="22783" /><D120/><N who="2" m="46122" /><F105/><W46/><G46/><T53/><D53/><U13/><E104/><V110/><F110/><W59/><G59/><T113/><D113/><U2/><E97/><V74/><F74/><W27/><G27/><T121/><D121/><U31/><E98/><V106/><F106/><W79/><G103/><T54/><D54/><U57/><E100/><V88/><F88/><AGARI ba="0,0" hai="82,87,88,93,95" m="22783,14519,49195" machi="88" ten="30,2000,0" yaku="19,1,54,1" doraHai="116" who="0" fromWho="2" sc="133,20,436,0,350,-20,81,0" /><INIT seed="7,0,0,3,4,84" ten="153,436,330,81" oya="3" hai0="34,30,11,132,1,61,95,110,118,73,67,128,50" hai1="77,91,48,25,134,86,18,8,109,99,27,96,62" hai2="64,88,4,24,13,94,116,129,119,114,78,31,20" hai3="16,6,108,121,66,124,38,76,40,35,131,75,98"/><W28/><G121/><T80/><D118/><U42/><E109/><V54/><F114/><W126/><G108/><T72/><D110/><U12/><E134/><V26/><F78/><W60/><G131/><T23/><D132/><U19/><E77/><V3/><F129/><W15/><G6/><T17/><D128/><U58/><E48/><V41/><F3/><W69/><G98/><N who="1" m="37418" /><E42/><V79/><F79/><W125/><G28/><T14/><D95/><N who="1" m="54775" /><E19/><V107/><F64/><AGARI ba="0,0" hai="8,12,18,25,27,58,62,64" m="54775,37418" machi="64" ten="30,2000,0" yaku="8,1,52,1" doraHai="84" who="1" fromWho="2" sc="153,0,436,20,330,-20,81,0" owari="153,-25.0,456,56.0,310,11.0,81,-42.0" /></mjloggm>