<mjloggm ver="2.3"><GO type="169" lobby="0"/><UN n0="%E3%82%B3%E3%83%9E%E3%83%84%E3%83%9E%E3%83%84%E3%82%B3" n1="%E3%83%AD%E3%83%90%E3%83%BC%E3%83%88%E3%83%BB%E3%83%AD%E3%83%BC%E3%82%BA" n2="%E3%83%88%E3%83%88%E3%83%AA%E5%85%88%E7%94%9F%31%39%E6%AD%B3" n3="%41%54%53%4D" dan="16,16,19,16" rate="2143.84,2123.62,2317.38,2075.77" sx="M,M,F,M"/><TAIKYOKU oya="0"/><INIT seed="0,0,0,2,3,82" ten="250,250,250,250" oya="0" hai0="114,52,115,88,7,131,71,9,22,119,109,59,44" hai1="18,49,76,120,17,132,56,47,11,60,61,64,113" hai2="89,99,42,57,41,70,118,130,25,43,26,27,106" hai3="93,117,125,15,85,100,105,111,78,122,96,13,33"/><T135/><D119/><U2/><E120/><V65/><F118/><W0/><G117/><T86/><D71/><U74/><E132/><V72/><F72/><W94/><G0/><T110/><D44/><U40/><E113/><V28/><F130/><W91/><G33/><T1/><D22/><U3/><E74/><V84/><F70/><W134/><G134/><T104/><D104/><U80/><E61/><N who="2" m="38063" /><F106/><W48/><G122/><T63/><D131/><U23/><E11/><V83/><F99/><W116/><G116/><T55/><D55/><U36/><E17/><V107/><F107/><W102/><G111/><N who="0" m="42507" /><D135/><U73/><REACH who="1" step="1"/><E36/><REACH who="1" ten="250,240,250,250" step="2"/><V38/><F38/><W67/><G125/><T126/><D126/><U75/><E75/><V51/><F28/><W123/><G123/><T53/><D53/><U62/><E62/><V19/><F51/><W79/><G48/><T29/><D29/><U30/><E30/><V31/><F31/><W24/><G67/><T45/><D45/><U69/><E69/><V4/><F4/><W58/><G58/><T37/><D37/><U95/><E95/><AGARI ba="0,1" hai="1,7,9,52,59,63,86,88,95,114,115" m="42507" machi="95" ten="30,12000,1" yaku="14,1,10,1,52,1,54,2" doraHai="82" who="0" fromWho="1" sc="250,130,240,-120,250,0,250,0" /><INIT seed="0,1,0,5,4,51" ten="380,120,250,250" oya="0" hai0="96,43,36,40,102,37,44,17,114,32,84,105,115" hai1="82,19,22,119,13,59,41,118,104,112,47,69,98" hai2="61,129,77,76,78,52,12,94,5,127,83,100,81" hai3="110,3,45,0,91,132,116,38,49,29,111,131,33"/><T90/><D32/><U55/><E69/><V54/><F129/><W95/><G116/><T42/><D17/><U130/><E130/><V86/><F127/><W97/><G38/><T72/><D72/><U133/><E133/><V93/><F61/><W63/><G131/><T15/><D15/><U79/><E112/><V71/><F71/><W101/><G132/><T26/><D26/><U106/><E106/><V28/><F28/><W60/><G29/><T85/><D85/><U14/><E14/><V48/><F48/><W31/><G31/><T120/><D120/><U7/><E7/><V24/><F24/><W103/><G33/><T125/><D125/><U128/><E98/><N who="2" m="59471" /><F94/><W74/><G74/><T66/><D66/><U8/><E104/><V99/><F99/><W122/><G122/><T21/><D36/><U124/><E128/><V18/><F5/><W62/><G101/><T20/><D115/><U57/><E124/><V126/><F126/><W58/><G103/><T92/><D114/><U87/><E119/><V65/><F65/><W134/><G134/><T108/><D108/><N who="3" m="41513" /><G58/><T1/><D1/><U39/><E59/><V88/><F83/><W56/><G56/><T80/><D105/><U30/><E118/><V109/><F109/><W53/><AGARI ba="1,0" hai="0,3,45,49,53,60,62,63,91,95,97" m="41513" machi="53" ten="30,2000,0" yaku="14,1,52,1" doraHai="51" who="3" fromWho="3" sc="380,-11,120,-6,250,-6,250,23" /><INIT seed="1,0,0,3,5,129" ten="369,114,244,273" oya="1" hai0="41,107,110,27,117,81,99,45,16,114,40,51,73" hai1="94,6,57,0,78,18,124,15,115,90,42,67,54" hai2="61,100,23,30,5,71,135,34,65,89,33,55,72" hai3="86,106,70,38,95,64,25,132,35,113,112,79,97"/><U104/><E104/><V19/><F72/><W130/><G38/><T52/><D114/><U20/><E115/><V48/><F30/><N who="3" m="19919" /><G130/><T3/><D3/><U128/><E128/><V84/><F5/><W93/><G132/><T96/><D117/><U47/><E67/><V24/><F100/><N who="3" m="62735" /><G79/><T28/><D110/><U92/><E124/><V31/><F31/><W87/><G87/><T36/><D28/><U37/><E78/><V123/><F123/><W4/><G4/><T80/><D73/><U32/><E32/><V14/><F24/><W44/><G44/><T88/><D36/><U102/><E102/><V43/><F43/><N who="0" m="16458" /><D107/><U126/><E126/><V98/><F98/><N who="0" m="37418" /><D88/><U85/><E92/><N who="3" m="35402" /><G86/><T22/><AGARI ba="0,0" hai="16,22,27,45,51,52,80,81" m="37418,16458" machi="22" ten="30,4000,0" yaku="8,1,54,2" doraHai="129" who="0" fromWho="0" sc="369,40,114,-20,244,-10,273,-10" /><INIT seed="2,0,0,1,5,52" ten="409,94,234,263" oya="2" hai0="117,29,47,26,65,133,69,109,10,16,134,9,50" hai1="100,110,34,32,83,27,0,82,46,125,97,132,59" hai2="114,71,86,74,96,4,13,56,73,104,39,20,101" hai3="60,5,76,112,18,44,90,67,78,105,88,7,118"/><V80/><F114/><W79/><G118/><T98/><D109/><U93/><E110/><V28/><F71/><W131/><G105/><T116/><D98/><U2/><E132/><N who="0" m="50793" /><D65/><U45/><E125/><V48/><F39/><W53/><G112/><T115/><D69/><U55/><E0/><V49/><F49/><N who="3" m="28839" /><G131/><T57/><D57/><U127/><E2/><V106/><F106/><W75/><G18/><T129/><D129/><U81/><E127/><V8/><F48/><W11/><G75/><T102/><D102/><U77/><E77/><V68/><F68/><W40/><G40/><T135/><D135/><U95/><E27/><V64/><F20/><W30/><G30/><T120/><D120/><U103/><E32/><V119/><F28/><W12/><G5/><T42/><D115/><U41/><E34/><V22/><F22/><W23/><G23/><N who="0" m="13671" /><D29/><U107/><E100/><V6/><F119/><AGARI ba="0,0" hai="9,10,42,47,50,116,117,119" m="13671,50793" machi="119" ten="30,3900,0" yaku="12,1,20,1,54,1" doraHai="52" who="0" fromWho="2" sc="409,39,94,0,234,-39,263,0" /><INIT seed="3,0,0,0,4,32" ten="448,94,195,263" oya="3" hai0="4,9,54,62,42,2,99,29,127,52,36,72,23" hai1="90,56,12,89,24,20,6,96,65,5,8,55,38" hai2="124,92,133,95,117,30,57,93,119,19,134,34,11" hai3="76,78,103,94,118,21,31,67,132,114,85,13,126"/><W87/><G114/><T116/><D127/><U104/><E38/><V75/><F75/><W115/><G115/><T44/><D116/><N who="2" m="44618" /><F124/><W130/><G118/><T106/><D62/><U25/><E65/><V107/><F107/><W0/><G126/><T41/><D41/><U15/><E104/><V91/><F57/><W63/><G0/><T59/><D59/><U112/><E112/><V68/><F68/><W53/><G53/><T125/><D125/><U51/><E96/><V16/><F91/><W49/><G49/><T135/><D23/><U39/><E39/><V43/><F43/><W108/><G108/><T46/><D29/><U22/><E12/><V48/><F48/><W74/><G74/><T35/><D46/><U109/><E6/><V3/><F30/><W71/><G130/><T73/><D73/><U79/><E79/><V88/><F34/><W60/><G60/><T69/><D35/><U98/><E109/><V101/><F101/><W113/><G113/><T128/><D72/><U82/><E82/><V131/><F131/><W123/><G78/><T80/><D128/><U110/><E110/><V86/><F3/><W7/><G76/><T84/><D69/><U64/><E64/><V83/><F11/><W47/><G67/><T37/><D37/><U40/><E40/><V45/><F45/><W81/><G47/><T122/><D44/><U27/><E89/><V10/><F10/><W70/><G70/><T58/><D36/><U14/><E90/><V33/><F33/><W129/><G71/><T17/><D2/><N who="1" m="55" /><E98/><V1/><F1/><W26/><G129/><RYUUKYOKU ba="0,0" sc="448,-15,94,15,195,15,263,-15" hai1="14,15,20,22,24,25,27,51,55,56" hai2="16,19,83,86,88,92,93,95,133,134" /><INIT seed="4,1,0,0,5,134" ten="433,109,210,248" oya="0" hai0="8,34,93,18,102,36,28,37,120,106,32,112,108" hai1="33,21,88,121,116,122,117,73,58,98,76,24,51" hai2="6,26,104,46,103,115,113,22,77,39,55,65,79" hai3="49,90,60,69,41,97,0,57,9,4,10,12,95"/><T74/><D106/><U27/><E33/><V20/><F65/><W81/><G81/><T66/><D74/><U61/><E51/><V62/><F6/><W67/><G41/><T105/><D93/><U68/><E68/><V109/><F109/><W11/><G69/><T84/><D84/><U70/><E70/><V48/><F39/><W19/><G49/><T71/><D18/><U47/><E47/><V50/><F62/><W63/><G63/><T83/><D83/><U38/><E38/><V42/><F103/><W25/><G25/><T119/><D108/><U3/><E3/><V30/><F104/><W123/><G123/><T125/><D120/><U56/><E21/><AGARI ba="1,0" hai="0,4,9,10,11,12,19,21,57,60,67,90,95,97" machi="21" ten="30,1000,0" yaku="7,1" doraHai="134" who="3" fromWho="1" sc="433,0,109,-13,210,0,248,13" /><INIT seed="5,0,0,2,4,92" ten="433,96,210,261" oya="1" hai0="39,35,79,38,86,62,47,24,34,6,126,59,103" hai1="116,110,102,98,51,96,21,0,113,45,30,37,85" hai2="53,107,83,130,1,135,118,15,13,19,99,71,64" hai3="50,129,7,11,46,42,10,82,43,117,61,72,73"/><U66/><E116/><V54/><F118/><W31/><G117/><T104/><D6/><U128/><E37/><V22/><F1/><W2/><G31/><T55/><D103/><U68/><E0/><V87/><F130/><W106/><G106/><T23/><D104/><U58/><E68/><V49/><F135/><W94/><G129/><T32/><D47/><U91/><E128/><V29/><F29/><W108/><G108/><T81/><REACH who="0" step="1"/><D126/><REACH who="0" ten="423,96,210,261" step="2"/><U36/><E110/><V60/><F107/><W77/><G7/><T90/><D90/><U111/><E111/><V70/><F70/><W16/><G2/><T8/><D8/><U119/><E102/><V120/><F71/><W134/><G10/><T4/><D4/><U100/><E100/><V88/><F88/><W124/><G124/><T14/><D14/><U93/><E119/><V80/><F13/><W101/><G101/><T17/><AGARI ba="0,1" hai="17,23,24,32,34,35,38,39,55,59,62,79,81,86" machi="17" ten="30,2000,0" yaku="1,1,0,1,53,0" doraHai="92" doraHaiUra="63" who="0" fromWho="0" sc="423,30,96,-10,210,-5,261,-5" /><INIT seed="6,0,0,2,5,96" ten="453,86,205,256" oya="2" hai0="104,50,42,81,41,31,57,2,12,13,108,38,53" hai1="121,18,73,48,116,72,126,65,56,54,47,131,69" hai2="51,49,0,59,62,5,28,115,89,82,94,16,79" hai3="52,102,107,117,70,88,24,68,125,10,17,34,110"/><V36/><F36/><W85/><G117/><T92/><D104/><U60/><E116/><V32/><F115/><W97/><G110/><T23/><D108/><U130/><E18/><V55/><F32/><W67/><G125/><T118/><D2/><U22/><E22/><V7/><F28/><W58/><G67/><T86/><D92/><U129/><E126/><V77/><F0/><W15/><G24/><N who="0" m="16799" /><D38/><U64/><E73/><V21/><F49/><W14/><G14/><N who="0" m="5739" /><D118/><U29/><E29/><V106/><F106/><W119/><G34/><T135/><D135/><U120/><E72/><V113/><F113/><W9/><G9/><T44/><D57/><U134/><E134/><V26/><F51/><W4/><G4/><N who="2" m="1609" /><F82/><W39/><G39/><T111/><D111/><U8/><E8/><V93/><F93/><W35/><G35/><T133/><D133/><U78/><E78/><AGARI ba="0,0" hai="41,42,44,50,53,78,81,86" m="5739,16799" machi="78" ten="30,1000,0" yaku="8,1" doraHai="96" who="0" fromWho="1" sc="453,10,86,-10,205,0,256,0" /><INIT seed="7,0,0,1,0,50" ten="463,76,205,256" oya="3" hai0="104,49,17,111,55,19,33,125,22,102,116,115,8" hai1="91,36,40,120,85,99,123,95,119,101,135,130,92" hai2="48,86,30,9,43,58,51,89,83,103,108,105,112" hai3="25,10,14,133,52,74,0,88,127,124,57,113,110"/><W32/><G74/><T107/><D33/><U132/><E40/><V1/><F108/><W60/><G0/><T6/><D111/><U68/><E68/><V53/><F112/><W3/><G3/><T70/><D70/><U77/><E36/><V97/><F30/><W47/><G110/><T129/><D17/><U21/><E21/><V26/><F26/><W39/><G113/><T67/><D67/><U34/><E34/><V81/><F43/><W35/><G133/><T93/><D125/><N who="3" m="48201" /><G25/><T109/><D109/><U37/><E37/><V12/><F1/><W114/><G114/><T117/><D115/><U69/><E69/><V122/><F122/><W79/><G79/><T73/><D73/><U128/><E119/><V61/><REACH who="2" step="1"/><F81/><REACH who="2" ten="463,76,195,256" step="2"/><W16/><G88/><T2/><D2/><U64/><E64/><V45/><F45/><W5/><G5/><AGARI ba="0,1" hai="5,9,12,48,51,53,58,61,83,86,89,97,103,105" machi="5" ten="30,7700,0" yaku="1,1,7,1,52,1,53,1" doraHai="50" doraHaiUra="7" who="2" fromWho="3" sc="463,0,76,0,195,87,256,-77" owari="463,56.0,76,-42.0,282,8.0,179,-22.0" /></mjloggm>