<mjloggm ver="2.3"><GO type="169" lobby="0"/><UN n0="%72%79%6F%EF%BC%A0%4D%4A" n1="%E3%82%A6%E3%83%AB%E3%83%88%E3%83%A9%E7%AB%8B%E7%9B%B4" n2="%74%61%6B%75%61%6B%61" n3="%E3%83%A2%E3%83%83%E3%83%83%E3%83%83%E3%83%83%E3%83%83%E3%82%B3%E3%82%B9" dan="16,18,17,16" rate="2129.37,2217.04,2183.52,2051.71" sx="M,M,M,M"/><TAIKYOKU oya="0"/><INIT seed="0,0,0,0,3,133" ten="250,250,250,250" oya="0" hai0="41,39,113,69,60,58,115,42,119,112,79,97,102" hai1="27,105,35,110,81,0,44,77,106,40,25,32,49" hai2="85,98,14,43,126,114,59,71,75,125,93,53,10" hai3="73,130,87,11,51,67,135,88,82,36,64,47,68"/><T86/><D119/><U9/><E110/><V134/><F71/><W22/><G135/><T37/><D69/><U107/><E0/><V89/><F134/><W50/><G130/><T33/><D33/><U94/><E9/><V34/><F75/><W48/><G68/><T30/><D30/><U84/><E27/><V120/><F120/><W52/><G73/><T118/><D118/><U72/><E25/><V101/><F34/><W26/><G11/><T91/><D79/><U29/><E29/><V117/><F43/><W28/><G36/><T17/><D17/><U13/><E13/><V103/><F114/><W45/><REACH who="3" step="1"/><G50/><REACH who="3" ten="250,250,250,240" step="2"/><T92/><D37/><U131/><E131/><V83/><F117/><W4/><G4/><T127/><D39/><U65/><E72/><V61/><REACH who="2" step="1"/><F103/><REACH who="2" ten="250,250,240,240" step="2"/><W21/><G21/><T57/><D102/><U78/><E32/><V129/><F129/><W74/><G74/><T2/><D112/><U5/><E35/><V108/><F108/><W123/><G123/><T46/><D113/><U95/><E5/><AGARI ba="0,2" hai="5,10,14,53,59,61,83,85,89,93,98,101,125,126" machi="5" ten="40,5200,0" yaku="1,1,52,2,53,0" doraHai="133" doraHaiUra="38" who="2" fromWho="1" sc="250,0,250,-52,240,72,240,0" /><INIT seed="1,0,0,2,4,42" ten="250,198,312,240" oya="1" hai0="90,103,50,34,9,26,10,131,121,117,133,12,68" hai1="71,134,72,16,53,24,116,114,102,60,120,69,44" hai2="125,97,86,81,107,130,78,27,47,93,30,37,83" hai3="95,105,13,2,65,123,77,126,94,59,31,128,84"/><U74/><E114/><V135/><F125/><W36/><G2/><T3/><D117/><U21/><E116/><V29/><F130/><W70/><G123/><T58/><D68/><U52/><E120/><V46/><F107/><W63/><G105/><T113/><D103/><U61/><E134/><V39/><F135/><W40/><G126/><T64/><D133/><U127/><E127/><V88/><F37/><W18/><G31/><N who="2" m="11785" /><F39/><W66/><G128/><T122/><D34/><U80/><E102/><V111/><F111/><W6/><G6/><T25/><D3/><U101/><E101/><V54/><F81/><W41/><G66/><T56/><D64/><U104/><E104/><V19/><F54/><W17/><G70/><T108/><D131/><U67/><E71/><V23/><AGARI ba="0,0" hai="19,23,27,46,47,78,83,86,88,93,97" m="11785" machi="23" ten="30,7900,0" yaku="8,1,52,2,54,1" doraHai="42" who="2" fromWho="2" sc="250,-20,198,-39,312,79,240,-20" /><INIT seed="2,0,0,1,0,111" ten="230,159,391,220" oya="2" hai0="39,50,87,69,46,84,107,7,74,35,30,122,20" hai1="18,125,66,108,51,10,123,97,6,104,89,71,115" hai2="36,59,16,127,76,29,49,44,38,11,70,83,121" hai3="95,93,26,12,25,45,78,68,130,9,103,91,57"/><V119/><F70/><W126/><G68/><T117/><D122/><U4/><E125/><V135/><F121/><W85/><G126/><T77/><D39/><U47/><E123/><V98/><F119/><W73/><G73/><T120/><D120/><U90/><E108/><V96/><F127/><W94/><G130/><T92/><D35/><U21/><E115/><V32/><F59/><W102/><G78/><T23/><D107/><U48/><E71/><V31/><F38/><W81/><G45/><T3/><D117/><U34/><E34/><V110/><F36/><W52/><G103/><T75/><D92/><U27/><E66/><V33/><F33/><W15/><G102/><T124/><D124/><U40/><E104/><V56/><F56/><W113/><G113/><T128/><D128/><U61/><E61/><V132/><F110/><W80/><G80/><T28/><D77/><U0/><E97/><V72/><F96/><W58/><G58/><T62/><D62/><U53/><REACH who="1" step="1"/><E4/><REACH who="1" ten="230,149,391,220" step="2"/><V112/><F98/><W67/><G67/><T63/><D63/><U17/><E17/><V22/><F32/><W2/><G2/><T100/><D3/><U101/><E101/><V43/><F112/><W1/><G1/><T64/><D100/><U109/><E109/><V24/><F31/><W79/><G15/><T8/><D30/><U41/><E41/><V133/><F29/><W116/><G116/><T13/><D28/><U129/><E129/><V5/><REACH who="2" step="1"/><F135/><REACH who="2" ten="230,149,381,220" step="2"/><W82/><G12/><AGARI ba="0,2" hai="5,11,12,16,22,24,43,44,49,72,76,83,132,133" machi="12" ten="40,7700,0" yaku="1,1,2,1,54,1,53,0" doraHai="111" doraHaiUra="118" who="2" fromWho="3" sc="230,0,149,0,381,97,220,-77" /><INIT seed="2,1,0,5,1,99" ten="230,149,478,143" oya="2" hai0="19,25,7,29,92,111,39,95,75,12,65,62,28" hai1="31,88,119,81,131,128,87,70,41,11,24,132,103" hai2="9,109,14,105,48,55,101,8,49,34,133,125,94" hai3="33,37,97,15,107,100,118,51,130,82,134,52,122"/><V124/><F105/><W63/><G122/><T84/><D75/><U40/><E70/><V17/><F133/><W117/><G134/><T114/><D114/><U135/><E119/><V67/><F34/><W53/><G37/><T45/><D7/><U120/><E120/><V86/><F67/><W61/><G33/><T127/><D111/><U38/><E11/><V5/><F109/><W85/><G130/><N who="1" m="49706" /><E40/><V102/><F86/><W126/><G15/><T4/><D127/><N who="2" m="48714" /><F94/><W23/><G23/><T3/><D84/><U93/><E41/><V72/><F72/><W89/><G126/><T64/><D45/><U104/><E38/><V10/><F48/><W20/><G20/><T26/><D39/><U108/><E104/><V79/><F79/><W116/><REACH who="3" step="1"/><G53/><REACH who="3" ten="230,149,478,133" step="2"/><T1/><D12/><U98/><E108/><V121/><F121/><W35/><G35/><AGARI ba="1,1" hai="24,31,35,81,87,88,93,98,103,132,135" m="49706" machi="35" ten="30,3900,0" yaku="19,1,52,1,54,1" doraHai="99" who="1" fromWho="3" sc="230,0,149,52,478,0,133,-42" /><INIT seed="3,0,0,5,4,17" ten="230,201,478,91" oya="3" hai0="76,111,77,53,42,23,100,120,28,39,9,52,108" hai1="78,26,67,133,41,48,95,12,45,69,36,135,16" hai2="121,117,88,40,105,68,57,32,3,46,35,25,112" hai3="126,51,75,43,101,86,73,74,58,106,15,87,92"/><W122/><G122/><T20/><D120/><U24/><E78/><N who="0" m="30313" /><D100/><U37/><E95/><V7/><F68/><W22/><G106/><T97/><D97/><U125/><E125/><V113/><F117/><W10/><G126/><T13/><D42/><U118/><E118/><V114/><F105/><W132/><G132/><N who="1" m="50762" /><E67/><V61/><F121/><W110/><G110/><N who="0" m="42027" /><D39/><N who="1" m="14923" /><E69/><V18/><F112/><W128/><G128/><T130/><D130/><U44/><E44/><V2/><F46/><W123/><G123/><T81/><D81/><U119/><E119/><V31/><F113/><W34/><G34/><T99/><D99/><U64/><E64/><V134/><F35/><W6/><G43/><T72/><D72/><U65/><E65/><V38/><F40/><W131/><G131/><T85/><D85/><U49/><E49/><V89/><F38/><W56/><G51/><T14/><D28/><U0/><E0/><V107/><F107/><W124/><G124/><T54/><D13/><U94/><E94/><V104/><F104/><W60/><G60/><T129/><D129/><U66/><E66/><N who="2" m="39215" /><F2/><W63/><G63/><T5/><AGARI ba="0,0" hai="5,9,14,20,23,52,53,54" m="42027,30313" machi="5" ten="40,8000,1" yaku="14,1,52,2,54,1" doraHai="17" who="0" fromWho="0" sc="230,80,201,-20,478,-20,91,-40" /><INIT seed="4,0,0,4,2,45" ten="310,181,458,51" oya="0" hai0="84,123,65,130,97,129,58,73,88,93,89,111,36" hai1="12,0,41,80,119,30,2,121,68,98,122,86,70" hai2="60,10,9,15,92,87,75,108,1,59,22,82,49" hai3="74,55,117,90,64,133,85,104,57,46,27,42,114"/><T71/><D36/><U118/><E12/><V83/><F108/><W50/><G117/><T102/><D71/><U29/><E86/><V48/><F1/><W66/><G74/><T23/><D123/><U79/><E80/><N who="2" m="30763" /><F75/><W72/><G72/><T24/><D73/><U103/><E103/><V40/><F40/><W76/><G76/><T91/><D111/><U124/><E41/><V11/><F92/><W34/><G114/><T100/><D100/><U8/><E8/><N who="2" m="3179" /><F87/><W101/><G133/><T53/><D84/><U67/><E67/><N who="2" m="39327" /><F22/><W110/><G110/><T128/><D65/><U47/><E98/><V39/><F39/><W62/><G101/><T28/><REACH who="0" step="1"/><D102/><REACH who="0" ten="300,181,458,51" step="2"/><U14/><E122/><V3/><F3/><W4/><G104/><T120/><D120/><U54/><E0/><V52/><F52/><W131/><G66/><T33/><D33/><U135/><E2/><V13/><F13/><W7/><G64/><T32/><D32/><U105/><E14/><V37/><F37/><W112/><G112/><T107/><D107/><U26/><E105/><V95/><F95/><N who="3" m="54735" /><G34/><T17/><D17/><AGARI ba="0,1" hai="11,15,17,48,49" m="39327,3179,30763" machi="17" ten="30,3900,0" yaku="8,1,52,2" doraHai="45" who="2" fromWho="0" sc="300,-39,181,0,458,49,51,0" /><INIT seed="5,0,0,2,1,4" ten="261,181,507,51" oya="1" hai0="106,116,0,98,49,104,63,61,87,120,19,41,66" hai1="36,107,40,43,58,57,69,7,73,111,20,13,24" hai2="8,86,60,21,46,95,100,133,132,12,39,25,88" hai3="76,9,135,5,94,77,131,101,71,108,128,82,127"/><U14/><E69/><V45/><F100/><W130/><G71/><T42/><D116/><U91/><E107/><V27/><F60/><W48/><G108/><T74/><D74/><U124/><E73/><V80/><F95/><W17/><G127/><T68/><D0/><U119/><E119/><V129/><F129/><W75/><G135/><N who="2" m="51785" /><F39/><W51/><G76/><T115/><D115/><U52/><E124/><V113/><F113/><W2/><REACH who="3" step="1"/><G17/><REACH who="3" ten="261,181,507,41" step="2"/><T99/><D19/><N who="1" m="12319" /><E111/><V23/><F23/><W67/><G67/><T97/><D66/><U31/><E31/><N who="2" m="17839" /><F27/><W117/><G117/><T35/><D68/><U102/><E102/><V90/><F90/><W83/><G83/><T78/><D78/><U62/><E91/><V15/><F15/><W85/><G85/><T47/><D87/><U53/><E14/><V26/><F26/><W105/><G105/><T122/><D104/><U121/><E13/><V54/><F54/><W33/><G33/><T55/><D35/><U59/><E53/><V3/><F3/><W38/><G38/><T11/><D106/><U123/><E36/><V22/><F22/><W44/><G44/><T81/><D47/><U65/><E52/><V125/><F125/><W93/><G93/><T110/><D55/><U103/><E103/><V72/><F72/><W34/><G34/><T118/><D110/><U37/><E37/><V114/><F114/><W10/><G10/><T109/><D11/><U6/><E59/><V16/><AGARI ba="0,1" hai="8,12,16,45,46,80,86,88" m="17839,51785" machi="16" ten="30,7900,0" yaku="20,1,52,1,54,2" doraHai="4" who="2" fromWho="2" sc="261,-20,181,-39,507,89,41,-20" /><INIT seed="6,0,0,3,0,15" ten="241,142,596,21" oya="2" hai0="131,65,9,133,28,18,2,92,12,125,102,67,79" hai1="112,51,87,34,8,98,129,82,127,88,73,29,96" hai2="76,27,113,99,84,70,106,20,132,44,93,30,3" hai3="4,1,110,75,59,114,72,40,49,23,91,111,55"/><V62/><F113/><W78/><G40/><T19/><D125/><U35/><E73/><V74/><F132/><W77/><G114/><T105/><D105/><U86/><E112/><V116/><F116/><W60/><G91/><T130/><D2/><U41/><E29/><V38/><F3/><W42/><G42/><T83/><D133/><U54/><E41/><V32/><F74/><W89/><G89/><T107/><D107/><U68/><E68/><V37/><F44/><W124/><G124/><T13/><D28/><U21/><E21/><V69/><F20/><W22/><G1/><T128/><D92/><U52/><E127/><V80/><F70/><W104/><G4/><N who="0" m="3111" /><D102/><U36/><E36/><V108/><F108/><W46/><G104/><T119/><D119/><U97/><E129/><V126/><F126/><W17/><G75/><N who="0" m="43519" /><D18/><U90/><E8/><AGARI ba="0,0" hai="8,13,19,65,67,128,130,131" m="43519,3111" machi="8" ten="30,2000,0" yaku="19,1,52,1" doraHai="15" who="0" fromWho="1" sc="241,20,142,-20,596,0,21,0" /><INIT seed="7,0,0,4,2,45" ten="261,122,596,21" oya="3" hai0="88,112,66,23,58,100,56,12,51,42,86,99,13" hai1="116,77,40,109,87,32,29,71,72,105,132,117,74" hai2="102,108,111,124,4,54,120,94,110,18,84,80,62" hai3="83,89,19,104,118,91,0,69,78,41,90,131,35"/><W36/><G35/><T103/><D112/><U75/><E71/><V9/><F18/><W20/><G118/><N who="1" m="45674" /><E109/><V96/><F124/><W5/><G104/><T125/><D125/><U8/><E132/><V122/><F62/><W21/><G69/><T37/><D37/><U95/><E105/><V107/><F54/><W65/><G65/><T127/><D99/><U73/><E73/><V50/><F50/><W38/><G131/><T34/><D13/><U126/><E126/><V135/><F135/><W48/><G36/><T101/><D51/><U114/><E114/><V76/><REACH who="2" step="1"/><F107/><REACH who="2" ten="261,122,586,21" step="2"/><W93/><G48/><T30/><D127/><U129/><E40/><V123/><F123/><W6/><G93/><T128/><D42/><U106/><E106/><V68/><F68/><W3/><G3/><AGARI ba="0,1" hai="3,4,9,76,80,84,94,96,102,108,110,111,120,122" machi="3" ten="40,1300,0" yaku="1,1,53,0" doraHai="45" doraHaiUra="28" who="2" fromWho="3" sc="261,0,122,0,586,23,21,-13" owari="261,6.0,122,-28.0,609,71.0,8,-49.0" /></mjloggm>