<mjloggm ver="2.3"><GO type="169" lobby="0"/><UN n0="%E5%A0%B4%E4%BB%A3%E3%81%A1%E3%82%83%E3%82%89" n1="%E3%82%A6%E3%83%AB%E3%83%88%E3%83%A9%E7%AB%8B%E7%9B%B4" n2="%E3%83%9E%E3%83%83%E3%82%AF%E3%82%B9%E3%81%85" n3="%6D%61%73%61%73%69%6F" dan="16,18,16,16" rate="2047.52,2244.54,2005.73,2135.15" sx="M,M,M,F"/><TAIKYOKU oya="0"/><INIT seed="0,0,0,1,3,51" ten="250,250,250,250" oya="0" hai0="44,77,30,14,54,73,119,17,117,118,111,91,89" hai1="133,57,134,95,88,87,32,97,11,62,38,59,29" hai2="115,122,3,4,69,28,130,66,68,131,60,93,80" hai3="64,47,33,21,0,120,36,121,5,86,82,52,100"/><T76/><D30/><U132/><E38/><V12/><F3/><W16/><G33/><T53/><D111/><U2/><E2/><V101/><F28/><W127/><G100/><T22/><D44/><U90/><E11/><N who="2" m="4199" /><F122/><N who="3" m="47211" /><G64/><T25/><D25/><N who="1" m="18479" /><E62/><V26/><F26/><N who="3" m="14631" /><G127/><T24/><D24/><U42/><E42/><V94/><F80/><AGARI ba="0,0" hai="57,59,80,87,88,90,95,97,132,133,134" m="18479" machi="80" ten="30,2000,0" yaku="20,1,54,1" doraHai="51" who="1" fromWho="2" sc="250,0,250,20,250,-20,250,0" /><INIT seed="1,0,0,1,3,25" ten="250,270,230,250" oya="1" hai0="50,110,4,69,45,12,44,85,38,32,93,35,36" hai1="46,80,14,135,96,97,66,18,60,3,124,11,118" hai2="111,126,1,127,5,89,51,27,91,125,65,103,54" hai3="133,19,23,34,123,109,21,77,15,112,8,116,78"/><U48/><E118/><V119/><F103/><W24/><G112/><T30/><D69/><U7/><E124/><V64/><F5/><W108/><G123/><T83/><D110/><N who="3" m="42601" /><G78/><T129/><D93/><U57/><E135/><V95/><F1/><W122/><G77/><T106/><D106/><U40/><REACH who="1" step="1"/><E80/><REACH who="1" ten="250,260,230,250" step="2"/><V47/><F119/><W6/><G122/><T71/><D83/><U62/><E62/><V79/><F79/><W29/><G116/><T101/><D36/><U53/><E53/><V56/><F111/><W42/><G42/><T134/><D38/><U74/><E74/><V128/><F128/><W22/><G133/><T52/><D134/><U86/><E86/><V28/><F95/><W59/><G59/><T87/><D52/><U16/><E16/><AGARI ba="0,1" hai="6,8,15,16,19,21,22,23,24,29,34" m="42601" machi="16" ten="30,8000,1" yaku="14,1,34,2,52,1,54,1" doraHai="25" who="3" fromWho="1" sc="250,0,260,-80,230,0,250,90" /><INIT seed="2,0,0,0,1,85" ten="250,180,230,340" oya="2" hai0="128,125,52,27,64,42,120,135,1,72,109,92,116" hai1="103,20,43,38,84,44,126,11,45,12,14,23,67" hai2="77,75,31,66,93,17,87,65,78,99,111,124,16" hai3="86,98,32,113,46,107,117,96,97,70,39,73,118"/><V51/><F124/><W108/><G70/><T102/><D42/><U71/><E126/><V4/><F75/><W0/><G32/><T122/><D64/><N who="2" m="24682" /><F111/><W81/><G0/><T104/><D52/><U10/><E103/><V8/><F31/><W133/><G46/><T22/><D22/><U54/><E84/><V88/><F51/><W6/><G6/><T36/><D27/><U56/><E45/><V9/><F4/><W106/><G39/><T69/><D92/><U105/><E105/><N who="3" m="39946" /><G108/><T74/><D102/><U21/><E12/><N who="2" m="7175" /><F99/><W119/><G133/><T57/><D57/><U26/><E14/><AGARI ba="0,0" hai="9,14,17,77,78,87,88,93" m="7175,24682" machi="14" ten="30,11600,0" yaku="8,1,52,1,54,2" doraHai="85" who="2" fromWho="1" sc="250,0,180,-116,230,116,340,0" /><INIT seed="2,1,0,3,5,67" ten="250,64,346,340" oya="2" hai0="55,82,132,96,130,103,84,68,41,109,92,51,9" hai1="4,99,0,7,117,31,60,10,40,19,87,107,83" hai2="131,72,128,63,115,3,113,46,43,106,39,22,6" hai3="133,135,23,16,54,116,56,121,17,20,124,119,111"/><V69/><F106/><W73/><G73/><T44/><D109/><U49/><E117/><N who="3" m="45130" /><G121/><T104/><D132/><N who="3" m="50761" /><G124/><T85/><D130/><N who="2" m="49706" /><F72/><W58/><G111/><T89/><D68/><U24/><E60/><V118/><F22/><N who="3" m="8235" /><G54/><T114/><D114/><N who="2" m="43530" /><F6/><W79/><G79/><T112/><D112/><U11/><E7/><V91/><F3/><W45/><G45/><T65/><D65/><U1/><E4/><V125/><F91/><W88/><G88/><T12/><D85/><U98/><E87/><V74/><F74/><W80/><G80/><T78/><D41/><U5/><E83/><V105/><F105/><W26/><G26/><T123/><D123/><U110/><E24/><V76/><F76/><W75/><G75/><T52/><D55/><U81/><E107/><V28/><F28/><W14/><G14/><T108/><D108/><U70/><E31/><V50/><F118/><W35/><G35/><T13/><D13/><U66/><E110/><V101/><F101/><W47/><G47/><T2/><D2/><U64/><E0/><V53/><F125/><W48/><G48/><T127/><D127/><U61/><E49/><V86/><F86/><W42/><G42/><T102/><REACH who="0" step="1"/><D104/><REACH who="0" ten="240,64,346,340" step="2"/><U38/><E40/><V15/><F15/><W59/><AGARI ba="1,1" hai="16,17,56,58,59" m="8235,50761,45130" machi="59" ten="40,8000,1" yaku="28,2,20,1,54,1" doraHai="67" who="3" fromWho="3" sc="240,-21,64,-21,346,-41,340,93" /><INIT seed="3,0,0,1,5,6" ten="219,43,305,433" oya="3" hai0="16,52,58,64,131,49,13,93,134,114,96,31,11" hai1="73,92,88,40,105,29,37,22,61,82,27,78,43" hai2="129,30,119,10,99,42,5,50,135,34,98,0,54" hai3="9,77,47,68,33,89,1,25,3,72,111,24,17"/><W60/><G89/><T12/><D134/><U101/><E37/><V133/><F119/><W67/><G17/><T15/><D131/><U109/><E109/><V63/><F129/><W90/><G90/><T23/><D114/><U100/><E61/><V121/><F121/><W51/><G111/><T103/><D64/><U117/><E117/><V28/><F42/><W130/><G130/><T20/><D20/><U102/><REACH who="1" step="1"/><E105/><REACH who="1" ten="219,33,305,433" step="2"/><V70/><F63/><W91/><G60/><T26/><AGARI ba="0,1" hai="11,12,13,15,16,23,26,31,49,52,58,93,96,103" machi="26" ten="30,8000,1" yaku="0,1,8,1,52,1,54,2" doraHai="6" who="0" fromWho="0" sc="219,90,33,-20,305,-20,433,-40" /><INIT seed="4,0,0,0,2,104" ten="309,13,285,393" oya="0" hai0="77,105,121,72,132,50,3,39,85,13,57,63,118" hai1="9,1,61,37,70,60,25,119,127,101,0,4,40" hai2="73,55,106,111,26,49,76,29,7,130,75,108,98" hai3="86,16,10,65,42,30,71,103,107,66,52,126,47"/><T32/><D32/><U48/><E119/><V21/><F130/><W128/><G128/><T58/><D39/><U115/><E0/><V78/><F7/><W99/><G126/><T12/><D105/><U24/><E61/><V27/><F78/><W20/><G30/><T92/><D3/><U34/><E101/><V109/><F76/><W129/><G129/><T114/><D114/><U15/><E15/><V51/><F51/><W22/><G71/><T88/><D121/><U14/><E14/><V67/><F67/><W64/><G52/><N who="0" m="31895" /><D72/><U100/><E100/><V23/><F98/><W56/><G56/><T41/><D132/><U95/><E95/><V33/><F106/><W134/><G134/><T79/><D41/><U6/><E6/><V83/><F83/><W112/><G112/><T36/><D36/><U44/><E115/><V87/><F87/><W97/><G97/><N who="0" m="57479" /><D79/><U125/><E48/><V90/><F90/><W110/><G107/><T133/><D118/><U124/><REACH who="1" step="1"/><E34/><REACH who="1" ten="309,3,285,393" step="2"/><V69/><F33/><W62/><G62/><T2/><D133/><U120/><E120/><V68/><F68/><W17/><G103/><T122/><D122/><U31/><E31/><V19/><REACH who="2" step="1"/><F69/><REACH who="2" ten="309,3,275,393" step="2"/><W43/><G66/><AGARI ba="0,2" hai="1,4,9,24,25,37,40,44,60,66,70,124,125,127" machi="66" ten="40,2600,0" yaku="1,1,18,1,53,0" doraHai="104" doraHaiUra="18" who="1" fromWho="3" sc="309,0,3,46,275,0,393,-26" /><INIT seed="5,0,0,0,1,60" ten="309,49,275,367" oya="1" hai0="132,29,17,96,70,99,102,57,18,71,100,9,78" hai1="53,119,30,44,28,134,106,21,32,124,128,93,20" hai2="47,50,115,104,105,8,66,125,42,98,83,61,92" hai3="118,12,116,56,14,58,37,135,38,1,13,76,46"/><U24/><E119/><N who="3" m="45610" /><G46/><T86/><D132/><U36/><E106/><V101/><F125/><W89/><G89/><T107/><D29/><U52/><E128/><V68/><F115/><W11/><G76/><T15/><D57/><N who="3" m="22121" /><G135/><T41/><D41/><U62/><E134/><V10/><F8/><W109/><G109/><T25/><D25/><N who="1" m="16431" /><E32/><V67/><F10/><W77/><G77/><T23/><D86/><U55/><E36/><N who="3" m="13930" /><G11/><T63/><D78/><U65/><E124/><V2/><F2/><AGARI ba="0,0" hai="1,2,12,13,14" m="13930,22121,45610" machi="2" ten="40,5200,0" yaku="28,2,12,1" doraHai="60" who="3" fromWho="2" sc="309,0,49,0,275,-52,367,52" /><INIT seed="6,0,0,0,0,116" ten="309,49,223,419" oya="2" hai0="113,56,61,33,4,64,13,54,16,59,83,14,31" hai1="28,73,65,95,105,20,19,88,25,125,106,38,96" hai2="2,62,5,103,99,58,118,35,74,57,78,100,47" hai3="42,84,108,90,48,109,41,1,0,126,43,51,37"/><V132/><F118/><W128/><G37/><T94/><D113/><U123/><E125/><V135/><F35/><W110/><G126/><T93/><D83/><U104/><E38/><V52/><F47/><W121/><G121/><T130/><D130/><U80/><E65/><V8/><F74/><W55/><G128/><T98/><D31/><U127/><E127/><V120/><F78/><W63/><G63/><T24/><D33/><U10/><E123/><V97/><F120/><W21/><G21/><N who="0" m="13351" /><D4/><U71/><E71/><V36/><F36/><W32/><G32/><T119/><D94/><U68/><E68/><V75/><F75/><W131/><G131/><T50/><D119/><U85/><E10/><V69/><F69/><W18/><G18/><T29/><D29/><U3/><E3/><V9/><F9/><W86/><G55/><T79/><D79/><U34/><E73/><V26/><F26/><W124/><G124/><T77/><D77/><U23/><REACH who="1" step="1"/><E19/><REACH who="1" ten="309,39,223,419" step="2"/><V66/><F66/><W60/><G1/><T76/><D76/><AGARI ba="0,1" hai="20,23,25,28,34,76,80,85,88,95,96,104,105,106" machi="76" ten="40,5200,0" yaku="1,1,2,1,54,1,53,0" doraHai="116" doraHaiUra="111" who="1" fromWho="0" sc="309,-52,39,62,223,0,419,0" /><INIT seed="7,0,0,2,2,87" ten="257,101,223,419" oya="3" hai0="93,20,94,105,46,3,89,28,108,9,78,109,62" hai1="32,50,130,19,97,111,134,100,132,126,27,120,47" hai2="72,83,49,88,61,112,5,37,22,82,13,67,24" hai3="40,107,58,31,43,26,36,53,12,41,0,124,122"/><W99/><G0/><T2/><D62/><U44/><E19/><V128/><F37/><W84/><G122/><T129/><D46/><U39/><E27/><V135/><F72/><W17/><G124/><T18/><D78/><U81/><E32/><V25/><F112/><W115/><G115/><T51/><D105/><U59/><E81/><V91/><F135/><W76/><G76/><T56/><D56/><U101/><E97/><V16/><F128/><W23/><G84/><T1/><D51/><U110/><E100/><V70/><F49/><W92/><G107/><T123/><D89/><N who="2" m="34378" /><F70/><W15/><G36/><T57/><D57/><U116/><E101/><V60/><F67/><W85/><G85/><T133/><D94/><U104/><E104/><V127/><F127/><W6/><G6/><N who="0" m="1231" /><D93/><U66/><E50/><V75/><F75/><W68/><G68/><T114/><D114/><U54/><E59/><V7/><F61/><W35/><G99/><T55/><D55/><U103/><E103/><V118/><F60/><W64/><G92/><T106/><D106/><U117/><E39/><V11/><F118/><W65/><G64/><T95/><D95/><U73/><E73/><V34/><F34/><W4/><G65/><T119/><D133/><U42/><E66/><V21/><F7/><W98/><G98/><T29/><D119/><U79/><E79/><V10/><F10/><W86/><G35/><T63/><D63/><U74/><E74/><V77/><F77/><W30/><G30/><AGARI ba="0,0" hai="5,11,13,16,21,22,24,25,30,82,83" m="34378" machi="30" ten="30,12000,2" yaku="8,1,52,3,54,2" doraHai="87" who="2" fromWho="3" sc="257,0,101,0,223,120,419,-120" owari="257,-14.0,101,-40.0,343,44.0,299,10.0" /></mjloggm>