<mjloggm ver="2.3"><GO type="169" lobby="0"/><UN n0="%E3%83%8B%E3%83%A3%E3%83%83%E3%83%94%E3%83%BC%E5%A4%8F%E7%9B%AE" n1="%E6%80%A7%E5%A4%A9%E4%BD%BF" n2="%E3%82%A6%E3%83%AB%E3%83%88%E3%83%A9%E7%AB%8B%E7%9B%B4" n3="%E2%80%A0%E9%96%93%E5%AE%AE%E3%81%82%E3%81%8B%E3%82%8A%E2%80%A0" dan="18,16,19,17" rate="2171.48,2119.04,2325.62,2188.24" sx="M,M,M,F"/><TAIKYOKU oya="0"/><INIT seed="0,0,0,0,1,132" ten="250,250,250,250" oya="0" hai0="113,32,63,122,47,127,109,43,120,103,58,31,7" hai1="12,97,77,67,13,36,60,73,83,134,124,106,33" hai2="76,95,8,66,5,37,54,74,98,4,108,65,131" hai3="93,112,23,53,104,50,1,27,87,81,128,86,79"/><T42/><D113/><U82/><E134/><V71/><F108/><W102/><G112/><T17/><D7/><U105/><E83/><V99/><F131/><W116/><G116/><T118/><D103/><U130/><E130/><V46/><F71/><W92/><G1/><T56/><D17/><U126/><E36/><V48/><F37/><W0/><G0/><T64/><D31/><U18/><E33/><V72/><F5/><W34/><G34/><T100/><D100/><N who="1" m="62607" /><E18/><V40/><F98/><W14/><G14/><T16/><D16/><U68/><E106/><V44/><F74/><W55/><G104/><T6/><D6/><U84/><E84/><V133/><F133/><W30/><G128/><T57/><D32/><U75/><E75/><V119/><F119/><W114/><G114/><T70/><D118/><U115/><E115/><V29/><F29/><W69/><G69/><T22/><D22/><U101/><E101/><V38/><F95/><W21/><G21/><T19/><D19/><U125/><AGARI ba="0,0" hai="12,13,60,67,68,73,77,82,124,125,126" m="62607" machi="125" ten="30,7900,0" yaku="18,1,52,3" doraHai="132" who="1" fromWho="1" sc="250,-39,250,79,250,-20,250,-20" /><INIT seed="1,0,0,0,1,10" ten="211,329,230,230" oya="1" hai0="4,124,110,93,16,35,33,9,87,101,130,94,47" hai1="48,107,88,120,90,1,55,103,57,22,105,67,51" hai2="80,119,46,36,13,39,102,85,43,34,123,69,30" hai3="60,21,52,122,106,121,113,2,24,11,66,99,27"/><U61/><E120/><V115/><F69/><W126/><G113/><T6/><D110/><U116/><E1/><V135/><F119/><W77/><G126/><T104/><D124/><U0/><E0/><V40/><F123/><W134/><G134/><T59/><D104/><U128/><E128/><V19/><F135/><W7/><G27/><T28/><D130/><U70/><E116/><V95/><F115/><W91/><G77/><T63/><D47/><U108/><E51/><V78/><F30/><W74/><G74/><T26/><D35/><U111/><E22/><V5/><F5/><W129/><G129/><T125/><D125/><U92/><E103/><V114/><F34/><W76/><G76/><T84/><D4/><U97/><REACH who="1" step="1"/><E90/><REACH who="1" ten="211,319,230,230" step="2"/><V96/><F114/><W100/><G91/><T14/><D101/><U118/><E118/><V17/><F39/><W75/><G122/><T98/><D33/><U133/><E133/><V45/><F36/><W37/><G37/><T79/><D79/><U127/><E127/><V41/><F43/><W112/><G121/><T42/><D42/><U15/><E15/><V83/><F41/><W20/><G2/><T23/><D28/><U25/><E25/><V50/><F13/><W31/><G100/><N who="0" m="60495" /><D94/><U12/><E12/><V3/><F3/><W82/><G31/><T54/><AGARI ba="0,1" hai="6,9,14,16,23,26,54,59,63,84,87" m="60495" machi="54" ten="30,4000,0" yaku="8,1,52,1,54,1" doraHai="10" who="0" fromWho="0" sc="211,50,319,-20,230,-10,230,-10" /><INIT seed="2,0,0,4,4,89" ten="261,299,220,220" oya="2" hai0="2,93,4,12,104,122,50,60,76,43,10,57,129" hai1="19,127,118,46,73,131,21,51,28,58,106,7,117" hai2="81,87,52,5,17,47,114,133,31,30,96,109,130" hai3="49,14,37,38,42,70,103,102,1,23,126,29,132"/><V15/><F114/><W67/><G1/><T63/><D104/><U8/><E106/><V68/><F68/><W90/><G126/><T88/><D122/><U54/><E73/><V98/><F5/><W111/><G111/><T84/><D129/><U110/><E127/><V94/><F133/><W71/><G132/><T125/><D125/><U41/><E131/><V13/><F130/><W78/><G78/><T65/><D2/><U39/><E110/><V18/><F109/><W27/><G49/><T20/><D20/><U91/><E28/><V82/><F47/><W45/><G37/><T36/><D36/><U3/><REACH who="1" step="1"/><E91/><REACH who="1" ten="261,289,220,220" step="2"/><V26/><F31/><W61/><G90/><T66/><D76/><U22/><E22/><V25/><F30/><W134/><G134/><T44/><D63/><U40/><E40/><V24/><F82/><W95/><G61/><T75/><D75/><U128/><E128/><V92/><F81/><W119/><G42/><T80/><D80/><U53/><E53/><AGARI ba="0,1" hai="4,10,12,43,44,50,53,57,60,65,66,84,88,93" machi="53" ten="30,7700,0" yaku="7,1,8,1,52,1,54,1" doraHai="89" who="0" fromWho="1" sc="261,87,289,-77,220,0,220,0" /><INIT seed="3,0,0,5,3,23" ten="348,212,220,220" oya="3" hai0="90,33,93,135,74,9,31,13,129,59,3,27,2" hai1="118,72,80,66,49,77,104,25,86,85,55,5,57" hai2="87,56,32,100,112,67,18,53,117,127,11,60,106" hai3="63,126,115,24,17,102,38,83,0,26,94,114,16"/><W34/><G38/><T29/><D74/><U124/><E124/><V111/><F112/><W14/><G102/><T4/><D129/><U30/><E118/><V62/><F117/><W110/><G94/><T21/><D135/><U7/><E104/><V48/><F32/><W37/><G37/><T134/><D134/><U58/><E72/><V120/><F127/><W98/><G98/><T75/><D75/><U8/><E86/><V122/><F111/><W44/><G126/><T108/><D108/><U40/><E40/><V42/><F42/><W45/><G110/><T95/><D95/><U101/><E101/><V50/><F87/><W84/><G0/><T103/><D103/><U69/><E69/><V128/><F128/><W88/><G115/><T81/><D81/><U47/><E66/><V19/><F106/><W28/><G114/><T91/><D91/><U36/><E36/><V35/><F35/><W123/><G63/><T79/><D79/><U65/><E65/><V96/><F96/><W133/><G123/><N who="2" m="47145" /><F100/><W121/><G133/><T52/><D33/><U109/><E109/><V20/><F11/><N who="3" m="6239" /><G121/><T10/><D10/><U70/><E70/><N who="2" m="42343" /><F18/><W116/><G116/><T97/><D29/><U89/><E8/><V105/><F105/><W41/><G41/><T12/><D3/><U43/><E77/><V92/><F92/><W131/><G131/><T132/><D132/><U107/><E107/><V1/><F1/><W119/><G119/><T39/><D39/><N who="1" m="22015" /><E58/><V125/><F125/><W22/><G45/><T6/><D6/><N who="1" m="2059" /><E80/><V113/><F113/><W82/><G44/><RYUUKYOKU ba="0,0" sc="348,10,212,-30,220,10,220,10" hai0="2,4,9,12,13,21,27,31,52,59,90,93,97" hai2="19,20,48,50,53,56,62" hai3="17,22,24,26,28,34,82,83,84,88" /><INIT seed="3,1,0,3,4,20" ten="358,182,230,230" oya="3" hai0="16,125,135,104,103,133,11,58,8,76,49,1,112" hai1="25,117,46,0,120,2,101,34,61,95,38,102,42" hai2="89,45,134,23,24,108,88,5,116,54,127,27,10" hai3="94,9,41,69,33,90,122,72,132,36,121,96,86"/><W22/><G33/><T31/><D125/><U78/><E120/><V107/><F107/><W37/><G72/><T81/><D31/><U99/><E117/><V7/><F116/><W47/><G69/><T13/><D112/><U123/><E123/><V29/><F127/><W131/><G36/><T77/><D104/><U56/><E78/><V39/><F108/><W92/><G131/><T106/><D106/><U91/><E2/><V71/><F71/><W87/><G132/><N who="0" m="50763" /><D103/><U129/><E0/><V113/><F113/><W84/><G94/><T40/><D58/><U128/><E128/><V15/><F134/><W52/><G9/><N who="0" m="6191" /><D1/><U57/><E129/><V51/><F39/><W30/><G30/><T12/><D12/><U53/><REACH who="1" step="1"/><E57/><REACH who="1" ten="358,172,230,230" step="2"/><V67/><F5/><W35/><G122/><T97/><D76/><U32/><E32/><V44/><F44/><W98/><G35/><T73/><D97/><U65/><E65/><V17/><F67/><W110/><G121/><T62/><D62/><U14/><E14/><V75/><F75/><W111/><G98/><T80/><D73/><U70/><E70/><V48/><F48/><W55/><REACH who="3" step="1"/><G22/><AGARI ba="1,1" hai="7,10,15,17,22,23,24,27,29,45,51,54,88,89" machi="22" ten="30,8000,1" yaku="7,1,8,1,52,2,54,1" doraHai="20" who="2" fromWho="3" sc="358,0,172,0,230,93,230,-83" /><INIT seed="4,0,0,2,4,126" ten="358,172,323,147" oya="0" hai0="117,42,47,105,40,113,109,45,28,72,11,19,36" hai1="107,69,68,79,0,15,25,35,13,1,20,85,4" hai2="88,86,55,77,17,33,120,6,14,123,39,59,89" hai3="34,74,90,98,134,12,75,64,10,80,9,27,5"/><T125/><D105/><U118/><E107/><V2/><F39/><W114/><G114/><T135/><D72/><U94/><E118/><V110/><F110/><W7/><G134/><T31/><D113/><U21/><E79/><V84/><F33/><W16/><G64/><T38/><D117/><U46/><E46/><V52/><F6/><W44/><G44/><T104/><D104/><U87/><E35/><V62/><F2/><W121/><G121/><T32/><D32/><U133/><E25/><V116/><F77/><W66/><G66/><T22/><D125/><U41/><E94/><V101/><F101/><W37/><G37/><T100/><D100/><U49/><E49/><V127/><F127/><W95/><G80/><T65/><D65/><U111/><E111/><V128/><F116/><W63/><G63/><T30/><D135/><U131/><E133/><V48/><F128/><W26/><G26/><T58/><D109/><U53/><E53/><V57/><F86/><W18/><G75/><T70/><D58/><U119/><E119/><V99/><F89/><W97/><G97/><T43/><D11/><U8/><E8/><V23/><REACH who="2" step="1"/><F99/><REACH who="2" ten="358,172,313,147" step="2"/><W102/><G102/><T92/><D38/><U83/><E131/><V132/><F132/><W93/><G74/><T129/><D36/><U82/><E4/><V54/><F54/><W61/><G5/><T96/><D129/><U73/><E73/><V50/><F50/><W67/><G7/><T81/><D96/><U124/><E124/><V122/><F122/><W112/><G34/><T106/><D43/><AGARI ba="0,1" hai="0,1,13,15,20,21,41,43,68,69,82,83,85,87" machi="43" ten="25,1600,0" yaku="22,2" doraHai="126" who="1" fromWho="0" sc="358,-16,172,26,313,0,147,0" /><INIT seed="5,0,0,0,4,124" ten="342,198,313,147" oya="1" hai0="4,12,133,52,20,76,55,127,30,62,104,100,85" hai1="93,112,33,21,88,123,42,99,66,2,61,98,3" hai2="80,108,17,81,70,35,11,23,115,78,92,126,122" hai3="19,91,40,107,134,28,69,106,5,103,130,24,65"/><U49/><E33/><V51/><F70/><W60/><G134/><T22/><D133/><U48/><E123/><V113/><F35/><W82/><G5/><T101/><D104/><U117/><E117/><V96/><F108/><W74/><G40/><T16/><D127/><U77/><E77/><V57/><F11/><W36/><G36/><T121/><D121/><U14/><E112/><V90/><F126/><W13/><G130/><T94/><D4/><U32/><E32/><V116/><F116/><W44/><G44/><T34/><D34/><U29/><E3/><V45/><F57/><W125/><G125/><T129/><D129/><U68/><E2/><V54/><F122/><W97/><G107/><T110/><D110/><U105/><E42/><V41/><F54/><N who="0" m="20522" /><D62/><U1/><E1/><V31/><F31/><W128/><G128/><T75/><D75/><U15/><E15/><V95/><F95/><W43/><G43/><T64/><D64/><U25/><REACH who="1" step="1"/><E14/><REACH who="1" ten="342,188,313,147" step="2"/><N who="2" m="9655" /><F78/><W26/><G13/><T27/><D76/><U131/><E131/><V109/><F109/><W6/><G6/><T72/><D72/><U135/><E135/><V119/><F119/><W7/><G7/><T46/><D46/><U118/><E118/><V10/><F10/><W71/><G74/><T87/><D12/><U18/><E18/><V56/><F115/><W50/><G19/><T89/><D16/><U73/><E73/><V120/><F113/><W59/><G28/><T67/><D20/><U39/><E39/><N who="2" m="21695" /><F120/><W114/><G114/><T63/><D22/><U86/><E86/><V79/><F79/><RYUUKYOKU ba="0,1" sc="342,-15,188,15,313,15,147,-15" hai1="21,25,29,48,49,61,66,68,88,93,98,99,105" hai2="51,56,80,81,90,92,96" /><INIT seed="5,1,1,3,4,99" ten="327,203,328,132" oya="1" hai0="104,65,128,47,83,129,54,36,7,41,10,67,35" hai1="49,13,17,98,38,73,12,108,25,21,51,15,56" hai2="60,26,74,22,68,31,50,9,101,59,0,70,90" hai3="55,75,84,116,111,122,48,134,53,119,2,96,78"/><U121/><E121/><V103/><F74/><W23/><G111/><T62/><D35/><U95/><E38/><V127/><F127/><W124/><G122/><T88/><D104/><U85/><E73/><V46/><F0/><W131/><G2/><T123/><D123/><U77/><E108/><V1/><F1/><W106/><G75/><T125/><D125/><U107/><E107/><V29/><F70/><W64/><G124/><T40/><D40/><U39/><E39/><V30/><F9/><W37/><G37/><T5/><D54/><U80/><REACH who="1" step="1"/><E56/><REACH who="1" ten="327,193,328,132" step="2"/><V42/><F68/><W4/><G106/><T11/><D36/><U89/><AGARI ba="1,2" hai="12,13,15,17,21,25,49,51,77,80,85,89,95,98" machi="89" ten="30,11700,0" yaku="1,1,2,1,0,1,8,1,53,0" doraHai="99" doraHaiUra="102" who="1" fromWho="1" sc="327,-40,193,140,328,-40,132,-40" /><INIT seed="5,2,0,1,5,75" ten="287,333,288,92" oya="1" hai0="115,52,61,117,70,128,2,74,49,93,15,87,54" hai1="57,69,121,134,19,3,113,20,123,10,50,122,42" hai2="36,30,48,78,100,62,4,103,45,98,39,9,51" hai3="11,120,127,60,59,97,135,126,65,83,5,81,118"/><U77/><E69/><V40/><F30/><W53/><G120/><T8/><D2/><U110/><E110/><V96/><F62/><W66/><G135/><T88/><D117/><U106/><E106/><V34/><F34/><W71/><G118/><T104/><D104/><U44/><E113/><V38/><F51/><W67/><G71/><T73/><D115/><U112/><E112/><V133/><F133/><W21/><G97/><T92/><D128/><U31/><E31/><V35/><F35/><W109/><G21/><T14/><D70/><U25/><E134/><V47/><F47/><W129/><G129/><T7/><D15/><U29/><E57/><V132/><F132/><W107/><G107/><T82/><D73/><U63/><E63/><V89/><F78/><W86/><G109/><T16/><D74/><U68/><E68/><V102/><REACH who="2" step="1"/><F89/><REACH who="2" ten="287,333,278,92" step="2"/><W114/><G114/><T17/><D61/><U22/><E77/><V90/><F90/><W111/><G111/><T116/><D116/><U64/><E121/><V37/><N who="2" m="9216" /><DORA hai="58" /><V72/><F72/><W46/><G46/><N who="0" m="27703" /><D54/><U84/><E122/><V108/><F108/><W95/><G127/><T23/><D23/><U56/><E123/><V0/><AGARI ba="2,1" hai="0,4,9,40,45,48,96,98,100,102,103" m="9216" machi="0" ten="60,4000,0" yaku="1,1,0,1,53,0" doraHai="75,58" doraHaiUra="76,24" who="2" fromWho="2" sc="287,-12,333,-22,278,56,92,-12" /><INIT seed="6,0,0,2,5,63" ten="275,311,334,80" oya="2" hai0="92,129,36,4,84,35,53,50,99,120,45,85,128" hai1="77,119,25,2,69,21,32,82,66,11,67,100,54" hai2="19,9,93,75,95,34,78,23,110,117,96,26,76" hai3="103,127,33,94,49,0,52,121,18,5,118,86,74"/><V56/><F34/><W90/><G121/><T10/><D35/><U125/><E69/><V24/><F117/><W133/><G118/><T38/><D120/><U47/><E119/><V46/><F110/><W8/><G33/><T48/><D36/><U114/><E32/><V87/><F75/><W79/><G127/><T64/><D38/><U113/><E100/><V28/><F46/><W116/><G133/><T27/><D27/><U106/><E106/><V130/><F130/><W13/><G116/><T97/><D48/><N who="1" m="28959" /><E125/><V42/><F42/><W89/><G103/><T83/><D85/><N who="1" m="48335" /><E11/><V60/><F87/><W102/><G102/><T72/><D72/><U7/><E7/><V107/><F107/><W41/><G41/><T12/><D92/><U81/><E81/><V104/><F104/><W134/><G134/><T88/><REACH who="0" step="1"/><D64/><REACH who="0" ten="265,311,334,80" step="2"/><U15/><E2/><V43/><F26/><W31/><G74/><T57/><D57/><U65/><E15/><N who="2" m="7663" /><F95/><W51/><G0/><T40/><D40/><U109/><E109/><V61/><F43/><W29/><G94/><T122/><D122/><U68/><E68/><V16/><F93/><W70/><G70/><T20/><D20/><U126/><E126/><V59/><F59/><W101/><G101/><T58/><D58/><U124/><E124/><V55/><F96/><AGARI ba="0,1" hai="4,10,12,45,50,53,83,84,88,96,97,99,128,129" machi="96" ten="40,2600,0" yaku="1,1,54,1,53,0" doraHai="63" doraHaiUra="62" who="0" fromWho="2" sc="265,36,311,0,334,-26,80,0" /><INIT seed="7,0,0,2,3,28" ten="301,311,308,80" oya="3" hai0="84,6,32,123,112,41,16,99,117,78,135,133,29" hai1="52,111,118,122,30,116,13,86,2,72,95,20,33" hai2="134,126,1,5,98,71,109,46,10,83,67,132,66" hai3="21,17,90,128,47,49,97,26,59,42,15,68,54"/><W94/><G128/><T18/><D117/><N who="1" m="45163" /><E72/><V55/><F109/><W61/><REACH who="3" step="1"/><G68/><REACH who="3" ten="301,311,308,70" step="2"/><T3/><D135/><U131/><E111/><V19/><F71/><W81/><G81/><T120/><D133/><U50/><E122/><V7/><F83/><W22/><G22/><T100/><D123/><U77/><E131/><V27/><F134/><W125/><G125/><T44/><D120/><U14/><E2/><V108/><F1/><W115/><G115/><T31/><D3/><U64/><E20/><V40/><F126/><W92/><G92/><T48/><D112/><U39/><E95/><V104/><F132/><W69/><G69/><T127/><D127/><U23/><E23/><V37/><F108/><W4/><G4/><T65/><D6/><U58/><E39/><V91/><F37/><W85/><G85/><T63/><D84/><U76/><E86/><V113/><F113/><W45/><G45/><T103/><D44/><U121/><E121/><V34/><F46/><W12/><AGARI ba="0,1" hai="12,15,17,21,26,42,47,49,54,59,61,90,94,97" machi="12" ten="30,18000,2" yaku="1,1,0,1,25,2,8,1,53,1" doraHai="28" doraHaiUra="89" who="3" fromWho="3" sc="301,-60,311,-60,308,-60,70,190" /><INIT seed="7,1,0,4,1,126" ten="241,251,248,260" oya="3" hai0="95,132,134,28,14,100,113,13,19,16,94,47,124" hai1="96,33,74,38,68,8,92,43,9,80,46,61,81" hai2="88,50,71,99,4,0,6,86,79,97,30,105,121" hai3="123,18,60,69,70,59,66,58,57,52,48,127,17"/><W1/><G1/><T39/><D124/><U78/><E33/><V120/><F71/><W112/><G127/><T131/><D28/><U26/><E26/><V63/><F79/><W7/><G7/><T91/><D100/><U107/><E107/><V117/><F117/><W72/><G72/><T108/><D108/><U45/><E81/><V89/><F30/><W12/><G123/><N who="2" m="47177" /><F105/><W44/><G70/><T116/><D116/><U118/><E118/><V98/><F0/><W111/><G112/><T77/><D77/><U135/><E135/><N who="0" m="51753" /><D131/><U133/><E133/><V130/><F130/><W101/><G111/><T11/><D113/><U93/><E93/><N who="0" m="35337" /><D91/><N who="2" m="34890" /><F86/><W20/><REACH who="3" step="1"/><G17/><REACH who="3" ten="241,251,248,250" step="2"/><N who="0" m="6731" /><D11/><U49/><E9/><V40/><F4/><W54/><G54/><T83/><D83/><U125/><E8/><V10/><F10/><W104/><G104/><T22/><D22/><U115/><E80/><V119/><F6/><W65/><G65/><T122/><D122/><U85/><E125/><V62/><F119/><W82/><G82/><T110/><D110/><U129/><E115/><V42/><F42/><AGARI ba="1,1" hai="13,14,39,42,47" m="6731,35337,51753" machi="42" ten="30,2000,0" yaku="20,1,54,1" doraHai="126" who="0" fromWho="2" sc="241,33,251,0,248,-23,250,0" /><INIT seed="8,0,0,3,3,96" ten="274,251,225,250" oya="0" hai0="101,100,1,90,73,97,59,94,56,19,104,108,12" hai1="23,117,54,98,78,86,13,25,95,63,69,88,10" hai2="112,21,85,58,47,127,6,89,34,123,49,18,31" hai3="14,62,38,39,87,131,82,46,126,42,120,135,125"/><T81/><D1/><U129/><E117/><V66/><F123/><W91/><G120/><T16/><D108/><U57/><E129/><V84/><F112/><W36/><G131/><T45/><D45/><U52/><E69/><V67/><F127/><N who="3" m="48651" /><G135/><T132/><D132/><U80/><E13/><V124/><F124/><W60/><G14/><T53/><D73/><U26/><E10/><V41/><F6/><W65/><G60/><N who="0" m="35855" /><D104/><U30/><E25/><V122/><F122/><W51/><G36/><T50/><D81/><U116/><E116/><V79/><F31/><W118/><G118/><T103/><D12/><U11/><E11/><V114/><F34/><W35/><G35/><T27/><D27/><U93/><E93/><N who="2" m="54439" /><F114/><W110/><G110/><T9/><D9/><U20/><E20/><V113/><F113/><W40/><G40/><T92/><D94/><U76/><E54/><AGARI ba="0,0" hai="16,19,50,54,59,90,92,97,100,101,103" m="35855" machi="54" ten="30,12000,1" yaku="8,1,52,3,54,1" doraHai="96" who="0" fromWho="1" sc="274,120,251,-120,225,0,250,0" owari="394,49.0,131,-37.0,225,-17.0,250,5.0" /></mjloggm>