<mjloggm ver="2.3"><GO type="169" lobby="0"/><UN n0="%45%75%6D%65%6E%65%73" n1="%E3%82%8D%E3%83%BC%E3%81%9D%E3%82%93%E9%B9%BF%E5%B3%B6" n2="%E3%82%A6%E3%83%AB%E3%83%88%E3%83%A9%E7%AB%8B%E7%9B%B4" n3="%E2%91%A3%E3%82%BB%E3%83%B3%E3%83%81" dan="18,16,18,18" rate="2221.90,2052.83,2237.15,2222.74" sx="M,F,M,M"/><TAIKYOKU oya="0"/><INIT seed="0,0,0,1,4,109" ten="250,250,250,250" oya="0" hai0="119,115,57,3,94,53,113,43,130,95,102,56,88" hai1="19,81,68,13,69,31,34,39,45,65,125,127,54" hai2="123,30,108,75,41,62,83,8,74,77,76,27,37" hai3="10,46,91,33,100,117,133,87,128,106,18,116,60"/><T9/><D119/><U79/><E34/><V99/><F108/><W2/><G33/><T25/><D43/><U80/><E31/><V92/><F123/><W78/><G78/><T29/><D130/><U118/><E118/><V67/><F8/><W51/><G128/><T90/><D102/><U124/><E65/><V58/><F41/><W93/><G133/><T28/><D9/><U101/><E101/><V11/><F11/><W66/><G106/><T1/><D53/><U22/><E81/><V42/><F42/><W72/><G72/><T20/><D25/><U104/><E104/><V5/><F5/><W112/><G100/><T71/><D20/><U36/><E54/><V44/><F44/><W122/><G122/><T7/><D71/><N who="1" m="27211" /><E45/><V38/><F77/><W97/><G51/><T26/><D26/><U70/><N who="1" m="27219" /><U129/><DORA hai="98" /><E129/><V24/><F75/><AGARI ba="0,0" hai="13,19,22,36,39,75,79,80,124,125,127" m="27219" machi="75" ten="50,1600,0" yaku="18,1" doraHai="109,98" who="1" fromWho="2" sc="250,0,250,16,250,-16,250,0" /><INIT seed="1,0,0,0,4,20" ten="250,266,234,250" oya="1" hai0="46,4,124,50,16,63,93,35,101,99,76,45,49" hai1="75,79,6,122,19,34,8,23,83,24,98,110,105" hai2="89,104,33,71,125,69,25,59,58,114,100,65,128" hai3="94,26,108,51,123,85,84,87,88,131,61,103,7"/><U22/><E122/><V72/><F72/><W80/><G123/><T39/><D124/><U42/><E110/><V82/><F128/><W107/><G131/><T133/><D133/><U44/><E105/><V120/><F120/><W92/><G108/><T13/><D4/><U130/><E130/><V9/><F9/><W106/><G7/><T11/><D35/><U30/><E98/><V2/><F2/><W112/><G112/><T56/><D76/><U60/><E60/><V109/><F71/><W37/><G37/><T41/><REACH who="0" step="1"/><D46/><REACH who="0" ten="240,266,234,250" step="2"/><U40/><E40/><V53/><F33/><W134/><G134/><T36/><D36/><N who="1" m="21575" /><E19/><V48/><F125/><W73/><G107/><T28/><D28/><U74/><E74/><V86/><F104/><W27/><G106/><T12/><D12/><U126/><E126/><V29/><F29/><W78/><G73/><T17/><D17/><U14/><E75/><V5/><F109/><W62/><G78/><T119/><D119/><U31/><E79/><V97/><F5/><W10/><G80/><T102/><D102/><U115/><E34/><V21/><F100/><W118/><G118/><T68/><D68/><U18/><E115/><V15/><F69/><W57/><G103/><T47/><D47/><U32/><E31/><V117/><F117/><W129/><G129/><T38/><D38/><U81/><E6/><V95/><F82/><W135/><G135/><T3/><D3/><U66/><E83/><V1/><F1/><W52/><G88/><T77/><D77/><U43/><E81/><V116/><F116/><W55/><G94/><RYUUKYOKU ba="0,1" sc="240,30,266,-10,234,-10,250,-10" hai0="11,13,16,39,41,45,49,50,56,63,93,99,101" /><INIT seed="2,1,1,1,1,68" ten="270,256,224,240" oya="2" hai0="75,53,87,84,52,132,76,26,34,22,15,97,108" hai1="46,9,118,120,105,101,72,3,86,123,5,19,128" hai2="125,126,0,65,35,7,6,85,93,106,69,124,83" hai3="127,88,37,66,41,20,110,116,91,58,64,28,96"/><V62/><F106/><W100/><G116/><T102/><D108/><U95/><E118/><V81/><F35/><W30/><G110/><T90/><D132/><U121/><E72/><V29/><F29/><W24/><G127/><T39/><D39/><U42/><E105/><V48/><F48/><W33/><G30/><T14/><D75/><U107/><E107/><V16/><F0/><W57/><G33/><T111/><D76/><U104/><E104/><V109/><F109/><W115/><G115/><T113/><D34/><U99/><E128/><V74/><F16/><W8/><G8/><T119/><D102/><U112/><E112/><V133/><F133/><W114/><G58/><T12/><D119/><U56/><E56/><V117/><F117/><W31/><G66/><T23/><D23/><U13/><E86/><N who="0" m="32809" /><D113/><U1/><REACH who="1" step="1"/><E19/><REACH who="1" ten="270,246,224,240" step="2"/><V50/><F74/><W51/><G114/><T94/><D111/><U70/><E70/><V131/><F131/><W40/><G57/><T98/><D97/><U54/><E54/><V25/><F83/><W80/><G80/><T60/><D60/><U129/><E129/><V44/><F81/><W130/><G96/><T89/><D53/><U103/><E103/><V73/><F73/><W2/><G100/><N who="0" m="60503" /><D52/><U38/><AGARI ba="1,2" hai="1,3,5,9,13,38,42,46,95,99,101,120,121,123" machi="38" ten="30,7900,0" yaku="1,1,0,1,13,1,52,1,53,0" doraHai="68" doraHaiUra="47" who="1" fromWho="1" sc="270,-21,246,102,224,-40,240,-21" /><INIT seed="3,0,0,4,5,124" ten="249,348,184,219" oya="3" hai0="55,118,4,42,39,127,30,121,38,133,66,88,120" hai1="2,128,74,17,53,94,73,58,104,57,62,97,13" hai2="47,54,19,83,82,126,36,16,96,131,69,59,129" hai3="132,115,45,107,79,23,6,135,49,95,84,98,60"/><W114/><G6/><T89/><D118/><U78/><E2/><V134/><F69/><W0/><G0/><T122/><D4/><U31/><E31/><V116/><F116/><W22/><G107/><T75/><D75/><U77/><E104/><V24/><F126/><W130/><G60/><T25/><D127/><U61/><E74/><V67/><F67/><W99/><G79/><T50/><D66/><U80/><E128/><N who="2" m="49227" /><F134/><W64/><G64/><T71/><D133/><U20/><E73/><V125/><F125/><W56/><G56/><T46/><D71/><U68/><E68/><V109/><F109/><W102/><G130/><T117/><D117/><U40/><E40/><N who="2" m="22919" /><F96/><W93/><G135/><T35/><D38/><U119/><E119/><V8/><F16/><W81/><G132/><T101/><D39/><U72/><E72/><V52/><F52/><W27/><G99/><T15/><D55/><N who="1" m="33983" /><E80/><V10/><F24/><W5/><G27/><T1/><D25/><U33/><E97/><V9/><F19/><W106/><G106/><T34/><D42/><U86/><E86/><V70/><F70/><W12/><G84/><T51/><D120/><U100/><E17/><V85/><F85/><W48/><G98/><T18/><D18/><U110/><E53/><V63/><AGARI ba="0,0" hai="8,9,10,54,59,63,82,83" m="22919,49227" machi="63" ten="30,7900,0" yaku="19,1,52,3" doraHai="124" who="2" fromWho="2" sc="249,-20,348,-20,184,79,219,-39" /><INIT seed="4,0,0,5,3,120" ten="229,328,263,180" oya="0" hai0="20,51,94,47,80,87,67,40,29,50,125,46,115" hai1="79,7,35,77,92,75,132,89,56,36,8,52,45" hai2="135,73,30,10,123,1,49,128,54,104,95,11,119" hai3="65,19,63,6,64,105,83,71,41,59,44,68,85"/><T96/><D115/><U34/><E132/><V55/><F104/><W66/><G105/><T114/><D114/><U4/><E4/><V117/><F73/><W133/><G6/><T17/><D125/><U100/><E100/><V134/><F123/><W113/><G113/><T88/><D67/><U90/><E90/><V121/><F121/><W108/><G19/><T21/><D29/><U97/><E36/><V98/><F30/><W27/><G27/><T111/><D111/><U107/><E107/><V109/><F109/><W33/><G33/><T5/><D5/><U118/><E45/><N who="2" m="27951" /><F55/><W15/><G15/><T0/><D0/><U57/><E57/><V99/><F99/><W31/><G31/><T26/><D20/><U14/><E118/><N who="2" m="45067" /><F128/><W84/><G84/><T70/><D70/><U127/><E127/><V76/><F76/><W62/><G133/><N who="2" m="50697" /><F1/><W130/><G130/><T42/><D96/><U106/><E106/><V78/><F78/><W9/><G108/><T129/><D129/><U53/><E53/><V91/><AGARI ba="0,0" hai="10,11,91,95,98" m="50697,45067,27951" machi="91" ten="30,2000,0" yaku="12,1,20,1" doraHai="120" who="2" fromWho="2" sc="229,-10,328,-5,263,20,180,-5" /><INIT seed="5,0,0,1,0,132" ten="219,323,283,175" oya="1" hai0="128,53,119,124,135,131,80,40,33,130,31,110,43" hai1="97,66,99,38,6,14,52,60,10,64,69,76,55" hai2="83,58,7,32,47,106,79,41,71,56,4,54,22" hai3="88,93,12,70,35,116,134,90,96,122,108,101,65"/><U63/><E38/><V94/><F106/><W87/><G108/><T30/><D110/><U118/><E118/><V102/><F32/><W126/><G122/><T85/><D119/><U48/><E76/><V123/><F71/><W25/><G134/><T98/><D98/><U21/><E21/><V20/><F58/><W39/><G39/><T5/><D5/><U112/><E112/><V36/><F123/><W2/><G2/><T11/><D11/><U13/><E13/><V49/><F94/><W92/><G116/><T72/><D72/><U78/><E78/><V91/><F91/><W103/><G126/><T115/><D115/><U127/><E127/><V8/><F102/><W81/><G12/><T77/><D135/><U28/><E28/><N who="0" m="10793" /><D33/><U120/><E120/><V86/><F4/><W117/><G117/><T42/><D53/><U95/><E48/><V68/><F68/><W75/><G75/><T37/><D37/><U62/><E99/><V46/><REACH who="2" step="1"/><F47/><REACH who="2" ten="219,323,273,175" step="2"/><W0/><G35/><T24/><D131/><U45/><E45/><V51/><F51/><W113/><G113/><T121/><D121/><U34/><E34/><V50/><F50/><W74/><G70/><T26/><D130/><U129/><E129/><V100/><F100/><W114/><G114/><T23/><D128/><U104/><E104/><V84/><F84/><W9/><G74/><T17/><D124/><U73/><E73/><V105/><F105/><W57/><G93/><T15/><AGARI ba="0,1" hai="15,17,23,24,26,40,42,43,77,80,85" m="10793" machi="15" ten="30,1100,0" yaku="8,1" doraHai="132" who="0" fromWho="0" sc="219,21,323,-5,273,-3,175,-3" /><INIT seed="6,0,0,2,3,91" ten="240,318,270,172" oya="2" hai0="51,33,56,94,4,16,19,23,54,86,130,133,64" hai1="77,105,68,125,132,61,52,3,106,103,38,37,71" hai2="115,102,44,24,89,119,104,78,100,13,70,42,73" hai3="31,69,101,17,53,47,48,60,97,1,121,84,87"/><V74/><F70/><W5/><G121/><T7/><D33/><U123/><E123/><V117/><F13/><W122/><G122/><T36/><D36/><U113/><E113/><V114/><F24/><W63/><G1/><T2/><D133/><U27/><E125/><V128/><F44/><W127/><G5/><T8/><D130/><U57/><E3/><V65/><F65/><W11/><G127/><T41/><D64/><U45/><E77/><V107/><F42/><W90/><G31/><T135/><D135/><U35/><E132/><V20/><F20/><W83/><G69/><T80/><D41/><U109/><E109/><V112/><F89/><W22/><G87/><T66/><D66/><U85/><E85/><V58/><F58/><W43/><G43/><T92/><D19/><U29/><E45/><V30/><F30/><W124/><G124/><T82/><D86/><U88/><E88/><V21/><F21/><W46/><G46/><T39/><D39/><U12/><E12/><V95/><F128/><W34/><G34/><T96/><D96/><N who="1" m="61671" /><E106/><N who="2" m="40491" /><F102/><W49/><G49/><T25/><REACH who="0" step="1"/><D4/><REACH who="0" ten="230,318,270,172" step="2"/><U59/><E38/><V111/><F111/><W99/><G99/><T32/><D32/><U14/><E37/><V67/><F67/><W15/><G22/><T79/><D79/><U75/><E35/><V9/><F78/><W134/><G134/><T81/><AGARI ba="0,1" hai="2,7,8,16,23,25,51,54,56,80,81,82,92,94" machi="81" ten="30,16000,3" yaku="1,1,0,1,52,2,54,1,53,3" doraHai="91" doraHaiUra="76" who="0" fromWho="0" sc="230,170,318,-40,270,-80,172,-40" /><INIT seed="7,0,0,0,4,121" ten="400,278,190,132" oya="3" hai0="32,34,114,44,41,109,50,11,66,97,86,71,65" hai1="94,48,49,1,31,108,62,107,61,96,77,133,43" hai2="124,52,79,76,29,6,53,89,88,130,28,126,73" hai3="0,119,16,128,102,26,14,74,21,39,22,117,90"/><W129/><G39/><T27/><D109/><U13/><E108/><V106/><F106/><W46/><G74/><T113/><D86/><U100/><E1/><V116/><F6/><W3/><G102/><T125/><D125/><U122/><E122/><V64/><F64/><N who="0" m="24682" /><D71/><U15/><E133/><V19/><F19/><N who="3" m="10487" /><G90/><N who="2" m="34921" /><F116/><N who="3" m="44619" /><G46/><T69/><D69/><U101/><E15/><V120/><F120/><W118/><N who="3" m="44627" /><W25/><DORA hai="55" /><G25/><T2/><D27/><U103/><E61/><V98/><F53/><W81/><G81/><T30/><D97/><U60/><E94/><V10/><F52/><W47/><G47/><T80/><D80/><U132/><E96/><V23/><F98/><W56/><G56/><T35/><D50/><U7/><E43/><V75/><F73/><W51/><G51/><T115/><D44/><U59/><E49/><V54/><F75/><W68/><G68/><T84/><D41/><U93/><E48/><V112/><F54/><W37/><G37/><T45/><D45/><U24/><E101/><V67/><F67/><W110/><G110/><T8/><D84/><U83/><E100/><V87/><F87/><W38/><G38/><T18/><D113/><U127/><E103/><V9/><F112/><W17/><G17/><T99/><D99/><U135/><E107/><V70/><F70/><W95/><G95/><T123/><D18/><U63/><E93/><V134/><F124/><W131/><AGARI ba="0,0" hai="0,3,16,22,26,128,129,131" m="44627,10487" machi="131" ten="50,12000,1" yaku="19,1,34,2,54,1" doraHai="121,55" who="3" fromWho="3" sc="400,-40,278,-40,190,-40,132,120" /><INIT seed="7,1,0,2,3,71" ten="360,238,150,252" oya="3" hai0="108,90,99,124,94,128,46,29,98,7,119,110,93" hai1="87,66,12,47,127,51,113,70,112,82,125,101,13" hai2="62,60,58,24,91,15,77,27,20,17,135,42,106" hai3="118,133,1,74,120,72,64,40,97,79,85,53,50"/><W11/><G120/><T134/><D119/><U34/><E34/><V81/><F106/><W39/><G118/><T35/><D7/><U28/><E28/><V122/><F135/><W36/><G40/><T56/><D134/><U114/><E101/><V3/><F122/><W54/><G64/><T96/><D29/><U18/><E66/><V52/><F3/><W30/><G133/><T32/><D56/><U5/><E5/><V83/><F62/><W25/><G85/><T19/><D19/><U22/><E12/><V65/><F65/><W59/><G11/><T16/><D16/><U26/><E26/><V57/><F57/><W61/><G97/><T89/><D124/><U0/><E0/><V75/><F91/><W41/><G41/><T116/><D116/><U8/><E8/><V45/><REACH who="2" step="1"/><F83/><REACH who="2" ten="360,238,140,252" step="2"/><W63/><G1/><T67/><D67/><U44/><E70/><V2/><F2/><W132/><G132/><T131/><D89/><N who="1" m="51447" /><E47/><V111/><F111/><W103/><G63/><T129/><D46/><U86/><E86/><V107/><F107/><W80/><G103/><N who="0" m="60815" /><D99/><U95/><E95/><V69/><F69/><W21/><G74/><T9/><D108/><U23/><E23/><V88/><F88/><W105/><G105/><T102/><D110/><U126/><E126/><V14/><F14/><W117/><G117/><T100/><D9/><U68/><E68/><V6/><F6/><W10/><G10/><T4/><D4/><U31/><E125/><V33/><F33/><AGARI ba="1,1" hai="32,33,35,90,94,98,100,102,128,129,131" m="60815" machi="33" ten="40,1300,0" yaku="19,1" doraHai="71" who="0" fromWho="2" sc="360,26,238,0,140,-16,252,0" owari="386,49.0,238,-16.0,124,-38.0,252,5.0" /></mjloggm>