<mjloggm ver="2.3"><GO type="169" lobby="0"/><UN n0="%EF%BC%98%EF%BC%99%EF%BC%91%EF%BC%90" n1="%E3%82%A6%E3%83%AB%E3%83%88%E3%83%A9%E7%AB%8B%E7%9B%B4" n2="%6D%6F%6E%6F%2D%31%34" n3="%E3%81%AF%E3%81%84%E3%81%A6%E3%82%93%E3%81%BC%E3%83%BC" dan="16,18,16,17" rate="2226.32,2250.58,2061.25,2207.92" sx="M,M,M,M"/><TAIKYOKU oya="0"/><INIT seed="0,0,0,1,3,132" ten="250,250,250,250" oya="0" hai0="72,2,60,49,59,99,90,29,108,52,39,102,74" hai1="45,134,47,98,62,93,51,15,109,33,66,95,83" hai2="6,80,111,123,69,100,42,57,50,128,110,87,113" hai3="85,12,68,43,103,44,81,73,64,17,58,116,104"/><T79/><D39/><U120/><E120/><V40/><F69/><W18/><G116/><T31/><D2/><U121/><E121/><V56/><F123/><W126/><G73/><T67/><D90/><U8/><E33/><V19/><F100/><W28/><G68/><T14/><D14/><U1/><E1/><V24/><F6/><W131/><G131/><T89/><D89/><U54/><E109/><N who="2" m="41483" /><F128/><W135/><G28/><T22/><D108/><U70/><E134/><V7/><F7/><W63/><G135/><T101/><D101/><U94/><E83/><V86/><F113/><W53/><G103/><T25/><D79/><U88/><REACH who="1" step="1"/><E45/><REACH who="1" ten="250,240,250,250" step="2"/><V115/><F80/><W97/><G81/><T82/><D82/><U4/><AGARI ba="0,1" hai="4,8,15,47,51,54,62,66,70,88,93,94,95,98" machi="4" ten="20,8000,1" yaku="1,1,2,1,0,1,7,1,54,1,53,0" doraHai="132" doraHaiUra="23" who="1" fromWho="1" sc="250,-40,240,90,250,-20,250,-20" /><INIT seed="1,0,0,1,5,115" ten="210,330,230,230" oya="1" hai0="90,25,14,66,124,23,62,49,132,106,92,21,48" hai1="36,85,43,11,93,3,129,44,99,56,67,130,104" hai2="29,4,59,109,73,32,64,91,112,38,18,117,102" hai3="31,87,26,82,61,2,57,7,10,22,125,5,16"/><U8/><E104/><V111/><F73/><W108/><G108/><N who="2" m="41545" /><F38/><W9/><G125/><T19/><D132/><U42/><E42/><V6/><F102/><W94/><G94/><T127/><D106/><U89/><E67/><V120/><F120/><W41/><G41/><T37/><D37/><U74/><E56/><V71/><F71/><W128/><G128/><T65/><D127/><U72/><E85/><V28/><F91/><W114/><G114/><T95/><D124/><U88/><E89/><V135/><F59/><W103/><G103/><T60/><D66/><U81/><E74/><V63/><F63/><N who="0" m="24106" /><D65/><U126/><E126/><V55/><F55/><W15/><G57/><T101/><D101/><U113/><E113/><V97/><F64/><W133/><G61/><T75/><D75/><U116/><E130/><V118/><F97/><W17/><REACH who="3" step="1"/><G133/><REACH who="3" ten="210,330,230,220" step="2"/><T96/><D95/><U80/><E129/><V53/><F135/><W35/><G35/><T79/><D79/><AGARI ba="0,1" hai="2,5,7,9,10,15,16,17,22,26,31,79,82,87" machi="79" ten="30,3900,0" yaku="1,1,7,1,54,1,53,0" doraHai="115" doraHaiUra="121" who="3" fromWho="0" sc="210,-39,330,0,230,0,220,49" /><INIT seed="2,0,0,2,3,115" ten="171,330,230,269" oya="2" hai0="101,25,58,48,9,4,89,131,81,113,118,27,91" hai1="72,28,64,33,69,128,8,42,117,104,129,83,66" hai2="31,78,125,121,100,98,26,12,53,77,61,86,21" hai3="29,45,17,18,6,14,133,82,71,13,19,73,68"/><V15/><F121/><W84/><G73/><T109/><D113/><U20/><E20/><V135/><F135/><W5/><G133/><T108/><D101/><U74/><E42/><V132/><F132/><W99/><G29/><T93/><D131/><U55/><E55/><V107/><F125/><W102/><G45/><T123/><D123/><U65/><E69/><V56/><F86/><W36/><G36/><T103/><D103/><U106/><E8/><V43/><F43/><W7/><G71/><T59/><D81/><U92/><E92/><V46/><F46/><W124/><G68/><T80/><D80/><U30/><E33/><V16/><REACH who="2" step="1"/><F12/><REACH who="2" ten="171,330,220,269" step="2"/><W47/><G47/><T75/><D75/><U126/><E126/><V40/><F40/><W57/><G124/><T24/><D109/><U54/><E74/><V23/><AGARI ba="0,1" hai="15,16,21,23,26,31,53,56,61,77,78,98,100,107" machi="23" ten="20,7800,0" yaku="1,1,0,1,7,1,54,1,53,0" doraHai="115" doraHaiUra="134" who="2" fromWho="2" sc="171,-26,330,-26,220,88,269,-26" /><INIT seed="2,1,0,0,0,8" ten="145,304,308,243" oya="2" hai0="90,76,112,129,96,113,58,21,87,64,5,67,130" hai1="79,34,115,86,68,66,44,48,100,98,36,61,97" hai2="81,31,103,77,107,26,52,62,132,49,69,83,71" hai3="56,3,122,15,120,28,93,124,37,82,126,74,29"/><V10/><F132/><W12/><G37/><T85/><D96/><U32/><E115/><V110/><F110/><W89/><G56/><T91/><D5/><U42/><E97/><V4/><F103/><W108/><G82/><T22/><REACH who="0" step="1"/><D58/><REACH who="0" ten="135,304,308,243" step="2"/><U94/><E98/><V105/><F105/><W128/><G108/><T118/><D118/><U50/><E68/><V18/><F107/><W102/><G102/><T40/><D40/><U24/><E42/><V134/><F69/><W43/><G43/><T95/><D95/><U54/><E94/><V0/><F134/><W114/><G114/><T88/><D88/><U116/><E100/><V73/><F81/><W16/><G89/><T135/><D135/><U30/><E116/><V13/><F71/><W27/><G93/><T38/><D38/><U14/><E36/><V41/><F41/><W99/><G99/><T17/><D17/><U109/><E109/><V75/><F62/><W60/><G60/><T6/><D6/><U72/><E61/><V121/><F121/><W92/><G92/><T117/><D117/><U55/><E50/><V1/><F18/><W2/><G16/><T84/><D84/><U23/><E48/><V19/><F19/><W111/><G111/><T78/><AGARI ba="1,1" hai="21,22,64,67,76,78,85,87,90,91,112,113,129,130" machi="78" ten="25,6400,0" yaku="1,1,0,1,22,2,53,0" doraHai="8" doraHaiUra="70" who="0" fromWho="0" sc="135,77,304,-17,308,-33,243,-17" /><INIT seed="3,0,0,4,0,105" ten="212,287,275,226" oya="3" hai0="69,9,47,107,119,110,25,77,116,46,41,53,93" hai1="14,39,29,88,63,54,66,8,111,84,78,128,23" hai2="62,102,37,67,20,18,100,92,113,101,5,83,125" hai3="118,133,56,58,10,68,99,117,55,50,132,33,57"/><W19/><G33/><T0/><D107/><U72/><E39/><V51/><F37/><W86/><G99/><T7/><D110/><U76/><E111/><V64/><F113/><W65/><G86/><T35/><D69/><U71/><E72/><V13/><F125/><W11/><G19/><T22/><D35/><U38/><E38/><V6/><F51/><W130/><G10/><T48/><D93/><U79/><E54/><V135/><F135/><N who="3" m="51787" /><G11/><T36/><REACH who="0" step="1"/><D77/><REACH who="0" ten="202,287,275,226" step="2"/><U80/><E79/><V40/><F92/><W85/><G130/><T30/><AGARI ba="0,1" hai="0,7,9,22,25,30,36,41,46,47,48,53,116,119" machi="30" ten="20,5200,0" yaku="1,1,2,1,0,1,7,1,53,0" doraHai="105" doraHaiUra="12" who="0" fromWho="0" sc="202,62,287,-13,275,-13,226,-26" /><INIT seed="4,0,0,0,2,18" ten="264,274,262,200" oya="0" hai0="22,16,5,54,91,111,50,109,122,59,129,65,12" hai1="36,23,66,96,11,13,49,33,9,10,26,69,93" hai2="75,103,95,110,79,25,123,21,40,14,8,94,102" hai3="113,119,73,53,116,60,82,130,135,58,38,121,17"/><T19/><D122/><U70/><E36/><V85/><F75/><W132/><G73/><T74/><D129/><U7/><E33/><V6/><F110/><N who="0" m="41994" /><D74/><U83/><E83/><N who="2" m="47359" /><F123/><W99/><G82/><T128/><D128/><U39/><E39/><V97/><F40/><W30/><G130/><T51/><D5/><U86/><E86/><V117/><F117/><W52/><G99/><T80/><D65/><U100/><E49/><V32/><F32/><W127/><G30/><T44/><D80/><U125/><E125/><V112/><F112/><W104/><G104/><T106/><D106/><U31/><E66/><V78/><F78/><W43/><G121/><T47/><D91/><U88/><REACH who="1" step="1"/><E100/><REACH who="1" ten="264,264,262,200" step="2"/><N who="2" m="38443" /><F97/><W114/><G127/><T42/><D19/><AGARI ba="0,1" hai="6,8,14,19,21,25,94,95" m="38443,47359" machi="19" ten="30,2000,0" yaku="8,1,52,1" doraHai="18" who="2" fromWho="0" sc="264,-20,264,0,262,30,200,0" /><INIT seed="5,0,0,1,0,130" ten="244,264,292,200" oya="1" hai0="76,44,121,89,10,60,48,74,131,126,50,26,102" hai1="41,101,27,116,66,135,4,118,111,112,80,55,42" hai2="94,0,113,32,31,70,58,69,49,37,54,81,3" hai3="15,119,1,73,53,56,79,97,7,34,86,103,85"/><U5/><E101/><V93/><F37/><W133/><G34/><T132/><D131/><U120/><E120/><V123/><F123/><W43/><G1/><T104/><D121/><U110/><E66/><V13/><F0/><W75/><G43/><N who="1" m="16394" /><E112/><V24/><F3/><W21/><G119/><N who="1" m="45610" /><E55/><V51/><F113/><W18/><G7/><N who="1" m="2634" /><E80/><V29/><F81/><W40/><G40/><T47/><D102/><U52/><E52/><V90/><F13/><W8/><G8/><T30/><D10/><U45/><E27/><V38/><F38/><W35/><G35/><T62/><D26/><U36/><E36/><V59/><F24/><W33/><G33/><T88/><D60/><U9/><E9/><V114/><F54/><W65/><G65/><T71/><D62/><U127/><E45/><V124/><F32/><W115/><G115/><T61/><D61/><U64/><E64/><V106/><F114/><W46/><G46/><T78/><D47/><U122/><E122/><V107/><F90/><W67/><G67/><T2/><D44/><U19/><E19/><V92/><F94/><W6/><G6/><T72/><D89/><U25/><E25/><V108/><F108/><N who="1" m="41513" /><E127/><AGARI ba="0,0" hai="29,31,49,51,58,59,69,70,92,93,106,107,124,127" machi="127" ten="25,1600,0" yaku="22,2" doraHai="130" who="2" fromWho="1" sc="244,0,264,-16,292,16,200,0" /><INIT seed="6,0,0,2,5,127" ten="244,248,308,200" oya="2" hai0="15,59,134,22,112,98,76,6,103,135,46,1,128" hai1="64,101,61,25,57,82,29,117,34,40,13,130,115" hai2="27,65,114,120,110,21,24,107,122,94,119,124,90" hai3="78,49,88,106,43,12,108,51,20,39,56,125,70"/><V42/><F107/><W62/><G108/><T5/><D112/><U45/><E117/><V131/><F119/><W37/><G125/><T97/><D76/><U93/><E115/><V66/><F114/><W41/><G78/><T3/><D46/><U31/><E31/><V100/><F100/><W123/><G106/><T63/><D22/><U47/><E82/><V26/><F124/><W58/><G88/><T7/><D15/><U79/><E79/><V92/><F42/><N who="3" m="15883" /><G12/><T121/><D121/><U89/><E101/><V113/><F113/><W83/><G20/><T84/><D84/><U129/><E13/><V16/><F110/><W91/><G91/><T72/><D72/><U102/><E102/><V99/><F120/><W118/><G83/><T17/><D17/><U14/><E14/><N who="2" m="9367" /><F131/><N who="1" m="50185" /><E40/><V38/><F122/><W4/><G123/><T111/><D111/><U126/><E126/><V71/><F71/><W55/><G70/><T23/><D128/><U67/><E67/><N who="2" m="25611" /><F92/><W95/><G95/><T32/><D103/><U11/><E11/><V109/><F109/><W53/><G4/><T19/><D6/><U116/><E116/><V54/><F54/><N who="3" m="34135" /><G118/><T85/><D5/><U77/><E77/><V87/><F24/><W74/><G74/><T36/><D7/><U33/><E33/><V60/><F26/><W80/><G80/><T105/><D32/><U18/><E18/><V8/><F27/><W50/><G55/><T133/><D19/><U73/><E73/><V10/><F8/><W86/><G86/><AGARI ba="0,0" hai="25,29,34,45,47,57,61,64,86,89,93" m="50185" machi="86" ten="30,7700,0" yaku="19,1,52,3" doraHai="127" who="1" fromWho="3" sc="244,0,248,77,308,0,200,-77" /><INIT seed="7,0,0,0,0,101" ten="244,325,308,123" oya="3" hai0="10,41,129,113,27,23,108,127,84,76,39,43,114" hai1="119,66,93,64,82,67,81,13,37,57,68,77,78" hai2="28,55,102,118,32,1,73,12,21,38,19,0,35" hai3="83,128,134,88,70,99,109,71,34,96,112,51,48"/><W24/><G112/><N who="0" m="43115" /><D108/><U8/><E37/><V40/><F40/><W130/><G109/><T90/><D127/><U87/><E68/><N who="3" m="26154" /><G134/><T89/><D129/><N who="3" m="49769" /><G99/><T85/><D10/><U2/><E2/><N who="2" m="1131" /><F102/><W45/><G45/><N who="0" m="23743" /><D43/><U17/><E119/><V11/><F55/><W115/><G115/><T31/><D85/><N who="1" m="48303" /><E93/><V42/><F42/><W18/><G18/><T56/><D56/><AGARI ba="0,0" hai="8,13,17,56,57,64,66,67,78,82,87" m="48303" machi="56" ten="30,1000,0" yaku="8,1" doraHai="101" who="1" fromWho="0" sc="244,-10,325,10,308,0,123,0" owari="234,-17.0,335,44.0,308,11.0,123,-38.0" /></mjloggm>