<mjloggm ver="2.3"><GO type="169" lobby="0"/><UN n0="%E3%82%A6%E3%83%AB%E3%83%88%E3%83%A9%E7%AB%8B%E7%9B%B4" n1="%E3%82%B3%E3%83%9E%E3%83%84%E3%81%AE%E9%85%92" n2="%59%65%6C%6C%6F%77%31%33" n3="%E3%81%86%E3%81%A0%E3%81%A3%E3%81%B7" dan="19,16,16,17" rate="2309.50,2156.12,2044.99,2118.36" sx="M,M,M,M"/><TAIKYOKU oya="0"/><INIT seed="0,0,0,3,1,19" ten="250,250,250,250" oya="0" hai0="108,36,12,76,16,104,82,120,22,128,113,93,14" hai1="8,37,105,127,106,66,117,125,50,27,88,83,74" hai2="49,6,28,56,102,126,116,13,95,67,39,84,70" hai3="87,44,65,78,122,2,4,58,129,118,98,85,119"/><T20/><D104/><U52/><E37/><V68/><F39/><W86/><G129/><T57/><D113/><U21/><E66/><V121/><F121/><W75/><G122/><T79/><D120/><U24/><E24/><V0/><F0/><W132/><G132/><T5/><D36/><U7/><E8/><V1/><F1/><W124/><G124/><N who="1" m="47690" /><E7/><V60/><F28/><W110/><G110/><T29/><D108/><U26/><E26/><V41/><F116/><W32/><G32/><T30/><D128/><U45/><E117/><V25/><F25/><W96/><G44/><T112/><D112/><U9/><E9/><V131/><F131/><W77/><G4/><T92/><D57/><U64/><E64/><V17/><F6/><W90/><G2/><T42/><D42/><U130/><E130/><V11/><F126/><W114/><G114/><T38/><D38/><U59/><E59/><V91/><F102/><W103/><G58/><T107/><D107/><U10/><E10/><V134/><F134/><W99/><G65/><T34/><D5/><U69/><E69/><V46/><AGARI ba="0,0" hai="11,13,17,41,46,49,56,60,67,68,70,84,91,95" machi="46" ten="30,1100,0" yaku="0,1" doraHai="19" who="2" fromWho="2" sc="250,-5,250,-3,250,11,250,-3" /><INIT seed="1,0,0,5,2,101" ten="245,247,261,247" oya="1" hai0="73,75,126,40,97,115,16,26,109,3,99,18,106" hai1="121,64,43,91,61,90,47,7,37,117,46,32,103" hai2="130,87,59,92,107,4,63,22,25,42,20,108,36" hai3="6,74,2,57,79,11,13,51,9,8,56,125,102"/><U113/><E117/><V45/><F130/><W112/><G112/><T67/><D3/><U69/><E32/><V12/><F108/><W77/><G125/><T44/><D109/><U48/><E113/><V104/><F92/><W70/><G70/><T55/><D67/><U53/><E121/><V38/><F36/><W120/><G120/><T82/><D55/><U29/><E29/><V19/><F87/><W0/><G102/><T24/><D115/><U27/><E27/><V124/><F124/><W33/><G33/><T80/><D126/><U119/><E119/><V68/><F68/><W34/><G34/><T85/><D85/><U14/><REACH who="1" step="1"/><E103/><REACH who="1" ten="245,237,261,247" step="2"/><V123/><F123/><W83/><G0/><T94/><D26/><U131/><E131/><V105/><F4/><W1/><G1/><T95/><D24/><U78/><E78/><V23/><REACH who="2" step="1"/><F25/><REACH who="2" ten="245,237,251,247" step="2"/><W127/><G6/><T52/><D18/><U135/><E135/><V89/><F89/><W31/><G127/><T132/><D16/><U41/><E41/><V10/><F10/><AGARI ba="0,2" hai="7,10,14,37,43,46,47,48,53,61,64,69,90,91" machi="10" ten="40,2000,0" yaku="1,1,53,0" doraHai="101" doraHaiUra="96" who="1" fromWho="2" sc="245,0,237,40,251,-20,247,0" /><INIT seed="1,1,0,5,2,117" ten="245,277,231,247" oya="1" hai0="62,127,44,17,1,52,54,86,111,74,23,31,73" hai1="80,41,60,79,77,92,101,34,49,114,33,135,83" hai2="124,48,91,87,58,29,72,113,131,50,18,38,42" hai3="109,57,81,122,76,37,61,11,14,133,118,95,13"/><U120/><E114/><V12/><F72/><W123/><G37/><T125/><D1/><U90/><E101/><V2/><F2/><W3/><G3/><T56/><D31/><U40/><E60/><V94/><F113/><W116/><G95/><T16/><D111/><U20/><E135/><V9/><F131/><W39/><G39/><T88/><D17/><U27/><E120/><N who="3" m="46122" /><G11/><T110/><D110/><U69/><E69/><V105/><F105/><W100/><G100/><T24/><D44/><N who="1" m="25735" /><E41/><V4/><F124/><N who="0" m="47690" /><D54/><U108/><E33/><V78/><F29/><W129/><G109/><T102/><D102/><U107/><E34/><V103/><F103/><W25/><G25/><T99/><D99/><N who="1" m="57751" /><E107/><V82/><F4/><W64/><G133/><T15/><D24/><U26/><E26/><V75/><F38/><W132/><G132/><T32/><D32/><U55/><E55/><V97/><F42/><W59/><G129/><T7/><D7/><U71/><E108/><V98/><F98/><W36/><G36/><T70/><D70/><U8/><E8/><V121/><F121/><W85/><G59/><T104/><D104/><U28/><E71/><V6/><F6/><W46/><G46/><T51/><D51/><U89/><E89/><V30/><F75/><W43/><G43/><T10/><D10/><U45/><E45/><V68/><F68/><W134/><G134/><T112/><D112/><U130/><E130/><V128/><F128/><W0/><G0/><T96/><D96/><U115/><E115/><V93/><F50/><W84/><G84/><T47/><D47/><RYUUKYOKU ba="1,0" sc="245,10,277,10,231,-30,247,10" hai0="15,16,23,52,56,62,73,74,86,88" hai1="20,27,28,77,79,80,83" hai3="13,14,57,61,64,76,81,85,116,118" /><INIT seed="1,2,0,1,4,54" ten="255,287,201,257" oya="1" hai0="50,120,44,23,91,34,39,111,71,1,60,9,15" hai1="108,21,55,27,31,4,86,8,130,109,105,19,72" hai2="107,103,135,48,7,28,2,125,89,69,131,43,77" hai3="100,70,24,6,101,66,83,92,64,73,132,22,32"/><U75/><E105/><V52/><F69/><W42/><G32/><T133/><D34/><U102/><E102/><V117/><F135/><W10/><G132/><T11/><D39/><U112/><E112/><V118/><F131/><W40/><G70/><T18/><D133/><U121/><E121/><V30/><F43/><W88/><G73/><T47/><D111/><N who="1" m="42571" /><E130/><V33/><F125/><W104/><G83/><T45/><D120/><U122/><E122/><V20/><F77/><W56/><G66/><T5/><D91/><U67/><E67/><V94/><F33/><W61/><G104/><T127/><D127/><U36/><E36/><V79/><F79/><W76/><G76/><T68/><D50/><U123/><E123/><V114/><F114/><W51/><G51/><T113/><D113/><U80/><E31/><V81/><F81/><W84/><G101/><T16/><REACH who="0" step="1"/><D60/><REACH who="0" ten="245,287,201,257" step="2"/><U82/><E82/><V41/><F118/><W35/><G100/><T14/><AGARI ba="2,1" hai="1,5,9,11,14,15,16,18,23,44,45,47,68,71" machi="14" ten="30,7900,0" yaku="1,1,2,1,0,1,54,1,53,0" doraHai="54" doraHaiUra="124" who="0" fromWho="0" sc="245,95,287,-41,201,-22,257,-22" /><INIT seed="2,0,0,1,5,78" ten="340,246,179,235" oya="2" hai0="87,129,61,32,18,39,12,85,98,81,96,31,134" hai1="26,2,108,35,16,130,111,77,22,5,116,63,115" hai2="3,82,48,45,135,125,90,95,41,88,21,122,113" hai3="8,30,10,25,104,68,33,93,99,76,106,1,72"/><V15/><F122/><W11/><G1/><T60/><D39/><U28/><E63/><V47/><F3/><W102/><REACH who="3" step="1"/><G68/><REACH who="3" ten="340,246,179,225" step="2"/><T94/><D129/><U91/><E130/><V66/><F125/><W24/><G24/><T109/><D134/><U119/><E115/><V107/><F135/><W37/><G37/><T133/><D133/><U19/><E77/><V92/><F113/><W97/><G97/><T105/><D98/><U6/><E2/><V36/><F107/><W56/><G56/><T13/><D96/><U103/><E103/><V20/><F66/><W62/><G62/><T71/><D61/><U65/><E65/><V114/><F114/><W124/><G124/><T110/><D60/><U52/><E91/><V7/><F36/><W132/><G132/><T83/><D71/><U100/><E100/><V121/><F121/><W101/><G101/><T74/><D105/><U131/><E131/><V34/><F34/><W57/><G57/><T89/><D32/><U127/><E127/><V79/><F47/><W43/><G43/><T128/><D128/><U86/><E35/><V50/><F50/><W27/><G27/><T55/><D110/><U42/><E42/><V64/><F64/><W112/><G112/><T9/><D109/><U120/><E26/><V23/><F90/><W126/><G126/><T117/><D89/><U73/><E120/><V67/><F67/><W4/><G4/><T49/><D49/><U46/><E111/><V69/><F69/><W118/><G118/><T58/><D117/><U123/><E116/><V0/><F0/><W29/><G29/><RYUUKYOKU ba="0,1" sc="340,-10,246,-10,179,-10,225,30" hai3="8,10,11,25,30,33,72,76,93,99,102,104,106" /><INIT seed="3,1,1,2,4,91" ten="330,236,169,255" oya="3" hai0="45,54,134,5,46,105,37,44,17,67,55,84,102" hai1="34,112,68,66,73,74,23,120,59,85,90,115,110" hai2="98,24,31,64,128,40,51,72,48,87,131,94,18" hai3="75,104,2,76,61,77,58,89,99,103,124,79,4"/><W15/><G2/><T32/><D32/><U106/><E34/><V41/><F72/><W70/><G70/><T96/><D5/><U129/><E68/><V7/><F7/><W130/><G130/><N who="2" m="49705" /><F87/><W25/><G124/><T47/><D134/><U88/><E129/><V83/><F83/><W69/><G69/><T109/><D67/><U50/><E106/><V108/><F64/><W117/><G117/><T33/><D33/><U122/><E85/><V86/><F86/><W21/><G89/><T0/><D0/><U71/><E71/><V127/><F127/><W22/><G75/><T65/><D65/><U132/><E66/><V6/><F6/><W56/><G61/><T135/><D135/><U116/><E132/><V113/><F18/><W121/><G121/><T92/><D17/><U9/><E116/><V20/><F108/><W82/><G82/><T36/><D109/><U29/><E29/><V118/><F113/><W28/><REACH who="3" step="1"/><G22/><REACH who="3" ten="330,236,169,245" step="2"/><T11/><D37/><U93/><E23/><N who="2" m="15775" /><F118/><W60/><G60/><T19/><D36/><U39/><E39/><V13/><F20/><W63/><G63/><T62/><D62/><U43/><E120/><V100/><F13/><W107/><G107/><T57/><D105/><U95/><E122/><V53/><F48/><W126/><G126/><T1/><D1/><U27/><E50/><V81/><F81/><W78/><N who="3" m="19456" /><DORA hai="16" /><W8/><AGARI ba="1,2" hai="4,8,15,21,25,28,56,58,99,103,104" m="19456" machi="8" ten="40,12000,1" yaku="1,1,4,1,0,1,52,1,53,0" doraHai="91,16" doraHaiUra="111,123" who="3" fromWho="3" sc="330,-41,236,-41,169,-41,245,143" /><INIT seed="3,2,0,3,4,83" ten="289,195,128,388" oya="3" hai0="45,38,111,66,19,8,116,35,73,132,55,91,52" hai1="26,6,47,16,29,50,46,39,114,72,131,64,88" hai2="119,74,68,30,40,79,105,9,7,62,102,57,63" hai3="10,127,94,118,2,11,97,110,93,28,80,126,4"/><W86/><G118/><T67/><D35/><U104/><E72/><V84/><F119/><W78/><G28/><T106/><D106/><U135/><E104/><V41/><F74/><W33/><G33/><T95/><D73/><U59/><E114/><V75/><F75/><W100/><G110/><T54/><D116/><U13/><E6/><V85/><F79/><W14/><REACH who="3" step="1"/><G94/><REACH who="3" ten="289,195,128,378" step="2"/><T32/><D32/><U109/><E109/><V107/><F30/><W71/><G71/><T81/><D95/><U65/><E29/><V60/><F68/><W123/><G123/><T129/><D111/><U103/><E131/><V96/><F107/><W42/><G42/><T130/><D130/><U23/><E135/><V51/><F40/><W115/><G115/><T125/><D132/><U17/><E39/><V99/><F96/><W133/><G133/><T124/><D38/><U121/><E121/><V34/><F34/><W61/><G61/><T108/><D108/><U90/><E103/><V43/><F41/><W112/><G112/><T120/><D120/><U134/><E134/><V92/><F105/><W101/><G101/><T49/><D129/><U128/><E128/><V1/><REACH who="2" step="1"/><F43/><REACH who="2" ten="289,195,118,378" step="2"/><W53/><G53/><AGARI ba="2,2" hai="1,7,9,51,53,57,60,62,63,84,85,92,99,102" machi="53" ten="40,8000,1" yaku="1,1,2,1,52,2,53,0" doraHai="83" doraHaiUra="69" who="2" fromWho="3" sc="289,0,195,0,118,106,378,-86" /><INIT seed="4,0,0,4,4,8" ten="289,195,224,292" oya="0" hai0="105,127,32,29,79,133,85,41,128,4,122,47,28" hai1="19,1,18,69,134,83,135,22,37,34,30,67,104" hai2="75,71,49,117,131,111,20,73,64,60,26,92,110" hai3="114,126,68,129,74,24,57,0,12,31,95,101,66"/><T120/><D105/><U50/><E104/><V99/><F131/><W112/><G0/><T90/><D128/><U78/><E37/><V16/><F117/><W121/><G129/><T62/><D79/><U61/><E1/><V98/><F99/><N who="3" m="59647" /><G68/><T103/><D103/><U123/><E123/><V51/><F75/><W27/><G74/><T17/><D4/><U21/><E34/><V9/><F73/><W102/><G102/><T56/><D127/><U89/><E89/><V42/><F42/><W130/><G27/><T118/><D133/><N who="1" m="50699" /><E50/><V72/><F72/><W113/><G130/><T5/><D5/><U10/><E30/><V44/><F9/><W109/><G109/><T119/><D32/><U87/><E18/><V81/><F81/><W23/><G126/><T48/><D120/><U63/><E63/><V82/><F82/><W3/><G3/><T52/><D122/><U108/><E108/><V76/><F76/><W97/><G121/><T65/><D119/><U33/><E33/><V94/><F94/><W40/><G40/><T124/><D124/><U96/><E96/><V55/><REACH who="2" step="1"/><F49/><REACH who="2" ten="289,195,214,292" step="2"/><W11/><G114/><T14/><D41/><U25/><E25/><V77/><F77/><W36/><G113/><T88/><D118/><U86/><E86/><V116/><F116/><W70/><G112/><T132/><D132/><U107/><E107/><V106/><F106/><W6/><G97/><T45/><D85/><U15/><AGARI ba="0,1" hai="10,15,19,21,22,61,67,69,78,83,87" m="50699" machi="15" ten="30,2000,0" yaku="20,1,52,1" doraHai="8" who="1" fromWho="1" sc="289,-10,195,30,214,-5,292,-5" /><INIT seed="5,0,0,0,1,73" ten="279,225,209,287" oya="1" hai0="95,50,101,49,100,0,117,29,112,132,71,96,111" hai1="106,115,90,92,97,114,55,79,9,93,6,46,99" hai2="81,127,82,15,40,131,63,125,41,27,7,43,4" hai3="75,31,56,74,16,57,61,128,109,44,108,30,8"/><U47/><E106/><V59/><F15/><W76/><G44/><T62/><D0/><U23/><E23/><V104/><F104/><W98/><G61/><T69/><D29/><U129/><E129/><V33/><F131/><W107/><G107/><T130/><D95/><U110/><E110/><V3/><F3/><W51/><G51/><T120/><D96/><U39/><E39/><V25/><F33/><W14/><G98/><T87/><D87/><U85/><E97/><V26/><F63/><W5/><G5/><N who="2" m="2121" /><F59/><W58/><G128/><T88/><D62/><U12/><E55/><V68/><F68/><W80/><REACH who="3" step="1"/><G74/><REACH who="3" ten="279,225,209,277" step="2"/><T122/><D130/><U124/><E46/><V64/><F64/><W21/><G21/><T65/><D65/><U13/><E47/><V22/><F22/><W19/><G19/><T83/><D49/><U34/><E34/><V10/><F10/><W32/><G32/><T102/><D50/><U42/><E9/><V52/><F52/><W53/><G53/><T84/><D71/><U78/><E99/><V37/><F37/><W94/><G94/><T89/><D69/><U123/><E6/><V1/><F1/><W2/><G2/><T103/><D103/><U67/><E67/><V121/><F121/><W48/><G48/><T35/><D122/><U86/><E123/><V24/><N who="2" m="6656" /><DORA hai="28" /><V20/><F20/><W105/><G105/><T66/><D120/><U18/><E18/><V54/><F54/><W135/><G135/><T133/><D66/><U119/><E92/><V72/><F72/><W77/><G77/><N who="0" m="46191" /><D133/><U70/><E70/><RYUUKYOKU ba="0,1" sc="279,-15,225,-15,209,15,277,15" hai2="40,41,43,81,82,125,127" hai3="8,14,16,30,31,56,57,58,75,76,80,108,109" /><INIT seed="6,1,1,3,1,32" ten="264,210,224,292" oya="2" hai0="125,48,14,135,131,81,62,130,133,1,75,113,89" hai1="68,25,124,33,122,109,12,57,85,11,71,64,36" hai2="126,120,108,37,18,129,24,8,77,87,123,67,97" hai3="134,6,61,100,7,102,56,52,117,121,26,111,76"/><V92/><F37/><W80/><G111/><T91/><D113/><U39/><E109/><V4/><F108/><W84/><G121/><T96/><D1/><U118/><E118/><V38/><F38/><W10/><G117/><T50/><D62/><U73/><E73/><V103/><F129/><W55/><G134/><N who="0" m="51211" /><D14/><U95/><E124/><V69/><F126/><W119/><G119/><T13/><D125/><U21/><E33/><V116/><F116/><W22/><G55/><T94/><D13/><U70/><E57/><V35/><F77/><W90/><G76/><N who="0" m="44191" /><D91/><U110/><E64/><V98/><F87/><W19/><G6/><T46/><D50/><U31/><E110/><V2/><F69/><W79/><G90/><T41/><AGARI ba="1,1" hai="41,46,48,89,94,96,130,131" m="44191,51211" machi="41" ten="30,1100,0" yaku="20,1" doraHai="32" who="0" fromWho="0" sc="264,24,210,-4,224,-6,292,-4" /><INIT seed="7,0,0,3,5,73" ten="288,206,218,288" oya="3" hai0="104,67,46,53,6,124,83,27,33,60,84,23,62" hai1="14,94,16,109,91,75,28,72,42,102,9,112,64" hai2="15,96,100,114,47,59,89,39,48,19,5,105,127" hai3="70,117,106,30,61,81,85,52,66,40,93,36,86"/><W132/><G106/><T98/><D33/><U122/><E109/><V92/><F5/><W35/><G117/><T25/><D25/><U21/><E122/><V41/><F127/><W18/><G132/><T131/><D131/><U126/><E126/><V63/><F114/><W77/><G30/><T26/><D26/><U57/><E42/><V1/><F1/><W34/><G18/><T120/><D6/><U80/><E80/><V4/><F4/><W79/><G52/><T43/><D53/><U87/><E102/><V125/><F125/><W129/><G129/><T7/><D7/><U20/><E112/><V116/><F116/><W111/><G111/><T56/><D62/><N who="1" m="37967" /><E75/><V49/><F59/><W10/><G10/><T123/><D124/><U65/><E72/><V101/><F63/><W44/><G93/><T2/><D2/><U95/><E65/><V133/><F133/><W119/><G119/><T13/><D104/><U99/><E28/><V134/><F134/><W51/><G36/><T32/><D32/><U74/><E74/><V0/><F0/><W97/><G97/><T22/><D98/><U50/><E50/><V128/><F128/><W113/><G113/><T8/><D123/><U3/><E3/><V107/><F107/><W135/><G135/><T38/><D120/><U82/><E95/><V29/><F29/><W121/><G121/><T103/><D103/><N who="2" m="39498" /><F105/><W37/><G51/><T31/><D83/><AGARI ba="0,0" hai="34,35,37,40,44,61,66,70,77,79,81,83,85,86" machi="83" ten="40,7700,0" yaku="9,1,52,2" doraHai="73" who="3" fromWho="0" sc="288,-77,206,0,218,0,288,77" owari="211,-19.0,206,-29.0,218,2.0,365,46.0" /></mjloggm>