<mjloggm ver="2.3"><GO type="169" lobby="0"/><UN n0="%69%73%69%79%61%6B%69" n1="%E3%82%A6%E3%83%AB%E3%83%88%E3%83%A9%E7%AB%8B%E7%9B%B4" n2="%E3%82%A2%E3%82%AD%E3%82%B7%E3%82%AA%E3%83%B3" n3="%E9%95%B7%E5%B2%A1" dan="16,18,16,16" rate="2070.07,2239.71,2100.21,2100.78" sx="M,M,M,M"/><TAIKYOKU oya="0"/><INIT seed="0,0,0,4,1,125" ten="250,250,250,250" oya="0" hai0="97,88,19,114,84,67,25,100,95,92,28,118,21" hai1="120,36,113,85,91,26,127,22,126,64,108,58,20" hai2="16,11,101,107,54,59,70,105,42,5,109,90,65" hai3="60,99,55,81,66,15,112,78,132,57,119,27,93"/><T8/><D114/><U72/><E36/><V80/><F109/><W9/><G112/><T79/><D118/><U111/><E72/><V2/><F42/><W122/><G119/><T6/><D67/><U123/><E58/><V43/><F43/><W62/><G132/><T38/><D38/><U46/><E46/><V135/><F135/><W115/><G115/><T32/><D79/><U129/><E64/><V51/><F101/><W49/><G122/><T104/><D104/><U24/><E85/><V94/><F80/><W98/><G27/><N who="1" m="10282" /><E91/><V45/><F70/><W44/><G60/><T83/><D83/><U1/><E1/><V37/><F37/><W86/><REACH who="3" step="1"/><G93/><REACH who="3" ten="250,250,250,240" step="2"/><T14/><REACH who="0" step="1"/><D32/><REACH who="0" ten="240,250,250,240" step="2"/><U39/><E113/><V40/><F105/><W13/><G13/><T116/><D116/><U110/><E123/><V128/><F107/><W18/><AGARI ba="0,2" hai="9,15,18,44,49,55,57,62,66,78,81,86,98,99" machi="18" ten="20,5200,0" yaku="1,1,0,1,7,1,8,1,53,0" doraHai="125" doraHaiUra="96" who="3" fromWho="3" sc="240,-26,250,-13,250,-13,240,72" /><INIT seed="1,0,0,2,0,110" ten="214,237,237,312" oya="1" hai0="71,101,53,114,68,98,21,72,113,7,69,121,27" hai1="128,58,90,41,44,109,10,86,33,50,19,73,91" hai2="42,55,37,49,56,11,105,106,122,12,132,111,133" hai3="92,94,17,108,77,66,54,43,89,79,99,96,51"/><U81/><E33/><V135/><F111/><W104/><G108/><T23/><D72/><U116/><E116/><V18/><REACH who="2" step="1"/><F122/><REACH who="2" ten="214,237,227,312" step="2"/><W25/><G104/><T28/><D121/><U93/><E109/><V31/><F31/><W34/><G43/><T124/><D124/><U0/><E128/><V112/><F112/><W74/><G74/><T117/><D117/><U64/><E73/><V123/><F123/><W85/><G66/><T88/><D28/><U48/><E64/><V78/><F78/><N who="3" m="29707" /><G34/><T36/><D113/><U118/><E118/><V97/><F97/><W40/><G40/><T16/><D98/><U100/><E41/><V30/><F30/><W62/><G99/><T2/><D114/><U8/><E86/><V22/><F22/><N who="3" m="13519" /><G96/><T67/><D67/><U70/><E91/><V126/><F126/><W57/><G94/><T125/><D125/><U35/><E93/><V134/><N who="2" m="33792" /><DORA hai="6" /><V13/><F13/><W87/><G85/><T59/><D88/><U95/><E90/><V83/><F83/><W24/><G24/><T38/><D27/><U103/><E81/><V5/><F5/><W47/><G87/><T80/><D7/><U130/><E35/><V129/><F129/><W29/><G29/><T76/><D80/><U9/><E130/><V60/><F60/><W115/><G115/><T52/><D76/><U63/><E63/><V15/><F15/><W102/><G89/><T39/><D23/><U107/><E95/><V119/><F119/><W14/><G14/><T32/><D21/><U45/><E103/><V61/><F61/><W82/><G82/><RYUUKYOKU ba="0,1" sc="214,-10,237,-10,227,30,312,-10" hai2="11,12,18,37,42,49,55,56,105,106" /><INIT seed="2,1,1,2,3,0" ten="204,227,257,302" oya="2" hai0="22,68,118,35,37,78,56,47,57,67,65,42,87" hai1="125,81,12,62,69,13,93,102,73,38,89,27,106" hai2="40,20,108,85,3,33,30,52,132,55,34,32,86" hai3="112,26,8,54,110,122,84,95,124,10,96,1,127"/><V131/><F132/><W31/><G122/><T121/><D35/><U134/><E38/><V116/><F116/><W21/><G110/><T9/><D118/><U25/><E125/><N who="3" m="48202" /><G112/><T41/><D121/><U82/><E134/><V117/><F117/><W109/><G109/><T14/><D22/><U83/><E69/><V114/><F108/><W135/><G135/><T103/><D103/><U120/><E120/><V92/><F114/><W6/><G84/><T98/><D98/><N who="1" m="61783" /><E62/><V15/><F3/><N who="3" m="95" /><G54/><T111/><D87/><N who="1" m="52415" /><E83/><V60/><F86/><W77/><G1/><T50/><D111/><U11/><E82/><V104/><F104/><W128/><G10/><T64/><D9/><U28/><E11/><V71/><F40/><W90/><G128/><T91/><D41/><U70/><E70/><V75/><F131/><W88/><G90/><T63/><D91/><U119/><E119/><V16/><F75/><W29/><G31/><T39/><D78/><AGARI ba="1,1" hai="21,26,29,77,78,88,95,96" m="95,48202" machi="78" ten="30,3900,0" yaku="18,1,52,1,54,1" doraHai="0" who="3" fromWho="0" sc="204,-42,227,0,257,0,302,52" /><INIT seed="3,0,0,1,3,48" ten="162,227,257,354" oya="3" hai0="17,45,40,21,6,27,78,50,127,119,103,114,58" hai1="131,95,41,72,124,100,74,42,68,107,90,24,67" hai2="91,104,97,38,123,25,59,57,0,88,37,89,11" hai3="83,82,133,55,98,80,65,122,46,33,118,29,101"/><W117/><G122/><T8/><D119/><U60/><E131/><V112/><F123/><W9/><G133/><T113/><D127/><U106/><E124/><V85/><F112/><W14/><G65/><T12/><D103/><U32/><E107/><V53/><F59/><W61/><G29/><T56/><REACH who="0" step="1"/><D78/><REACH who="0" ten="152,227,257,354" step="2"/><U66/><E100/><V7/><F104/><W20/><G117/><T1/><D1/><U31/><E106/><V130/><F130/><W34/><G118/><T49/><D49/><U120/><E120/><V126/><F126/><W128/><G128/><T109/><D109/><U4/><E74/><V116/><F116/><W134/><G134/><T43/><D43/><U23/><E72/><V96/><F38/><W79/><G79/><T62/><D62/><U70/><E42/><V86/><F37/><W2/><G2/><T102/><D102/><U111/><E41/><V77/><F77/><W5/><G61/><T36/><D36/><U10/><E111/><V63/><REACH who="2" step="1"/><F25/><REACH who="2" ten="152,227,247,354" step="2"/><W94/><REACH who="3" step="1"/><G20/><REACH who="3" ten="152,227,247,344" step="2"/><T26/><D26/><U93/><E23/><V54/><F54/><W125/><G125/><T16/><D16/><U3/><E24/><V87/><AGARI ba="0,3" hai="0,7,11,53,57,63,85,86,87,88,89,91,96,97" machi="87" ten="30,12000,2" yaku="1,1,0,1,52,1,54,1,53,3" doraHai="48" doraHaiUra="81" who="2" fromWho="2" sc="152,-30,227,-30,247,150,344,-60" /><INIT seed="4,0,0,1,0,70" ten="122,197,397,284" oya="0" hai0="1,16,134,107,4,25,68,85,46,121,29,58,60" hai1="26,84,119,109,122,117,37,27,126,94,69,83,8" hai2="53,15,41,72,44,55,12,21,98,54,133,3,100" hai3="110,7,40,43,97,31,79,90,135,13,17,88,105"/><T112/><D121/><U67/><E122/><V101/><F3/><W102/><G110/><T22/><D107/><U131/><E109/><V57/><F133/><W62/><G135/><T115/><D134/><U38/><E94/><V28/><F72/><W56/><G7/><T75/><D75/><U89/><E67/><V103/><F98/><W128/><G128/><T64/><D85/><U11/><E69/><V108/><F108/><W114/><G114/><N who="0" m="43563" /><D46/><U51/><E51/><N who="2" m="27023" /><F57/><W130/><G130/><T35/><D68/><U63/><E63/><V50/><F50/><W19/><G31/><T61/><D61/><U14/><E131/><V87/><F87/><W33/><G33/><T81/><D81/><U74/><E74/><V36/><F36/><W48/><G79/><T80/><D80/><U66/><E84/><V59/><F59/><W42/><G48/><T129/><D129/><U123/><E83/><V24/><AGARI ba="0,0" hai="12,15,21,24,28,53,54,55,100,101,103" m="27023" machi="24" ten="40,1500,0" yaku="8,1" doraHai="70" who="2" fromWho="2" sc="122,-7,197,-4,397,15,284,-4" /><INIT seed="5,0,0,0,1,126" ten="115,193,412,280" oya="1" hai0="51,83,7,66,78,103,63,56,34,94,3,125,98" hai1="20,124,92,23,97,123,101,47,54,60,74,85,24" hai2="133,59,99,4,117,113,108,128,72,89,68,2,86" hai3="131,57,37,48,18,6,109,75,16,5,65,106,95"/><U91/><E124/><V87/><F4/><N who="3" m="1643" /><G109/><T8/><D125/><U9/><E123/><V107/><F86/><W50/><G106/><T120/><D120/><U45/><E74/><V27/><F113/><W43/><G37/><T121/><D121/><U115/><E115/><V73/><F133/><W35/><G35/><T25/><D51/><N who="3" m="19497" /><G75/><T135/><D135/><U42/><E9/><V0/><F27/><W52/><G131/><T82/><D34/><U93/><E42/><V62/><F59/><W122/><G122/><T88/><D78/><U58/><REACH who="1" step="1"/><E23/><REACH who="1" ten="115,183,412,280" step="2"/><V55/><F73/><W84/><G43/><T67/><D67/><U29/><AGARI ba="0,1" hai="20,24,29,45,47,54,58,60,85,91,92,93,97,101" machi="29" ten="20,12000,1" yaku="1,1,2,1,0,1,7,1,8,1,53,0" doraHai="126" doraHaiUra="70" who="1" fromWho="1" sc="115,-40,183,130,412,-40,280,-40" /><INIT seed="5,1,0,5,0,36" ten="75,313,372,240" oya="1" hai0="75,53,127,42,30,119,54,131,17,111,24,82,124" hai1="28,134,96,10,108,104,62,50,23,69,99,98,63" hai2="126,27,115,113,77,64,9,48,0,44,12,34,95" hai3="41,79,33,46,39,100,132,80,120,37,123,6,87"/><U106/><E134/><V7/><F126/><W125/><G125/><T47/><D111/><U2/><E108/><V97/><F64/><W114/><G132/><T128/><D119/><U61/><E69/><V85/><F0/><W129/><G129/><T91/><D17/><U107/><E50/><V21/><F34/><W88/><G114/><N who="2" m="43529" /><F85/><W52/><G33/><T57/><D91/><U101/><E101/><N who="2" m="60607" /><F77/><W59/><G100/><T133/><D133/><U86/><E86/><V5/><F5/><W74/><G37/><T35/><D124/><U71/><E71/><V15/><F9/><W130/><G130/><T135/><D127/><U4/><E23/><V83/><F7/><W94/><G6/><T72/><D135/><U51/><E51/><AGARI ba="1,0" hai="39,41,46,51,52,59,74,79,80,87,88,94,120,123" machi="51" ten="30,7700,0" yaku="7,1,52,1,54,2" doraHai="36" who="3" fromWho="1" sc="75,0,313,-80,372,0,240,80" /><INIT seed="6,0,0,0,1,62" ten="75,233,372,320" oya="2" hai0="2,56,116,97,44,18,121,24,25,5,114,135,66" hai1="17,84,134,117,90,40,112,72,95,61,7,33,119" hai2="103,82,75,11,41,123,49,118,70,53,13,69,32" hai3="64,65,60,73,16,67,131,101,94,74,100,59,54"/><V55/><F123/><W122/><G122/><T36/><D121/><U31/><E72/><V6/><F118/><W88/><G131/><T106/><D116/><U1/><E40/><V120/><F120/><W43/><G43/><T83/><D114/><U38/><E38/><V27/><F103/><W20/><G73/><T23/><D135/><U102/><E102/><V105/><F105/><W113/><G74/><T14/><D36/><U68/><E17/><V45/><F75/><W39/><G39/><T51/><D106/><U35/><E35/><V29/><F82/><W87/><G113/><T125/><D125/><U98/><E84/><V30/><F30/><W10/><G10/><T81/><D97/><U107/><E107/><V48/><REACH who="2" step="1"/><F41/><REACH who="2" ten="75,233,362,320" step="2"/><W21/><G20/><T15/><D83/><U46/><E117/><V28/><F28/><W128/><G128/><T3/><D81/><U71/><E31/><V89/><F89/><W8/><G8/><T77/><D23/><U12/><E90/><V129/><F129/><W80/><G80/><T9/><D77/><U86/><E119/><V130/><F130/><W110/><G110/><T133/><D9/><U104/><E104/><V52/><F52/><W50/><G60/><T99/><D133/><U0/><E61/><V58/><AGARI ba="0,1" hai="6,11,13,27,29,32,45,48,49,53,55,58,69,70" machi="58" ten="20,3900,0" yaku="1,1,0,1,7,1,53,0" doraHai="62" doraHaiUra="115" who="2" fromWho="2" sc="75,-13,233,-13,362,49,320,-13" /><INIT seed="6,1,0,5,5,43" ten="62,220,411,307" oya="2" hai0="6,130,79,62,101,38,61,123,83,87,95,99,100" hai1="30,46,49,44,32,12,11,71,2,127,60,67,76" hai2="72,90,94,58,50,35,108,53,31,22,3,1,47" hai3="20,96,7,135,33,107,133,42,121,13,40,8,129"/><V17/><F108/><W80/><G121/><T64/><D123/><U51/><E2/><V36/><F72/><W74/><G33/><T124/><D130/><U105/><E127/><V45/><F36/><W18/><G129/><T82/><D124/><U109/><E109/><V77/><F77/><N who="3" m="44087" /><G96/><T48/><D38/><U9/><E105/><V85/><F31/><W103/><G103/><T23/><D101/><U24/><E76/><V65/><F35/><W26/><G107/><T78/><D23/><U15/><E11/><V106/><F106/><W63/><G63/><T75/><D6/><U102/><E102/><V119/><F119/><W28/><G28/><T41/><REACH who="0" step="1"/><D64/><REACH who="0" ten="52,220,411,307" step="2"/><U97/><E67/><V73/><F65/><W57/><G7/><T88/><D88/><U110/><E110/><V93/><F73/><W52/><G20/><T98/><D98/><U66/><E97/><V86/><F1/><W125/><G125/><T111/><D111/><U34/><E34/><V68/><F3/><W131/><G131/><T120/><D120/><U122/><E122/><V126/><F126/><W116/><G116/><T55/><D55/><U4/><E4/><V19/><F22/><W118/><G118/><T89/><D89/><U39/><E39/><V37/><F37/><W81/><G52/><T69/><D69/><U112/><E71/><V5/><F68/><W70/><G70/><T0/><D0/><U56/><E32/><V134/><F5/><W25/><G8/><T113/><D113/><U114/><E114/><V84/><F90/><W132/><G135/><T59/><D59/><RYUUKYOKU ba="1,1" sc="52,30,220,-10,411,-10,307,-10" hai0="41,48,61,62,75,78,79,82,83,87,95,99,100" /><INIT seed="7,2,1,4,3,77" ten="82,210,401,297" oya="3" hai0="67,38,80,17,33,129,109,65,71,120,2,47,32" hai1="7,66,60,116,12,42,23,28,131,93,14,54,52" hai2="128,43,3,95,101,26,86,63,55,115,125,79,73" hai3="110,91,85,56,46,89,21,99,70,45,22,107,104"/><W84/><G70/><T19/><D2/><U36/><E131/><V103/><F3/><W34/><G34/><T100/><D129/><U10/><E116/><V50/><F50/><W112/><G112/><T119/><D71/><U98/><E42/><V75/><F75/><W4/><G110/><T25/><D119/><U94/><E94/><V111/><F43/><W74/><G74/><T122/><D47/><U96/><E96/><V5/><F5/><W69/><G69/><T126/><D25/><N who="1" m="16447" /><E14/><V37/><F37/><W78/><G78/><T117/><D117/><U135/><E36/><V127/><F55/><W8/><G99/><T61/><D61/><U35/><BYE who="0" /><E35/><V90/><F79/><W20/><G56/><T27/><D27/><U57/><E135/><V108/><F73/><W114/><G114/><T40/><D40/><U13/><E13/><V97/><F26/><W82/><G104/><T88/><D88/><AGARI ba="2,1" hai="7,10,12,52,54,57,60,66,88,93,98" m="16447" machi="88" ten="30,3900,0" yaku="8,1,54,2" doraHai="77" who="1" fromWho="0" sc="82,-45,210,55,401,0,297,0" owari="37,-46.0,265,-13.0,401,49.0,297,10.0" /></mjloggm>