<mjloggm ver="2.3"><GO type="169" lobby="0"/><UN n0="%E3%83%88%E3%83%88%E3%83%AA%E5%85%88%E7%94%9F%31%39%E6%AD%B3" n1="%E8%B7%AF%E5%9C%B0%E8%A3%8F%E3%81%AE%E3%81%B2%E3%81%BE%E3%82%8F%E3%82%8A" n2="%E3%83%9F%E3%83%8E%E3%83%AA" n3="%E9%A7%84%E5%A6%B9" dan="19,16,17,18" rate="2280.80,2108.24,2248.43,2275.18" sx="F,M,M,F"/><TAIKYOKU oya="0"/><INIT seed="0,0,0,0,3,96" ten="250,250,250,250" oya="0" hai0="20,74,35,40,62,111,28,45,110,125,77,26,0" hai1="99,103,34,46,85,21,54,25,32,30,112,43,14" hai2="121,117,18,2,69,6,122,3,56,11,126,82,132" hai3="71,115,104,17,48,87,79,114,39,128,19,84,107"/><T60/><D0/><U90/><E112/><V22/><F69/><W129/><G71/><T38/><D125/><U9/><E54/><V59/><F126/><W27/><G48/><T36/><D36/><U23/><E34/><V135/><F82/><W61/><G27/><T50/><D74/><U91/><E46/><V133/><F59/><W92/><G92/><T70/><D77/><U63/><E63/><V49/><F49/><W64/><G64/><T89/><D89/><U53/><E53/><V33/><F56/><W41/><G79/><T72/><D72/><U31/><E43/><V113/><F113/><W118/><G118/><T67/><D20/><U123/><E123/><N who="2" m="47115" /><F33/><W57/><G57/><T58/><REACH who="0" step="1"/><D38/><REACH who="0" ten="240,250,250,250" step="2"/><U131/><E91/><V10/><F117/><W15/><G39/><T68/><D68/><U98/><E23/><V134/><F134/><W100/><G115/><T80/><D80/><U24/><E21/><V65/><F3/><W16/><G114/><T130/><D130/><U106/><E131/><V93/><F22/><W95/><G129/><T108/><D108/><U73/><E73/><V86/><F2/><W116/><G128/><T105/><D105/><U13/><E32/><V81/><F135/><W55/><G107/><T75/><D75/><U94/><E106/><V97/><F133/><W47/><G104/><T4/><D4/><U78/><E78/><V120/><F6/><W8/><G116/><T127/><D127/><U1/><E1/><V88/><F132/><W76/><G76/><T7/><D7/><U51/><E90/><V42/><F120/><RYUUKYOKU ba="0,1" sc="240,30,250,-10,250,-10,250,-10" hai0="26,28,35,40,45,50,58,60,62,67,70,110,111" /><INIT seed="0,1,1,2,0,92" ten="270,240,240,240" oya="0" hai0="132,113,118,57,8,34,33,6,37,52,111,67,14" hai1="84,120,130,109,11,62,47,40,78,1,104,60,26" hai2="30,42,36,0,69,116,53,75,68,85,101,133,126" hai3="99,114,20,83,50,86,27,110,71,16,82,54,77"/><T97/><D113/><U90/><E120/><V127/><F75/><W25/><G110/><T29/><D118/><U131/><E78/><V3/><F30/><W61/><G114/><T55/><D37/><U93/><E104/><V32/><F32/><W13/><G71/><T95/><D132/><U81/><E26/><V56/><F85/><W22/><G61/><T89/><D111/><U96/><E109/><V122/><F101/><W65/><G65/><T88/><D67/><U98/><E11/><V128/><F0/><W119/><G119/><T105/><D105/><U44/><E1/><V79/><F79/><W129/><G129/><N who="1" m="49162" /><E47/><N who="2" m="24007" /><F3/><W31/><G83/><T91/><D55/><U103/><E98/><V43/><F128/><W2/><G2/><T38/><D38/><AGARI ba="1,1" hai="38,40,44,60,62,81,84,90,93,96,103" m="49162" machi="38" ten="30,2000,0" yaku="19,1,52,1" doraHai="92" who="1" fromWho="0" sc="270,-23,240,33,240,0,240,0" /><INIT seed="1,0,0,0,0,116" ten="247,273,240,240" oya="1" hai0="25,133,20,125,81,52,14,113,16,56,40,77,114" hai1="86,17,107,115,11,99,68,12,123,108,131,53,126" hai2="63,85,1,27,80,84,8,38,21,74,61,118,79" hai3="135,120,9,13,42,73,24,60,97,92,37,64,15"/><U98/><E115/><V33/><F118/><W130/><G73/><T35/><D133/><U70/><E123/><V30/><F33/><W82/><G135/><T22/><D35/><U4/><E126/><V75/><F75/><W65/><G120/><T121/><D125/><U102/><E131/><V34/><F34/><W90/><G130/><T89/><D40/><U39/><E39/><V28/><F28/><W54/><G82/><T76/><D121/><U44/><E108/><V50/><F50/><W49/><G37/><T109/><D109/><U2/><E86/><V94/><F85/><W88/><G24/><T71/><D71/><U100/><E53/><V32/><F32/><W36/><G36/><T19/><D89/><U5/><E44/><V59/><F38/><W103/><G42/><T58/><D58/><U66/><E66/><V51/><F8/><W46/><G13/><T104/><D104/><U83/><E83/><V0/><F51/><W10/><G10/><T128/><D128/><U55/><E55/><V72/><F61/><W122/><G122/><T112/><REACH who="0" step="1"/><D81/><REACH who="0" ten="237,273,240,240" step="2"/><U129/><E129/><V41/><F41/><W124/><G124/><T29/><D29/><U62/><E70/><V57/><F57/><W134/><G134/><T127/><D127/><U96/><E107/><V31/><F31/><W18/><G65/><T117/><D117/><U110/><E110/><V119/><F119/><W91/><G90/><T95/><D95/><U101/><E68/><AGARI ba="0,1" hai="9,15,18,46,49,54,60,64,68,88,91,92,97,103" machi="68" ten="30,2000,0" yaku="7,1,54,1" doraHai="116" who="3" fromWho="1" sc="237,0,273,-20,240,0,240,30" /><INIT seed="2,0,0,3,5,127" ten="237,253,240,270" oya="2" hai0="28,134,59,98,68,56,104,94,7,14,20,15,114" hai1="1,35,84,74,124,83,89,17,63,67,49,95,43" hai2="66,2,78,18,4,128,116,54,126,34,108,111,90" hai3="19,91,33,58,13,79,45,120,135,101,52,55,24"/><V99/><F116/><W88/><G120/><T42/><D114/><U80/><E124/><V107/><F126/><W92/><G135/><T38/><D68/><U27/><E1/><V131/><F34/><W9/><G79/><T37/><D104/><U132/><E132/><V73/><F66/><W123/><G123/><T86/><D134/><U77/><E43/><V96/><F18/><W47/><G101/><T57/><D86/><U105/><E49/><V113/><F113/><W36/><G36/><T16/><D42/><U50/><E50/><V11/><F54/><W8/><G8/><T75/><D75/><U41/><E41/><V61/><F61/><W25/><G33/><T0/><D0/><U129/><E105/><V110/><F90/><N who="3" m="34347" /><G92/><T30/><D37/><U40/><E40/><V12/><F2/><W65/><G65/><T22/><D38/><U97/><E35/><V117/><F117/><W69/><G55/><T53/><D53/><U26/><E17/><V122/><F122/><W119/><G69/><T76/><D76/><U31/><E31/><N who="0" m="11817" /><D20/><U10/><E10/><V121/><F121/><W130/><G119/><T72/><D72/><U5/><E77/><V100/><REACH who="2" step="1"/><F99/><REACH who="2" ten="237,253,230,270" step="2"/><W44/><G52/><T85/><D98/><U109/><E97/><V62/><F62/><W81/><G19/><T118/><D118/><U46/><E67/><V125/><F125/><W93/><G24/><N who="0" m="14407" /><D7/><U103/><E5/><V112/><F112/><W6/><G6/><T3/><D3/><U70/><E63/><V106/><F106/><W102/><G25/><T115/><D115/><RYUUKYOKU ba="0,1" sc="237,15,253,-15,230,15,270,-15" hai0="14,15,56,57,59,85,94" hai2="4,11,12,73,78,96,100,107,108,110,111,128,131" /><INIT seed="2,1,1,1,2,24" ten="252,238,245,255" oya="2" hai0="69,107,81,56,88,1,66,106,4,64,110,23,72" hai1="37,35,109,52,67,96,127,38,82,124,76,120,5" hai2="9,99,75,60,30,40,39,58,16,133,68,94,50" hai3="70,80,45,14,100,22,25,130,125,6,55,13,77"/><V95/><F75/><W121/><G121/><T21/><D69/><U62/><E120/><V47/><F133/><W59/><G70/><T8/><D110/><U103/><E109/><V92/><F68/><W116/><G116/><T42/><D42/><U29/><E5/><V134/><F134/><W114/><G125/><N who="1" m="48202" /><E67/><V89/><F30/><W34/><G34/><T10/><D72/><N who="1" m="43271" /><E29/><V79/><F79/><W97/><G114/><T111/><D111/><U102/><E35/><V17/><F39/><N who="1" m="14857" /><E96/><V2/><F2/><W18/><G6/><T122/><D4/><U0/><E0/><V74/><F74/><W51/><G59/><AGARI ba="1,1" hai="52,59,62,102,103" m="14857,43271,48202" machi="59" ten="30,2000,0" yaku="18,1,54,1" doraHai="24" who="1" fromWho="3" sc="252,0,238,33,245,0,255,-23" /><INIT seed="3,0,0,2,3,124" ten="252,271,245,232" oya="3" hai0="55,13,41,51,122,105,73,89,132,96,86,69,121" hai1="50,126,93,31,74,88,78,27,87,111,8,33,59" hai2="116,26,115,125,114,65,56,34,21,75,106,70,6" hai3="9,23,47,45,108,71,110,10,32,3,14,12,17"/><W94/><G71/><T97/><D69/><U131/><E126/><V22/><F75/><W60/><G32/><T7/><D73/><U19/><E111/><N who="3" m="42538" /><G3/><T102/><D132/><U57/><E131/><V104/><F70/><W58/><G94/><T113/><D41/><U37/><E37/><V24/><F125/><W15/><G9/><T39/><D39/><U64/><E64/><V46/><F56/><W36/><G36/><T118/><D118/><U18/><E50/><V42/><F65/><N who="3" m="39063" /><G12/><T112/><D97/><U130/><E130/><V62/><F116/><W101/><G101/><T5/><D122/><U135/><E135/><V95/><F95/><W11/><G11/><T91/><D121/><U77/><E8/><V53/><F34/><W63/><G63/><T100/><D13/><U133/><E133/><V54/><F62/><W107/><G107/><T85/><D105/><U134/><E134/><V92/><F92/><W52/><G52/><T1/><D96/><U82/><E59/><V76/><F42/><W29/><G29/><T28/><D28/><U61/><E57/><V2/><F46/><W109/><N who="3" m="42546" /><W79/><DORA hai="128" /><G79/><T0/><D51/><U67/><E61/><V48/><F76/><W72/><G72/><T44/><D44/><U127/><E127/><V123/><F123/><W98/><G98/><T81/><REACH who="0" step="1"/><D81/><REACH who="0" ten="242,271,245,232" step="2"/><U68/><E82/><V16/><F48/><W119/><G119/><T84/><D84/><U99/><E87/><V80/><F80/><W103/><G103/><T38/><D38/><U40/><E74/><V117/><F117/><RYUUKYOKU ba="0,1" sc="242,15,271,-15,245,-15,232,15" hai0="0,1,5,7,55,85,86,89,91,100,102,112,113" hai3="10,14,15,17,23,45,47" /><INIT seed="3,1,1,1,5,72" ten="257,256,230,247" oya="3" hai0="33,53,5,113,27,73,82,81,23,108,21,79,31" hai1="127,29,71,9,46,18,76,115,98,99,41,132,52" hai2="94,35,92,8,57,135,87,83,47,123,110,6,36" hai3="77,34,131,17,100,102,103,112,67,42,20,116,62"/><W85/><G112/><T64/><D113/><U89/><E115/><V86/><F35/><W4/><G116/><T22/><D108/><U126/><E71/><V68/><F68/><W7/><G34/><T129/><D129/><U40/><E132/><V75/><F110/><W90/><G42/><N who="1" m="16490" /><E29/><V2/><F135/><W120/><G120/><T80/><D64/><U54/><E76/><V1/><F47/><W70/><G131/><T48/><REACH who="0" step="1"/><D5/><REACH who="0" ten="247,256,230,247" step="2"/><U14/><E127/><V96/><F6/><W28/><G28/><T121/><D121/><U66/><E66/><V101/><F123/><W11/><G11/><T117/><D117/><U104/><E126/><V65/><F65/><W37/><G37/><T56/><AGARI ba="1,2" hai="21,22,23,27,31,33,48,53,56,73,79,80,81,82" machi="56" ten="30,4000,0" yaku="1,1,0,1,52,1,53,0" doraHai="72" doraHaiUra="63" who="0" fromWho="0" sc="247,63,256,-11,230,-11,247,-21" /><INIT seed="4,0,0,1,3,91" ten="310,245,219,226" oya="0" hai0="101,84,42,62,75,41,92,53,3,81,29,11,130" hai1="57,100,96,0,52,59,66,111,65,1,103,46,72" hai2="114,89,73,32,17,4,94,107,5,56,98,33,40" hai3="67,122,44,110,132,77,129,69,48,112,85,18,27"/><T15/><D3/><U74/><E111/><V126/><F73/><W16/><G110/><T43/><D130/><U50/><E74/><V36/><F114/><W76/><G129/><T12/><D75/><U134/><E72/><V49/><F126/><W39/><G39/><T90/><D29/><U28/><E134/><V133/><F133/><W131/><G132/><T23/><D23/><U83/><E83/><V47/><F107/><W113/><G131/><T10/><D62/><U78/><E78/><N who="3" m="30314" /><G122/><T115/><D115/><N who="3" m="44105" /><G85/><T87/><D53/><U35/><E0/><V123/><F123/><W2/><G2/><T108/><D108/><U71/><E1/><V8/><F36/><W54/><G27/><T37/><D37/><U21/><E35/><V20/><F56/><W135/><G135/><T104/><D104/><U68/><E68/><V25/><REACH who="2" step="1"/><F5/><REACH who="2" ten="310,245,209,226" step="2"/><W124/><G124/><T120/><D120/><U7/><E7/><V116/><F116/><W82/><G82/><T119/><D119/><U109/><E71/><V58/><F58/><W55/><G55/><T24/><D43/><U95/><E109/><V38/><F38/><W79/><G79/><T99/><D42/><U127/><E127/><V63/><F63/><AGARI ba="0,1" hai="16,18,44,48,54,63,67,69" m="44105,30314" machi="63" ten="30,2000,0" yaku="15,1,54,1" doraHai="91" who="3" fromWho="2" sc="310,0,245,0,209,-20,226,30" /><INIT seed="5,0,0,1,5,13" ten="310,245,189,256" oya="1" hai0="121,8,92,87,134,22,79,32,125,46,26,76,41" hai1="104,36,80,23,83,73,119,52,128,96,95,4,5" hai2="117,109,11,58,15,77,0,110,107,74,1,105,90" hai3="29,67,81,115,21,93,114,44,113,64,112,3,50"/><U57/><E104/><V101/><F117/><W89/><G3/><T33/><D8/><U94/><E36/><V99/><F107/><W124/><G124/><T55/><D55/><U69/><E69/><V126/><F126/><W63/><G81/><N who="1" m="31306" /><E73/><V132/><F77/><W127/><G127/><T66/><D125/><U103/><E128/><V70/><F70/><W78/><G78/><T18/><D79/><U48/><E119/><V38/><F74/><W129/><G129/><T91/><D76/><U17/><E95/><V40/><F1/><W56/><G67/><T130/><D130/><U68/><E68/><V51/><F0/><W42/><N who="3" m="28672" /><DORA hai="12" /><W45/><G45/><T54/><D134/><U116/><E116/><V65/><F132/><W59/><G59/><T35/><D121/><U60/><E60/><V16/><F90/><W53/><G64/><T37/><D66/><U71/><E71/><V62/><REACH who="2" step="1"/><F51/><REACH who="2" ten="310,245,179,256" step="2"/><W120/><G120/><T31/><REACH who="0" step="1"/><D54/><REACH who="0" ten="300,245,179,256" step="2"/><U28/><E28/><AGARI ba="0,2" hai="18,22,26,28,31,32,33,35,37,41,46,87,91,92" machi="28" ten="40,8000,1" yaku="1,1,2,1,52,2,53,1" doraHai="13,12" doraHaiUra="72,88" who="0" fromWho="1" sc="300,100,245,-80,179,0,256,0" /><INIT seed="6,0,0,4,5,51" ten="400,165,179,256" oya="2" hai0="22,115,125,131,92,85,97,33,120,28,3,101,18" hai1="27,49,122,56,24,132,119,61,42,84,43,129,37" hai2="16,104,21,48,112,113,130,32,109,99,71,11,86" hai3="133,96,15,111,17,29,57,118,19,52,88,80,12"/><V40/><F71/><W45/><G111/><T87/><D120/><U76/><E119/><V116/><F32/><W41/><G29/><T34/><D3/><U31/><E122/><V46/><F116/><W14/><G118/><T77/><D28/><U6/><E129/><V79/><F130/><W2/><G2/><T67/><D131/><U25/><E132/><V30/><F109/><W94/><G80/><T36/><D36/><U100/><E100/><V35/><F11/><W26/><G26/><T107/><D87/><U68/><E6/><V65/><F65/><W8/><G19/><T63/><D115/><N who="2" m="44106" /><F79/><W0/><G0/><T83/><D107/><U9/><E9/><V55/><F86/><W117/><G133/><T72/><D125/><U90/><E68/><V50/><F30/><W102/><G102/><T93/><D93/><N who="1" m="54471" /><E37/><V128/><F35/><W69/><G69/><T54/><D67/><N who="1" m="39335" /><E76/><V103/><F128/><W64/><G64/><T81/><D18/><U105/><E105/><V60/><F60/><N who="3" m="35879" /><G117/><T134/><D134/><U106/><E106/><V58/><F16/><W123/><G123/><T126/><D33/><U75/><E75/><V114/><N who="2" m="44114" /><V74/><DORA hai="91" /><F74/><W59/><G17/><T89/><D34/><U135/><E135/><V127/><F127/><W4/><G8/><T20/><D126/><U98/><E31/><V13/><F13/><W110/><G110/><T95/><D81/><U53/><E98/><N who="2" m="61559" /><F21/><W73/><G73/><T124/><D124/><U38/><E38/><V10/><F10/><W47/><G12/><T23/><D23/><RYUUKYOKU ba="0,0" sc="400,10,165,10,179,10,256,-30" hai0="20,22,54,63,72,77,83,85,89,92,95,97,101" hai1="24,25,27,42,43,49,53" hai2="40,46,48,50,55,58,99" /><INIT seed="6,1,0,4,3,84" ten="410,175,189,226" oya="2" hai0="73,91,94,29,12,56,124,121,4,114,117,38,89" hai1="40,58,51,88,120,102,30,15,10,133,36,19,70" hai2="110,66,20,67,132,107,48,63,77,23,87,32,43" hai3="27,28,131,127,59,126,54,76,74,106,17,5,72"/><V97/><F132/><W80/><G106/><T111/><D111/><U100/><E70/><V101/><F110/><W79/><G5/><T1/><D121/><U81/><E133/><V105/><F105/><W62/><G17/><T46/><D1/><U92/><E120/><V18/><F32/><W35/><G131/><T115/><D73/><U41/><E81/><AGARI ba="1,0" hai="27,28,35,54,59,62,72,74,76,79,80,81,126,127" machi="81" ten="40,1300,0" yaku="9,1" doraHai="84" who="3" fromWho="1" sc="410,0,175,-16,189,0,226,16" /><INIT seed="7,0,0,4,0,85" ten="410,159,189,242" oya="3" hai0="17,35,120,64,135,3,32,44,103,112,82,24,99" hai1="102,122,123,119,114,7,1,36,2,107,38,108,15" hai2="128,57,22,72,14,39,96,68,109,116,124,54,62" hai3="58,53,95,26,13,4,110,18,93,83,37,21,30"/><W84/><G37/><T33/><D3/><U40/><E108/><V16/><F72/><W28/><G4/><T60/><D120/><U91/><E15/><V66/><F116/><W90/><G110/><T59/><D112/><U77/><E119/><V76/><F109/><W111/><G111/><T131/><D131/><U67/><E114/><V27/><F39/><W133/><G133/><T130/><D130/><U63/><E77/><V75/><F128/><W94/><G26/><T45/><D135/><U132/><E38/><V43/><F43/><W49/><AGARI ba="0,0" hai="13,18,21,28,30,49,53,58,83,84,90,93,94,95" machi="49" ten="30,6000,0" yaku="0,1,8,1,52,1" doraHai="85" who="3" fromWho="3" sc="410,-20,159,-20,189,-20,242,60" /><INIT seed="7,1,0,4,0,34" ten="390,139,169,302" oya="3" hai0="86,118,96,93,119,101,120,38,46,117,104,56,8" hai1="126,55,110,129,87,90,130,121,54,22,41,125,6" hai2="62,12,88,128,58,127,114,106,84,0,49,51,123" hai3="109,32,80,30,60,19,40,43,11,70,75,98,5"/><W73/><G19/><T2/><D56/><U108/><E22/><V91/><F0/><W36/><G98/><T25/><D86/><U100/><E6/><V59/><F106/><W17/><G17/><T135/><D93/><N who="1" m="54495" /><E41/><V94/><F59/><W82/><G82/><T74/><D74/><U50/><E50/><V35/><F35/><W131/><G131/><N who="1" m="50186" /><E54/><N who="2" m="34135" /><F128/><W85/><G109/><N who="1" m="42090" /><E55/><V116/><F114/><W53/><G53/><T79/><D79/><U9/><E9/><V20/><F127/><N who="1" m="48649" /><E100/><V103/><F103/><W66/><G40/><N who="0" m="22807" /><D120/><AGARI ba="1,0" hai="120,121" m="48649,42090,50186,54495" machi="120" ten="40,8000,1" yaku="19,1,18,1,34,2" doraHai="34" who="1" fromWho="0" sc="390,-83,139,83,169,0,302,0" owari="307,41.0,222,-18.0,169,-33.0,302,10.0" /></mjloggm>