<mjloggm ver="2.3"><GO type="169" lobby="0"/><UN n0="%E3%83%88%E3%83%88%E3%83%AA%E5%85%88%E7%94%9F%31%39%E6%AD%B3" n1="%31%33%36%74%6F%70" n2="%E3%83%88%E3%83%8B%E3%83%BC%E2%98%85%E5%BD%A1" n3="%E3%81%9F%E3%81%91%E3%81%AB%E3%81%8D" dan="19,17,16,16" rate="2287.43,2161.99,2172.20,2143.73" sx="F,M,M,F"/><TAIKYOKU oya="0"/><INIT seed="0,0,0,2,4,4" ten="250,250,250,250" oya="0" hai0="17,36,38,73,124,109,104,52,62,69,55,135,103" hai1="88,7,79,30,60,125,21,71,31,53,54,18,87" hai2="64,84,131,57,106,92,93,122,34,35,116,41,12" hai3="0,133,134,118,74,42,51,56,9,8,95,61,80"/><T50/><D73/><U108/><E125/><V20/><F122/><W120/><G0/><T126/><D104/><U123/><E123/><V10/><F106/><W76/><G120/><T82/><D103/><U107/><E107/><V63/><F131/><W70/><G118/><T23/><D82/><U113/><E79/><V11/><F41/><W94/><G70/><T110/><D135/><N who="3" m="51721" /><G51/><T128/><D128/><U127/><E7/><V6/><F116/><W48/><G48/><T28/><D28/><U13/><E127/><N who="0" m="48681" /><D17/><U97/><E97/><V89/><F20/><W58/><G42/><T2/><D2/><U43/><E43/><V5/><REACH who="2" step="1"/><F93/><REACH who="2" ten="250,250,240,250" step="2"/><N who="3" m="35339" /><G58/><N who="0" m="35167" /><D69/><U27/><E71/><V86/><F86/><W46/><G46/><N who="0" m="27735" /><D23/><U115/><E21/><V25/><F25/><W65/><AGARI ba="0,1" hai="8,9,56,61,65,74,76,80" m="35339,51721" machi="65" ten="30,4000,0" yaku="20,1,52,2" doraHai="4" who="3" fromWho="3" sc="250,-20,250,-10,240,-10,250,50" /><INIT seed="1,0,0,1,0,66" ten="230,240,230,300" oya="1" hai0="74,79,121,38,70,116,133,17,107,60,41,93,61" hai1="111,21,105,34,108,72,77,25,36,13,63,67,40" hai2="18,43,58,120,114,125,90,49,3,24,122,37,29" hai3="73,86,44,99,82,95,124,47,59,28,14,129,65"/><U119/><E119/><V75/><F3/><W42/><G73/><T117/><D107/><U32/><E105/><V12/><F75/><W96/><G129/><T109/><D109/><N who="1" m="42059" /><E13/><V53/><F125/><W69/><G124/><T16/><D133/><U5/><E5/><V20/><F114/><W106/><G106/><T80/><D121/><U89/><E89/><V127/><F127/><W7/><G28/><T71/><D38/><U55/><E55/><V134/><F134/><W103/><G99/><T50/><D93/><U135/><E135/><V104/><F104/><W26/><G26/><T68/><D116/><U51/><E51/><V102/><F102/><W11/><G59/><T56/><D117/><U35/><E21/><V84/><F43/><W64/><G64/><T78/><D78/><U92/><E92/><N who="2" m="54343" /><F37/><W6/><G6/><T83/><D83/><N who="1" m="45479" /><E25/><V85/><F85/><W57/><G86/><T118/><D118/><U46/><E35/><AGARI ba="0,0" hai="12,18,20,24,29,35,49,53,58,120,122" m="54343" machi="35" ten="30,1000,0" yaku="25,1" doraHai="66" who="2" fromWho="1" sc="230,0,240,-10,230,10,300,0" /><INIT seed="2,0,0,4,2,65" ten="230,230,240,300" oya="2" hai0="64,20,38,17,96,129,55,56,47,45,48,34,71" hai1="87,108,80,10,50,22,73,95,12,102,78,100,14" hai2="126,49,28,83,37,104,1,9,23,60,113,63,62" hai3="6,112,16,81,30,133,86,31,82,122,53,132,67"/><V115/><F104/><W39/><G122/><T54/><D34/><U93/><E108/><V46/><F37/><W75/><G39/><T110/><D110/><U18/><E73/><V19/><F126/><W90/><G6/><T111/><D111/><U61/><E61/><V84/><F28/><W41/><G41/><T2/><D2/><U94/><REACH who="1" step="1"/><E50/><REACH who="1" ten="230,220,240,300" step="2"/><V101/><F115/><W120/><G112/><T98/><D38/><U4/><AGARI ba="0,1" hai="4,10,12,14,18,22,78,80,87,93,94,95,100,102" machi="4" ten="30,7900,0" yaku="1,1,2,1,0,1,8,1,53,0" doraHai="65" doraHaiUra="117" who="1" fromWho="1" sc="230,-20,220,89,240,-39,300,-20" /><INIT seed="3,0,0,0,5,102" ten="210,309,201,280" oya="3" hai0="114,125,99,46,133,23,37,14,56,61,60,128,47" hai1="3,26,86,11,17,0,100,41,74,44,4,123,24" hai2="135,40,57,18,130,85,108,119,5,12,72,33,118" hai3="116,69,131,83,35,79,121,38,110,77,78,89,87"/><W82/><G69/><T105/><D128/><U29/><E123/><V36/><F33/><W113/><G38/><T2/><D2/><U115/><E115/><V95/><F72/><W53/><G35/><T30/><D133/><U76/><E3/><V63/><F130/><W28/><G28/><T32/><D32/><U84/><E100/><V34/><F34/><W124/><G131/><T52/><D125/><U104/><E26/><V106/><F5/><W67/><G67/><T120/><D120/><U101/><E17/><V1/><F1/><W21/><G121/><T16/><D30/><U50/><E104/><V39/><F39/><W91/><G53/><T13/><D114/><U31/><E101/><V15/><F36/><W9/><G9/><T103/><D37/><N who="1" m="21551" /><E29/><V43/><F18/><W42/><G42/><T126/><D126/><U70/><E70/><V90/><F40/><W62/><G21/><T80/><D13/><U59/><E24/><V92/><F43/><W75/><G62/><T7/><D7/><U19/><E19/><V58/><F63/><W122/><G122/><T20/><D20/><U98/><E98/><V68/><F15/><W132/><G124/><T25/><D14/><U107/><E107/><V66/><F106/><W88/><G113/><T81/><REACH who="0" step="1"/><D61/><REACH who="0" ten="200,309,201,280" step="2"/><U97/><E31/><V71/><F12/><W93/><G132/><T73/><D73/><U94/><E0/><V112/><F135/><W49/><G49/><T64/><D64/><U65/><E65/><V109/><F66/><W6/><G6/><T129/><D129/><U27/><E4/><RYUUKYOKU ba="0,1" sc="200,30,309,-10,201,-10,280,-10" hai0="16,23,25,46,47,52,56,60,80,81,99,103,105" /><INIT seed="4,1,1,0,4,6" ten="230,299,191,270" oya="0" hai0="44,107,117,71,96,11,120,108,66,83,115,54,68" hai1="104,125,100,87,10,20,37,25,119,48,39,34,9" hai2="75,67,24,93,124,41,72,21,69,30,89,103,118" hai3="129,51,123,135,97,79,105,35,65,46,1,52,28"/><T18/><D117/><U56/><E34/><V131/><F131/><W85/><G129/><T113/><D120/><U55/><E119/><V2/><F124/><W27/><G123/><T8/><D108/><U60/><E125/><V78/><F118/><W22/><G135/><T133/><D133/><U17/><E87/><V53/><F41/><W91/><G1/><T40/><D54/><U31/><E39/><V47/><F2/><W29/><G65/><T127/><D127/><U13/><E37/><V114/><F78/><W63/><G63/><T0/><D18/><U95/><E104/><V77/><F77/><W80/><G35/><T59/><D59/><U57/><E17/><V4/><F4/><W45/><G28/><T33/><D33/><U15/><E13/><V128/><F103/><W102/><REACH who="3" step="1"/><G79/><REACH who="3" ten="230,299,191,260" step="2"/><T84/><D0/><U112/><E112/><N who="0" m="43081" /><D66/><N who="1" m="39175" /><E15/><V14/><F14/><W61/><G61/><T26/><D26/><U3/><E3/><V122/><F114/><W101/><G101/><N who="0" m="62887" /><D71/><U38/><E38/><V94/><F128/><W110/><G110/><T99/><D68/><U32/><E32/><V58/><F122/><W74/><G74/><T109/><D109/><U132/><E132/><V7/><F75/><W16/><G16/><T70/><D70/><U134/><E134/><V5/><F72/><W76/><G76/><N who="0" m="46183" /><D99/><AGARI ba="1,2" hai="9,10,20,25,31,48,55,57,95,99,100" m="39175" machi="99" ten="30,7700,0" yaku="25,1,8,1,52,2" doraHai="6" who="1" fromWho="0" sc="230,-80,299,100,191,0,260,0" /><INIT seed="5,0,0,5,1,86" ten="150,399,191,260" oya="1" hai0="10,105,103,12,130,63,0,92,50,109,85,113,102" hai1="55,31,5,106,8,73,117,43,36,91,134,133,125" hai2="111,33,21,68,3,75,64,2,11,81,89,26,60" hai3="108,62,78,46,69,28,124,115,119,127,95,93,34"/><U38/><E106/><V24/><F111/><W123/><G108/><T79/><D109/><U116/><E73/><V37/><F37/><W59/><G123/><T104/><D0/><U29/><E55/><V135/><F135/><N who="1" m="51721" /><E125/><V80/><F11/><W66/><G78/><T49/><D113/><U20/><E20/><V35/><F35/><W32/><G115/><T71/><D130/><U39/><E43/><V101/><F101/><N who="0" m="38410" /><D71/><U90/><E8/><V131/><F131/><W112/><G112/><T128/><D105/><U56/><E56/><V45/><F45/><W76/><G119/><N who="1" m="45642" /><E5/><V9/><F9/><W114/><G114/><T6/><D104/><U4/><E4/><V107/><F107/><W121/><G121/><T42/><D128/><U83/><E83/><V87/><F33/><W22/><G32/><T77/><D63/><U120/><E120/><V98/><F21/><W126/><G34/><T48/><D42/><U61/><E61/><V54/><F75/><W53/><G69/><T96/><D50/><U19/><E19/><V58/><F80/><W44/><G22/><T25/><D25/><U67/><E67/><V41/><F41/><W13/><G66/><T129/><D129/><U30/><AGARI ba="0,0" hai="29,30,31,36,38,39,90,91" m="45642,51721" machi="30" ten="50,12000,1" yaku="28,2,20,1,52,2" doraHai="86" who="1" fromWho="1" sc="150,-40,399,120,191,-40,260,-40" /><INIT seed="5,1,0,3,4,71" ten="110,519,151,220" oya="1" hai0="118,93,61,78,12,111,115,74,59,96,20,23,112" hai1="88,22,120,105,10,57,50,68,38,53,81,107,124" hai2="3,84,103,91,65,117,47,21,35,13,125,17,46" hai3="29,51,69,34,1,67,18,44,70,121,109,58,62"/><U110/><E68/><V19/><F117/><W90/><G1/><T134/><D111/><U31/><E120/><V76/><F3/><W26/><G109/><T87/><D118/><U72/><E110/><V86/><F35/><W48/><G121/><T4/><D74/><U119/><E119/><V14/><F103/><W6/><G6/><T15/><D134/><U116/><E116/><V28/><F28/><W82/><G18/><T95/><D112/><U122/><E38/><V102/><F102/><W99/><G48/><T75/><D75/><U113/><E72/><V63/><F125/><W8/><G8/><T129/><D129/><U16/><E107/><V73/><F76/><W43/><G82/><N who="0" m="47575" /><D115/><U9/><E105/><V56/><F73/><W132/><G132/><T37/><D37/><U79/><E124/><V60/><F60/><W83/><G83/><T128/><D95/><U135/><E135/><V2/><F2/><W92/><AGARI ba="1,0" hai="26,29,34,43,44,51,58,62,67,69,70,90,92,99" machi="92" ten="30,1100,0" yaku="0,1" doraHai="71" who="3" fromWho="3" sc="110,-4,519,-6,151,-4,220,14" /><INIT seed="6,0,0,3,0,87" ten="106,513,147,234" oya="2" hai0="53,48,56,98,118,75,103,133,21,33,63,39,66" hai1="115,121,62,22,0,31,6,79,43,70,81,116,90" hai2="73,72,129,35,4,10,44,122,17,9,49,60,112" hai3="15,47,40,18,134,68,26,65,83,19,54,45,59"/><V99/><F122/><W130/><G65/><T128/><D128/><U77/><E116/><V88/><F35/><W1/><G68/><T78/><D133/><U25/><E115/><V126/><F129/><W86/><G1/><T71/><D118/><U13/><E0/><V108/><F112/><W3/><G3/><T37/><D33/><U117/><E117/><V74/><F126/><W57/><G134/><T120/><D120/><U93/><E43/><V104/><F60/><W52/><G130/><T135/><D135/><U106/><E62/><V46/><F108/><W110/><G110/><T131/><D131/><U127/><E106/><V27/><F49/><N who="3" m="31183" /><G26/><T16/><D78/><U2/><E79/><V32/><F32/><W42/><G42/><T67/><D75/><U7/><E2/><V125/><F125/><W94/><G94/><T111/><D67/><U97/><E70/><V55/><F55/><W29/><G29/><T107/><REACH who="0" step="1"/><D111/><REACH who="0" ten="96,513,147,234" step="2"/><U69/><E121/><V23/><F104/><W12/><G40/><T34/><D34/><U105/><E105/><V58/><F74/><W82/><G45/><T14/><AGARI ba="0,1" hai="14,16,21,37,39,48,53,56,63,66,71,98,103,107" machi="14" ten="20,5200,0" yaku="1,1,0,1,7,1,54,1,53,0" doraHai="87" doraHaiUra="20" who="0" fromWho="0" sc="96,62,513,-13,147,-26,234,-13" /><INIT seed="7,0,0,3,3,33" ten="158,500,121,221" oya="3" hai0="23,83,108,48,131,22,6,26,60,5,35,45,68" hai1="116,91,121,53,104,42,51,90,56,99,70,80,115" hai2="24,95,46,73,54,30,19,81,113,124,103,1,49" hai3="97,39,58,21,132,4,87,118,32,41,66,62,11"/><W47/><G32/><T120/><D120/><U125/><E121/><V34/><F113/><W61/><G118/><T85/><D108/><U65/><E115/><V9/><F124/><W98/><G132/><T77/><D35/><U67/><E125/><V71/><F71/><W92/><G21/><T40/><D131/><U96/><E104/><V57/><F103/><W105/><G105/><T123/><D123/><U119/><E42/><V37/><F95/><W122/><G122/><T36/><D36/><U63/><E67/><V82/><F73/><W0/><G87/><T110/><D110/><U112/><E112/><V27/><F27/><W72/><G72/><T88/><D23/><U69/><E69/><V109/><F109/><W29/><G29/><T8/><D8/><U59/><E70/><V107/><F107/><W28/><G28/><T38/><D38/><U7/><E7/><N who="0" m="2569" /><D60/><U75/><E91/><V127/><F127/><W89/><G62/><T20/><D68/><U14/><E14/><V52/><F37/><W100/><G98/><T101/><D101/><U78/><E90/><V133/><F133/><W76/><G76/><T126/><D126/><U43/><E43/><V135/><F135/><W130/><G89/><T16/><D20/><U25/><E25/><V31/><F31/><W117/><G130/><T13/><D77/><U15/><E15/><AGARI ba="0,0" hai="13,15,16,22,26,40,45,48,83,85,88" m="2569" machi="15" ten="30,3900,0" yaku="8,1,54,2" doraHai="33" who="0" fromWho="1" sc="158,39,500,-39,121,0,221,0" owari="197,-20.0,461,56.0,121,-38.0,221,2.0" /></mjloggm>