<mjloggm ver="2.3"><GO type="169" lobby="0"/><UN n0="%E6%84%9B%E5%86%85%E9%87%8C%E8%8F%9C" n1="%E3%83%9F%E3%83%8E%E3%83%AA" n2="%E3%83%88%E3%83%88%E3%83%AA%E5%85%88%E7%94%9F%31%39%E6%AD%B3" n3="%62%61%6B%61%73%65" dan="18,16,19,17" rate="2167.38,2130.46,2255.49,2275.58" sx="F,M,F,F"/><TAIKYOKU oya="0"/><INIT seed="0,0,0,0,0,100" ten="250,250,250,250" oya="0" hai0="35,53,31,32,88,86,126,106,0,92,45,112,1" hai1="41,39,73,134,125,18,46,8,54,36,2,109,50" hai2="98,83,6,10,119,51,99,82,114,63,62,102,107" hai3="29,3,87,77,127,116,61,97,135,40,78,94,13"/><T49/><D112/><U65/><E73/><V101/><F114/><W72/><G3/><T7/><D126/><U69/><E18/><V42/><F119/><W89/><G116/><T117/><D117/><U5/><E125/><V58/><F51/><W76/><G127/><T22/><D106/><U96/><E109/><V28/><F42/><W122/><G40/><T48/><D48/><U74/><E134/><V131/><F131/><W15/><G72/><T55/><D55/><U84/><E84/><V14/><F28/><W85/><G135/><T111/><D111/><U121/><E121/><V25/><F25/><W34/><G34/><T27/><REACH who="0" step="1"/><D0/><REACH who="0" ten="240,250,250,250" step="2"/><U80/><E54/><V129/><F129/><W93/><G122/><T17/><D17/><U110/><E50/><V81/><REACH who="2" step="1"/><F58/><REACH who="2" ten="240,250,240,250" step="2"/><W26/><G29/><T4/><D4/><U68/><E110/><V9/><F9/><AGARI ba="0,2" hai="1,7,9,22,27,31,32,35,45,49,53,86,88,92" machi="9" ten="40,3900,0" yaku="1,1,54,1,53,0" doraHai="100" doraHaiUra="104" who="0" fromWho="2" sc="240,59,250,0,240,-39,250,0" /><INIT seed="0,1,0,4,0,81" ten="299,250,201,250" oya="0" hai0="130,66,114,38,9,40,56,43,14,99,2,125,100" hai1="39,28,119,87,10,53,71,121,79,134,135,65,45" hai2="11,89,26,75,85,15,1,92,25,5,6,82,122" hai3="111,98,17,58,129,24,73,13,51,69,70,41,95"/><T12/><D114/><U52/><E28/><V19/><F122/><W115/><G115/><T64/><D2/><U57/><E10/><V88/><F75/><W47/><G73/><T50/><D130/><U18/><E18/><V124/><F124/><W31/><G111/><T133/><D125/><U102/><E102/><V32/><F32/><W120/><G129/><T132/><D38/><U123/><E119/><V21/><REACH who="2" step="1"/><F6/><REACH who="2" ten="299,250,191,250" step="2"/><W131/><G120/><T106/><D132/><U61/><E121/><V46/><F46/><W42/><G131/><T33/><D133/><N who="1" m="50699" /><E123/><V128/><F128/><W35/><G35/><T0/><D33/><U20/><E20/><V29/><F29/><W7/><G31/><T37/><D9/><U16/><E16/><V109/><F109/><W54/><G17/><T27/><D27/><U77/><E45/><V48/><F48/><W103/><G51/><T101/><D50/><N who="1" m="30871" /><E39/><V91/><F91/><W117/><G47/><T68/><D37/><U62/><E62/><V36/><F36/><W80/><G7/><T107/><D100/><U4/><E4/><V116/><F116/><W86/><G117/><T113/><D101/><U118/><E118/><V112/><F112/><W94/><G24/><T22/><D113/><U108/><E108/><V76/><F76/><W127/><G127/><T3/><D22/><U105/><E79/><V59/><F59/><W55/><G58/><T67/><D56/><U23/><E23/><V60/><F60/><W97/><G103/><T78/><D78/><U44/><E77/><V8/><F8/><W72/><G72/><RYUUKYOKU ba="1,1" sc="299,-10,250,-10,191,30,250,-10" hai2="1,5,11,15,19,21,25,26,82,85,88,89,92" /><INIT seed="1,2,1,1,3,94" ten="289,240,221,240" oya="1" hai0="101,110,95,96,10,63,64,79,1,30,43,112,36" hai1="72,105,52,49,115,16,86,39,128,48,121,78,47" hai2="25,126,85,6,66,118,113,117,7,5,71,53,13" hai3="23,51,8,92,89,76,75,54,84,12,41,135,129"/><U111/><E115/><V60/><F126/><W127/><G127/><T122/><D112/><U29/><E121/><V100/><F113/><W109/><G109/><T68/><D110/><U88/><E111/><V11/><F53/><W74/><G129/><T4/><D122/><U22/><E105/><V2/><F2/><W28/><G135/><T134/><D134/><U50/><E128/><V114/><F114/><W98/><G41/><T124/><D124/><U120/><E120/><V32/><F85/><W26/><G76/><T93/><D30/><U17/><E39/><V21/><F32/><W91/><G75/><T56/><D79/><U90/><E72/><V83/><F83/><W108/><G74/><T87/><D56/><U67/><E67/><V106/><F100/><W97/><G91/><N who="1" m="34858" /><E29/><V33/><F106/><W38/><G38/><T14/><D87/><U44/><E22/><V0/><F33/><W123/><G108/><T125/><D125/><U73/><E73/><V55/><F0/><W99/><G123/><T62/><D1/><U15/><E15/><V70/><F70/><W104/><G104/><T27/><D27/><U35/><E35/><V57/><F118/><W69/><G69/><T133/><D133/><U9/><E9/><V46/><F117/><W116/><G116/><T103/><D68/><U40/><E49/><N who="2" m="29111" /><F71/><W37/><G37/><T82/><D36/><U77/><E77/><V61/><F61/><W31/><G31/><AGARI ba="2,1" hai="5,6,7,11,13,21,25,31,57,60,66" m="29111" machi="31" ten="30,1000,0" yaku="8,1" doraHai="94" who="2" fromWho="3" sc="289,0,240,0,221,26,240,-16" /><INIT seed="2,0,0,0,2,93" ten="289,240,247,224" oya="2" hai0="132,121,129,3,19,6,104,88,37,36,67,119,53" hai1="116,60,118,23,101,91,131,55,92,47,49,103,81" hai2="127,51,85,40,82,50,75,15,79,59,28,73,29" hai3="39,44,4,135,41,95,106,1,20,22,32,124,80"/><V114/><F114/><W61/><G106/><T76/><D121/><U38/><E131/><V123/><F123/><W126/><G32/><T71/><D129/><U18/><E38/><V83/><F127/><N who="3" m="48683" /><G135/><T74/><D132/><U33/><E33/><V45/><F75/><W56/><G80/><T113/><D113/><U68/><E118/><V130/><F130/><W109/><G109/><T99/><D119/><U78/><E116/><V14/><F14/><W48/><G39/><T77/><D67/><U27/><E68/><V26/><F26/><W43/><G43/><T58/><D71/><U21/><E60/><V46/><F59/><W102/><G4/><T31/><D31/><U5/><E5/><V84/><F15/><W115/><G1/><T8/><D19/><U89/><E23/><V13/><F13/><W10/><G10/><T70/><D70/><U105/><E105/><V64/><F64/><N who="3" m="38951" /><G115/><T120/><D120/><U0/><E0/><V72/><F72/><W42/><G42/><T94/><D104/><U24/><E27/><V112/><F73/><W100/><G100/><T110/><D110/><U69/><E69/><V117/><F117/><W98/><AGARI ba="0,0" hai="20,22,41,44,48,95,98,102" m="38951,48683" machi="98" ten="30,2000,0" yaku="18,1,52,1" doraHai="93" who="3" fromWho="3" sc="289,-5,240,-5,247,-10,224,20" /><INIT seed="3,0,0,5,1,46" ten="284,235,237,244" oya="3" hai0="82,97,31,56,104,72,98,114,61,87,33,89,17" hai1="132,102,108,47,64,16,62,43,121,80,115,23,67" hai2="109,123,128,107,81,18,100,44,58,111,112,19,105" hai3="7,60,73,48,119,32,125,11,83,20,1,36,40"/><W101/><G125/><T57/><D114/><U106/><E115/><V53/><F112/><W4/><G4/><T70/><D17/><U52/><E121/><V116/><F116/><W13/><G32/><T94/><D97/><U50/><E108/><N who="2" m="41547" /><F128/><W45/><G101/><T39/><D39/><U42/><E132/><V134/><F134/><W79/><G60/><T99/><D99/><U131/><E131/><V85/><F44/><W86/><G86/><T59/><D104/><N who="2" m="40010" /><F100/><W129/><G129/><T25/><D70/><U55/><E80/><V90/><F123/><W78/><G78/><T84/><D84/><U3/><E3/><V122/><F122/><W14/><G119/><T124/><D72/><U21/><E21/><V74/><F74/><W92/><G92/><T76/><REACH who="0" step="1"/><D124/><REACH who="0" ten="274,235,237,244" step="2"/><U63/><E106/><V130/><F130/><W26/><G36/><T34/><D34/><U69/><E102/><V5/><F5/><W51/><REACH who="3" step="1"/><G48/><AGARI ba="0,1" hai="18,19,48,53,58,81,85,90" m="40010,41547" machi="48" ten="30,2000,0" yaku="14,1,52,1" doraHai="46" who="2" fromWho="3" sc="274,0,235,0,237,30,244,-20" /><INIT seed="4,0,0,4,1,111" ten="274,235,267,224" oya="0" hai0="17,84,127,33,10,135,95,67,40,97,104,82,85" hai1="73,38,114,24,105,74,47,102,125,94,57,54,58" hai2="64,45,25,51,15,32,96,119,18,112,61,123,14" hai3="31,91,87,99,86,132,4,129,11,39,8,89,130"/><T1/><D33/><U78/><E105/><V36/><F123/><W12/><G39/><T56/><D135/><U80/><E57/><V52/><F36/><W107/><G132/><T81/><D127/><U2/><E74/><V37/><F119/><W42/><G42/><T7/><D40/><U106/><E106/><V19/><F37/><W53/><G31/><T49/><D104/><U35/><E2/><V44/><F44/><W0/><G53/><T68/><D68/><U101/><E94/><V20/><F32/><W66/><G66/><T118/><D118/><U126/><E47/><V124/><F124/><N who="1" m="47721" /><E38/><V93/><F112/><W72/><G72/><T77/><D17/><U122/><E122/><V131/><F131/><W27/><G27/><T69/><D69/><U3/><E3/><V88/><REACH who="2" step="1"/><F19/><REACH who="2" ten="274,235,257,224" step="2"/><W29/><G130/><T63/><D49/><N who="1" m="31055" /><E114/><V50/><F50/><W6/><G129/><T21/><D7/><U110/><E110/><V113/><F113/><W43/><G6/><T117/><D117/><U62/><E62/><V70/><AGARI ba="0,1" hai="14,15,18,20,25,45,51,52,61,64,70,88,93,96" machi="70" ten="20,8000,1" yaku="1,1,0,1,7,1,54,2,53,0" doraHai="111" doraHaiUra="71" who="2" fromWho="2" sc="274,-40,235,-20,257,90,224,-20" /><INIT seed="5,0,0,2,5,50" ten="234,215,347,204" oya="1" hai0="77,131,31,3,95,16,69,86,135,108,41,104,35" hai1="126,30,17,29,11,5,103,87,6,9,38,66,7" hai2="127,22,82,52,44,43,48,88,129,97,65,71,58" hai3="84,64,100,59,37,14,98,89,102,36,112,26,47"/><U121/><E38/><V23/><F129/><W2/><G2/><T80/><D108/><U62/><E121/><V90/><F127/><W132/><G112/><T85/><D104/><U46/><E126/><V96/><F71/><W128/><G128/><T57/><D69/><U109/><E109/><V78/><F65/><W124/><G124/><T33/><D3/><U83/><E103/><V110/><F110/><W116/><G132/><T15/><D135/><U72/><E72/><V13/><F96/><W54/><G64/><T53/><D41/><U25/><E46/><V113/><F113/><W24/><G116/><T114/><D114/><U32/><E17/><V106/><F106/><W4/><G102/><T130/><D130/><U93/><E93/><V117/><F117/><W8/><G47/><T107/><D107/><U60/><E30/><V10/><F97/><W122/><G37/><T115/><D31/><U91/><REACH who="1" step="1"/><E60/><REACH who="1" ten="234,205,347,204" step="2"/><N who="2" m="35911" /><F23/><W0/><G36/><T1/><D131/><U99/><E99/><V63/><F22/><W12/><G122/><T133/><D115/><U34/><E34/><V18/><F63/><W105/><G26/><T40/><D133/><U19/><E19/><V92/><F92/><W75/><G24/><T94/><D94/><U56/><AGARI ba="0,1" hai="5,6,7,9,11,25,29,32,56,62,66,83,87,91" machi="56" ten="30,6000,0" yaku="1,1,0,1,53,1" doraHai="50" doraHaiUra="27" who="1" fromWho="1" sc="234,-20,205,70,347,-20,204,-20" /><INIT seed="5,1,0,0,0,47" ten="214,275,327,184" oya="1" hai0="84,132,96,3,2,63,118,52,6,40,64,5,16" hai1="74,115,54,22,97,11,59,43,108,57,12,102,122" hai2="110,9,0,81,46,90,123,19,127,101,26,15,111" hai3="48,32,67,92,4,1,133,68,28,27,75,117,99"/><U88/><E122/><V134/><F123/><W98/><G75/><T85/><D118/><U121/><E121/><V131/><F131/><W56/><G117/><T61/><D40/><U65/><E74/><V116/><F116/><W95/><G133/><T18/><D96/><U107/><E115/><V53/><F134/><W89/><G1/><T31/><D31/><U112/><E112/><V35/><F127/><W128/><G4/><T29/><D29/><U109/><E43/><V45/><F45/><W13/><G13/><T86/><D132/><U72/><E72/><V76/><F76/><W30/><G30/><T14/><D64/><U82/><E22/><V73/><F26/><W104/><G104/><T36/><D84/><N who="1" m="50199" /><E65/><V135/><F35/><W49/><G68/><T126/><D14/><U105/><E105/><V33/><F33/><W93/><G93/><T23/><D23/><U83/><E83/><V77/><F135/><W130/><G130/><T124/><REACH who="0" step="1"/><D52/><REACH who="0" ten="204,275,327,184" step="2"/><U79/><E54/><V106/><F53/><W129/><G129/><T69/><D69/><U71/><E71/><V17/><F73/><W34/><G128/><T37/><AGARI ba="1,1" hai="2,3,5,6,16,18,36,37,61,63,85,86,124,126" machi="37" ten="25,8000,1" yaku="1,1,0,1,22,2,54,1,53,0" doraHai="47" doraHaiUra="62" who="0" fromWho="0" sc="204,93,275,-41,327,-21,184,-21" /><INIT seed="6,0,0,2,5,4" ten="297,234,306,163" oya="2" hai0="129,131,82,67,45,115,122,24,71,26,2,100,55" hai1="0,74,22,95,93,104,101,80,46,1,65,34,62" hai2="86,76,25,10,3,69,16,84,125,8,109,85,19" hai3="27,48,116,78,32,66,96,37,124,68,7,103,72"/><V36/><F69/><W51/><G116/><T6/><D122/><U98/><E95/><V23/><F36/><W15/><G37/><T119/><D115/><U28/><E22/><N who="2" m="13511" /><F3/><W111/><G78/><T88/><D100/><U11/><E93/><V89/><F125/><W110/><G72/><T90/><D119/><U83/><E46/><V29/><F29/><W40/><G124/><T130/><D67/><U128/><E128/><V79/><F109/><W81/><G81/><T106/><D71/><U135/><E135/><V133/><F133/><W99/><G40/><T43/><D55/><U92/><E92/><N who="2" m="54311" /><F86/><W114/><G68/><T117/><D106/><U102/><E1/><V97/><F97/><W60/><G32/><T123/><D123/><U77/><E28/><V30/><F30/><W87/><G87/><N who="0" m="50295" /><D90/><U107/><E34/><V75/><F75/><W120/><G120/><T41/><D117/><U39/><E39/><V108/><F108/><W38/><G38/><N who="0" m="21687" /><D43/><U63/><E74/><V91/><F91/><W113/><G103/><T44/><D2/><U33/><E33/><V9/><F85/><W61/><G66/><T20/><D131/><U47/><E102/><V70/><F70/><W13/><REACH who="3" step="1"/><G27/><AGARI ba="0,0" hai="8,9,10,19,23,27,76,79" m="54311,13511" machi="27" ten="30,12000,1" yaku="8,1,52,3,54,1" doraHai="4" who="2" fromWho="3" sc="297,0,234,0,306,120,163,-120" /><INIT seed="6,1,0,5,3,50" ten="297,234,426,43" oya="2" hai0="44,101,38,5,54,46,123,97,86,80,39,84,56" hai1="92,94,110,83,114,17,125,13,2,115,49,47,105" hai2="11,102,61,36,96,126,119,31,117,45,25,68,74" hai3="66,64,34,55,57,73,28,129,77,121,108,24,23"/><V109/><F74/><W132/><G108/><T4/><D123/><U19/><E2/><V79/><F79/><W95/><G121/><T78/><D86/><U71/><E71/><V3/><F109/><W9/><G132/><T41/><D44/><U67/><E67/><N who="2" m="41071" /><F126/><W10/><G129/><T120/><D39/><U62/><E62/><V88/><F88/><W0/><G95/><T22/><D22/><U33/><E33/><N who="2" m="20719" /><F96/><W118/><G118/><T106/><REACH who="0" step="1"/><D120/><REACH who="0" ten="287,234,426,43" step="2"/><U76/><E110/><V134/><F45/><W63/><G23/><T85/><D85/><U99/><E125/><V51/><F36/><W69/><G73/><T124/><D124/><U103/><E115/><V8/><F119/><W128/><G77/><T26/><D26/><U89/><E114/><V65/><F117/><W113/><G113/><T116/><D116/><U15/><E76/><V107/><F134/><W75/><G75/><T122/><D122/><U98/><E83/><V35/><F35/><W18/><G24/><T111/><D111/><U48/><E47/><V27/><F27/><W14/><G34/><T30/><D30/><U12/><E105/><V82/><F107/><W59/><G28/><T93/><D93/><U70/><E70/><V16/><F82/><W53/><G69/><T43/><D43/><U104/><E104/><V6/><F8/><W37/><G37/><T29/><D29/><U60/><E94/><V58/><F11/><W135/><G9/><T133/><D133/><U1/><E92/><V112/><F112/><W21/><G135/><T127/><D127/><U81/><E81/><RYUUKYOKU ba="1,1" sc="287,30,234,-10,426,-10,43,-10" hai0="4,5,38,41,46,54,56,78,80,84,97,101,106" /><INIT seed="7,2,1,2,1,20" ten="317,224,416,33" oya="3" hai0="91,125,114,35,47,40,10,25,120,48,130,97,106" hai1="58,67,72,128,124,22,84,17,24,4,0,19,93" hai2="12,63,46,127,131,15,94,18,135,37,109,68,79" hai3="29,71,21,9,54,80,123,56,82,81,5,98,65"/><W112/><G123/><T43/><D120/><U60/><E72/><V64/><F109/><W122/><G122/><T86/><D130/><U14/><E128/><V45/><F131/><W92/><G112/><T51/><D125/><U6/><E0/><V117/><F117/><W23/><G71/><T31/><D114/><U75/><E75/><V89/><F127/><W77/><G77/><T13/><D97/><U59/><E59/><V32/><F32/><W57/><G65/><T76/><D106/><U101/><E124/><V73/><F135/><W88/><G29/><T69/><D76/><U39/><E39/><V100/><F100/><W121/><G121/><T62/><D62/><U74/><E74/><V38/><F38/><W3/><REACH who="3" step="1"/><G57/><REACH who="3" ten="317,224,416,23" step="2"/><T95/><D69/><U132/><E132/><V34/><F79/><W83/><N who="3" m="20480" /><DORA hai="102" /><W8/><G8/><T116/><D10/><U7/><E58/><V78/><F78/><W108/><G108/><T115/><D31/><U41/><E67/><V55/><F73/><W66/><G66/><T2/><D115/><U99/><E4/><V107/><F64/><W11/><G11/><T16/><D16/><U118/><E19/><V105/><F18/><W26/><G26/><T70/><D25/><U27/><E27/><V36/><F68/><W133/><G133/><T85/><D70/><U52/><E24/><V53/><F34/><W30/><G30/><T110/><D35/><U119/><E7/><V96/><F36/><W49/><AGARI ba="2,2" hai="3,5,9,21,23,49,54,56,88,92,98" m="20480" machi="49" ten="40,12000,1" yaku="1,1,0,1,54,1,53,1" doraHai="20,102" doraHaiUra="87,42" who="3" fromWho="3" sc="317,-42,224,-42,416,-42,23,146" /><INIT seed="7,3,0,2,4,45" ten="275,182,374,169" oya="3" hai0="84,94,85,73,23,72,52,6,56,65,67,83,9" hai1="28,133,39,104,125,88,46,121,19,92,93,70,82" hai2="57,76,90,114,119,95,62,51,13,127,54,26,63" hai3="98,107,135,105,108,21,38,58,50,128,14,79,4"/><W99/><G38/><T40/><D40/><U116/><E121/><V3/><F119/><W35/><G35/><T48/><D72/><U131/><E70/><V11/><F3/><W115/><G79/><T31/><D73/><U41/><E104/><V34/><F114/><W20/><G115/><T124/><D124/><U66/><E66/><V24/><F76/><W75/><G75/><T91/><D31/><U27/><E125/><V101/><F101/><W134/><G128/><T16/><D9/><U74/><E19/><V29/><F26/><W25/><G108/><T22/><D22/><N who="3" m="8809" /><G25/><N who="0" m="14567" /><D6/><U18/><E131/><V89/><F89/><AGARI ba="3,0" hai="48,52,56,65,67,83,84,85,89,91,94" m="14567" machi="89" ten="30,7700,0" yaku="8,1,52,1,54,2" doraHai="45" who="0" fromWho="2" sc="275,86,182,0,374,-86,169,0" owari="361,46.0,182,-22.0,288,9.0,169,-33.0" /></mjloggm>