<mjloggm ver="2.3"><GO type="169" lobby="0"/><UN n0="%E6%97%A5%E6%9B%9C%E6%97%A5%E3%82%88%E3%82%8A%E3%81%AE%E4%BD%BF%E8%80%85" n1="%E9%9D%92%E7%8C%AB" n2="%E3%83%88%E3%83%88%E3%83%AA%E5%85%88%E7%94%9F%31%39%E6%AD%B3" n3="%E7%8E%A9%E5%80%8B%4A%42" dan="16,16,19,17" rate="2117.31,2124.84,2283.60,2119.49" sx="M,M,F,M"/><TAIKYOKU oya="0"/><INIT seed="0,0,0,3,2,69" ten="250,250,250,250" oya="0" hai0="71,89,93,125,12,78,106,42,52,50,133,103,1" hai1="128,10,17,60,113,70,127,7,135,74,90,8,84" hai2="66,31,49,75,83,131,40,5,54,115,111,86,88" hai3="18,99,134,68,101,92,43,34,14,22,41,24,98"/><T107/><D1/><U65/><E74/><V46/><F111/><W130/><G130/><T21/><D71/><U129/><E135/><V6/><F131/><N who="1" m="50249" /><E127/><V85/><F115/><W118/><G134/><T44/><D133/><U25/><E113/><V91/><F75/><W76/><G118/><T73/><D103/><U82/><E7/><V87/><F66/><W67/><G76/><T79/><D125/><U48/><E48/><V126/><F126/><W55/><G55/><T27/><D12/><U105/><E105/><V28/><F86/><W58/><G58/><T64/><D64/><U119/><E119/><V112/><F112/><W3/><G99/><T80/><D78/><U33/><E17/><V81/><F54/><W4/><G67/><T63/><D63/><U47/><E47/><V104/><F104/><W62/><G62/><T56/><D44/><U23/><E23/><V102/><F102/><W16/><G68/><T110/><D42/><U20/><E20/><V9/><REACH who="2" step="1"/><F6/><REACH who="2" ten="250,250,240,250" step="2"/><W100/><G100/><T121/><D110/><U15/><E65/><V114/><F114/><W51/><G4/><T39/><D107/><U2/><E70/><V38/><F38/><W36/><G36/><T53/><D106/><U97/><E84/><V95/><F95/><W35/><G92/><T37/><D53/><U59/><E97/><V19/><F19/><W122/><G98/><N who="0" m="57647" /><D121/><U120/><E120/><V11/><F11/><W72/><G18/><N who="0" m="12727" /><D37/><U0/><E10/><V45/><F45/><N who="3" m="26031" /><G101/><T26/><D39/><U123/><E123/><V96/><F96/><W61/><G122/><RYUUKYOKU ba="0,1" sc="250,15,250,-15,240,15,250,-15" hai0="26,50,52,56,73,79,80" hai2="5,9,28,31,40,46,49,81,83,85,87,88,91" /><INIT seed="0,1,1,2,0,87" ten="265,235,255,235" oya="0" hai0="50,54,63,129,85,73,24,43,106,130,16,93,23" hai1="62,56,39,60,57,0,121,28,131,104,78,95,65" hai2="79,77,90,117,84,61,76,120,105,110,6,100,18" hai3="103,49,9,66,127,10,81,70,107,64,67,98,12"/><T115/><D106/><U32/><E104/><V13/><F120/><W38/><G38/><T114/><D73/><U22/><E32/><V133/><F110/><W55/><G127/><T14/><D43/><U113/><E0/><V52/><F133/><W3/><G3/><T58/><D63/><U88/><E121/><V135/><F135/><W47/><G70/><T83/><D24/><N who="1" m="16407" /><E39/><V96/><F117/><W99/><G99/><T128/><REACH who="0" step="1"/><D93/><REACH who="0" ten="255,235,255,235" step="2"/><U25/><E25/><V31/><F61/><W44/><G107/><T74/><D74/><U46/><E62/><V30/><F52/><W27/><G27/><T118/><D118/><U109/><E95/><V53/><F53/><W132/><G132/><T86/><D86/><U41/><E41/><V91/><F84/><W20/><G55/><T45/><D45/><U69/><E46/><V37/><F37/><W94/><G47/><T51/><D51/><U8/><E60/><V40/><F40/><W34/><G44/><T111/><D111/><U68/><E109/><V15/><F31/><W11/><G34/><T80/><D80/><U35/><E35/><V29/><F30/><W48/><G81/><T125/><D125/><U97/><E69/><V75/><F29/><W122/><G122/><T134/><D134/><U92/><E68/><V19/><F75/><W1/><G1/><T101/><D101/><U2/><E2/><V72/><F72/><W7/><G103/><T4/><D4/><U116/><E116/><V26/><F26/><W5/><G5/><T108/><D108/><U36/><E36/><V123/><F123/><RYUUKYOKU ba="1,2" sc="255,30,235,-10,255,-10,235,-10" hai0="14,16,23,50,54,58,83,85,114,115,128,129,130" /><INIT seed="0,2,2,2,0,74" ten="285,225,245,225" oya="0" hai0="126,125,70,37,22,117,23,79,75,99,112,5,101" hai1="34,43,129,2,18,32,119,40,73,30,103,36,91" hai2="92,6,132,27,118,24,135,114,13,44,111,39,72" hai3="1,68,133,113,45,54,4,78,38,64,96,31,62"/><T51/><D37/><U86/><E36/><V56/><F114/><W60/><G113/><T89/><D112/><U0/><E119/><V46/><F111/><W124/><G124/><N who="0" m="47723" /><D117/><U3/><E103/><V134/><F118/><W20/><G133/><T35/><D35/><U42/><E73/><V76/><F92/><W85/><G96/><T90/><D70/><U69/><E69/><V8/><F56/><W14/><G1/><T19/><D5/><U63/><E129/><V12/><F12/><W94/><G94/><N who="0" m="58615" /><D51/><U84/><E63/><V7/><F7/><W49/><G62/><T52/><D52/><U105/><E34/><V130/><F130/><W102/><G38/><T107/><D107/><U61/><E105/><V122/><F122/><W57/><G68/><T41/><D41/><U15/><E61/><V83/><F44/><W80/><G4/><T115/><D115/><U95/><E32/><V81/><F81/><W47/><G47/><T55/><D55/><U100/><E43/><AGARI ba="2,2" hai="6,8,13,24,27,39,43,46,72,76,83,132,134,135" machi="43" ten="40,2600,0" yaku="20,1,52,1" doraHai="74" who="2" fromWho="1" sc="285,0,225,-32,245,52,225,0" /><INIT seed="1,0,0,1,1,20" ten="285,193,297,225" oya="1" hai0="64,11,21,77,98,84,38,122,107,127,52,97,61" hai1="95,16,27,28,1,44,74,42,43,37,73,129,72" hai2="94,120,81,55,48,82,69,39,51,103,34,78,14" hai3="49,117,71,26,99,9,113,91,18,85,125,119,131"/><U106/><E106/><V13/><F120/><W134/><G113/><T101/><D38/><U46/><E1/><V15/><F69/><W80/><G71/><T90/><D122/><U30/><E129/><V104/><F104/><W89/><G131/><T79/><D127/><U10/><E95/><V36/><F34/><W100/><G125/><T0/><D98/><U17/><E10/><V31/><F31/><W22/><G134/><T24/><D11/><U66/><E66/><V111/><F111/><W133/><G133/><T23/><D0/><U7/><E7/><V121/><F121/><W45/><G91/><T47/><D21/><U67/><E67/><V75/><F51/><W128/><G9/><T40/><D40/><U65/><E65/><V8/><F8/><W105/><REACH who="3" step="1"/><G128/><REACH who="3" ten="285,193,297,215" step="2"/><T32/><D90/><U5/><E5/><V92/><F103/><W132/><G132/><T93/><D101/><U108/><E108/><V70/><F70/><W96/><G96/><T115/><D97/><U109/><E109/><V56/><F82/><W63/><G63/><T112/><D61/><U59/><E59/><V25/><F81/><W3/><G3/><T41/><D115/><U124/><E124/><V68/><F68/><W87/><G87/><T76/><D84/><U50/><REACH who="1" step="1"/><E30/><REACH who="1" ten="285,183,297,215" step="2"/><V110/><F110/><W53/><AGARI ba="0,2" hai="18,22,26,45,49,53,80,85,89,99,100,105,117,119" machi="53" ten="30,4000,0" yaku="1,1,0,1,52,1,53,0" doraHai="20" doraHaiUra="54" who="3" fromWho="3" sc="285,-10,183,-20,297,-10,215,60" /><INIT seed="2,0,0,3,3,91" ten="275,163,287,275" oya="2" hai0="117,49,107,13,101,55,50,45,109,135,31,41,99" hai1="44,102,6,65,58,100,67,34,25,27,57,133,76" hai2="72,127,22,37,20,43,92,5,78,29,75,28,126" hai3="118,105,98,73,115,59,124,36,17,114,18,69,113"/><V46/><F5/><W122/><G118/><T85/><D117/><U38/><E76/><V42/><F78/><W71/><G122/><T64/><D109/><U120/><E6/><V32/><F32/><W83/><G36/><T61/><D135/><U130/><E44/><V51/><F51/><W90/><G59/><T79/><D31/><N who="2" m="11850" /><F46/><W84/><G73/><N who="2" m="28233" /><F37/><W54/><G54/><T89/><D13/><U86/><E38/><V1/><F1/><W116/><G116/><T4/><D4/><U88/><E120/><V128/><F92/><W93/><G105/><T33/><D79/><U111/><E133/><V48/><F48/><W129/><G129/><T39/><D33/><U121/><E121/><V21/><F128/><W106/><G106/><T10/><D10/><U68/><E130/><V0/><F0/><W24/><G124/><AGARI ba="0,0" hai="20,21,22,42,43,124,126,127" m="28233,11850" machi="124" ten="40,7700,0" yaku="28,2,18,1" doraHai="91" who="2" fromWho="3" sc="275,0,163,0,287,77,275,-77" /><INIT seed="2,1,0,1,2,47" ten="275,163,364,198" oya="2" hai0="86,36,58,122,131,51,60,49,116,114,103,130,98" hai1="70,101,13,24,41,102,31,78,61,87,71,100,1" hai2="48,133,39,34,79,74,121,9,77,0,135,72,104" hai3="83,46,113,7,35,89,76,63,44,52,118,32,134"/><V20/><F121/><W5/><G118/><T112/><D86/><U45/><E1/><V115/><F115/><N who="0" m="44074" /><D36/><U128/><E128/><N who="0" m="49193" /><D122/><U81/><E13/><V73/><F34/><W129/><G129/><T54/><D116/><U38/><REACH who="1" step="1"/><E61/><REACH who="1" ten="275,153,364,198" step="2"/><V57/><F0/><W23/><G63/><T11/><D11/><U111/><E111/><V28/><F9/><W17/><G113/><T25/><D25/><U19/><E19/><V110/><F110/><W123/><G123/><T127/><D127/><U68/><E68/><V56/><F133/><W90/><G134/><T2/><D2/><U10/><E10/><V53/><F135/><W64/><G35/><AGARI ba="1,1" hai="24,31,35,38,41,45,70,71,78,81,87,100,101,102" machi="35" ten="40,2600,0" yaku="1,1,53,1" doraHai="47" doraHaiUra="75" who="1" fromWho="3" sc="275,0,153,39,364,0,198,-29" /><INIT seed="3,0,0,2,3,64" ten="275,192,364,169" oya="3" hai0="72,53,128,1,83,124,42,2,102,33,44,112,31" hai1="87,12,43,111,97,86,131,130,9,29,8,50,23" hai2="91,25,104,96,100,20,126,56,93,66,32,35,62" hai3="122,120,37,14,79,46,110,115,114,105,28,82,58"/><W88/><G105/><T76/><D124/><U67/><E97/><V85/><REACH who="2" step="1"/><F126/><REACH who="2" ten="275,192,354,169" step="2"/><W57/><G115/><T47/><D112/><U103/><E131/><V98/><F98/><W7/><G114/><T41/><D128/><U63/><E130/><V125/><F125/><W89/><G122/><T36/><D1/><U101/><E111/><V77/><F77/><W75/><G120/><T117/><D2/><U78/><E78/><V74/><F74/><W65/><G110/><T99/><D76/><U30/><E87/><V70/><F70/><W129/><G129/><T5/><D99/><U38/><E86/><V73/><F73/><W17/><G75/><T4/><D72/><U92/><E103/><V52/><F52/><W21/><G79/><T6/><D53/><U113/><E101/><V134/><F134/><W135/><G135/><T39/><D102/><U15/><E113/><V61/><F61/><W26/><G82/><T121/><D83/><U80/><E63/><V84/><F84/><W60/><G7/><T123/><D117/><U24/><E80/><V11/><F11/><W16/><G17/><AGARI ba="0,1" hai="17,20,25,32,35,56,62,66,85,91,93,96,100,104" machi="17" ten="30,3900,0" yaku="21,2,7,1,53,0" doraHai="64" doraHaiUra="34" who="2" fromWho="3" sc="275,0,192,0,354,49,169,-39" /><INIT seed="4,0,0,4,4,26" ten="275,192,403,130" oya="0" hai0="0,65,41,79,133,75,1,74,36,35,8,4,15" hai1="14,40,54,21,17,10,114,22,131,118,71,97,99" hai2="63,101,12,120,57,33,82,31,61,125,109,94,105" hai3="124,50,113,86,96,84,29,88,108,80,58,53,28"/><T123/><D123/><U107/><E71/><V13/><F109/><W122/><G108/><T103/><D35/><U44/><E118/><V66/><F120/><W72/><G72/><T20/><D133/><U62/><E131/><V59/><F125/><W9/><G122/><T100/><D65/><U89/><E114/><V134/><F105/><W119/><G119/><T56/><D56/><N who="1" m="35095" /><E107/><V73/><F134/><W25/><G113/><T129/><D129/><U32/><E32/><V112/><F112/><W69/><G124/><T77/><D77/><U55/><E40/><V110/><F110/><W78/><G69/><T52/><D52/><U60/><E89/><V48/><F48/><W49/><G9/><T81/><D75/><U111/><E111/><V34/><F82/><N who="3" m="47191" /><G25/><T93/><D93/><U106/><E106/><V91/><F73/><W104/><G104/><T46/><D0/><U18/><E10/><V3/><F3/><W85/><G96/><T42/><D42/><U16/><E18/><AGARI ba="0,0" hai="1,4,8,15,18,20,36,41,46,74,79,81,100,103" machi="18" ten="40,3900,0" yaku="25,2" doraHai="26" who="0" fromWho="1" sc="275,39,192,-39,403,0,130,0" /><INIT seed="4,1,0,4,1,8" ten="314,153,403,130" oya="0" hai0="96,42,19,97,66,108,50,37,106,116,99,84,31" hai1="102,48,114,54,49,55,59,72,3,65,129,45,127" hai2="38,1,78,91,119,12,133,56,109,22,64,40,4" hai3="24,101,113,30,125,46,33,51,118,111,85,0,63"/><T89/><D116/><U25/><E72/><V14/><F109/><W74/><G111/><T60/><D108/><U75/><E75/><V71/><F71/><W105/><G118/><T43/><D37/><U9/><E102/><V135/><F119/><W34/><G74/><T122/><D106/><U95/><E129/><V117/><F117/><W121/><G113/><T126/><D122/><U58/><E114/><V26/><F78/><W87/><G121/><T103/><D103/><U2/><E127/><V13/><F91/><W123/><G123/><T52/><D31/><U79/><E79/><V18/><F40/><W134/><G125/><T120/><D19/><U68/><E45/><V62/><F38/><W7/><G34/><T115/><D115/><U104/><E104/><V90/><F1/><W47/><G134/><N who="2" m="51209" /><F90/><W110/><G110/><T57/><D126/><U124/><E124/><V100/><F100/><W29/><G29/><T10/><D10/><AGARI ba="1,0" hai="4,10,12,13,14,18,22,26,56,62,64" m="51209" machi="10" ten="30,7700,0" yaku="20,1,52,3" doraHai="8" who="2" fromWho="0" sc="314,-80,153,0,403,80,130,0" /><INIT seed="5,0,0,1,4,101" ten="234,153,483,130" oya="1" hai0="83,69,64,33,92,73,134,15,36,102,3,28,20" hai1="47,7,109,99,123,13,112,81,54,89,127,82,27" hai2="61,49,65,84,116,35,40,62,77,76,95,30,6" hai3="37,57,104,18,21,94,1,114,60,131,132,19,41"/><U5/><E123/><V22/><F116/><W93/><G1/><T0/><D36/><U71/><E71/><V78/><F35/><W107/><G114/><T111/><D111/><U88/><E112/><V50/><F6/><N who="1" m="2057" /><E127/><V119/><F119/><W23/><G132/><T125/><D69/><U74/><E74/><V46/><F65/><W100/><G131/><T32/><D73/><U2/><E2/><V85/><F50/><W106/><G41/><T115/><D0/><U55/><E109/><V135/><F135/><W17/><G37/><T113/><D3/><U87/><E47/><V67/><F67/><W105/><N who="3" m="26624" /><DORA hai="51" /><W11/><G11/><T70/><D70/><U117/><E117/><V122/><F122/><W63/><G100/><T130/><D33/><U34/><E34/><V133/><F133/><W42/><G42/><T4/><D32/><U16/><E27/><N who="2" m="16759" /><F95/><N who="3" m="36363" /><G57/><T26/><D134/><U56/><E56/><V129/><F129/><W29/><G29/><T24/><D130/><U126/><E99/><V45/><F45/><W120/><G120/><T75/><D75/><U14/><E14/><V68/><F68/><W48/><G48/><T43/><D115/><U103/><E103/><V9/><F49/><W110/><G110/><T52/><D113/><U128/><E128/><V58/><F58/><W38/><G38/><T97/><D102/><U10/><E55/><V90/><F46/><W25/><G25/><T66/><D26/><U8/><E54/><V124/><F40/><W80/><G80/><T79/><D43/><U86/><E8/><V121/><F9/><RYUUKYOKU ba="0,0" sc="234,-15,153,15,483,-15,130,15" hai1="10,13,16,81,82,86,87,88,89,126" hai3="17,18,19,21,23,60,63" /><INIT seed="5,1,0,5,1,37" ten="219,168,468,145" oya="1" hai0="105,121,6,70,112,127,15,61,43,104,8,33,77" hai1="29,66,55,130,82,41,126,5,129,16,59,7,95" hai2="46,124,115,123,42,88,111,30,19,64,120,3,86" hai3="48,84,122,87,56,102,134,34,13,2,10,78,135"/><U107/><E107/><V101/><F111/><W97/><G122/><T14/><D33/><U20/><E66/><V27/><F3/><W68/><G68/><T98/><D121/><U4/><E29/><V39/><F124/><W92/><G34/><T110/><D110/><U100/><E82/><V54/><F115/><W69/><G69/><T133/><D77/><U21/><E126/><V12/><F101/><W67/><G2/><T25/><D25/><U72/><E72/><V117/><F64/><W18/><G78/><T0/><D98/><N who="1" m="59487" /><E41/><V125/><F125/><W65/><G65/><T131/><D43/><U128/><E16/><V76/><F76/><W91/><G48/><AGARI ba="1,0" hai="4,5,7,20,21,48,55,59,128,129,130" m="59487" machi="48" ten="40,2000,0" yaku="19,1" doraHai="37" who="1" fromWho="3" sc="219,0,168,23,468,0,145,-23" /><INIT seed="5,2,0,1,1,21" ten="219,191,468,122" oya="1" hai0="52,45,81,87,79,60,112,19,59,62,119,15,26" hai1="36,123,110,63,28,51,22,20,130,73,107,89,0" hai2="97,113,75,78,14,31,127,44,77,25,11,4,48" hai3="96,34,85,5,111,61,106,80,1,70,17,29,114"/><U3/><E123/><V95/><F127/><W98/><G111/><T69/><D119/><U50/><E107/><V47/><F113/><W43/><G43/><T32/><D112/><U38/><E73/><V126/><F126/><W99/><G114/><T6/><D6/><U109/><E89/><V116/><F116/><W131/><G17/><T93/><D45/><U88/><E88/><N who="2" m="55527" /><F47/><W42/><G42/><T40/><D40/><U122/><E63/><V7/><F7/><W33/><G131/><T72/><D72/><U18/><E122/><V46/><F46/><W71/><G106/><T105/><D105/><U10/><E18/><V135/><F75/><W74/><G74/><T94/><D69/><U54/><E28/><V49/><F135/><W115/><G115/><T83/><D83/><U57/><E10/><V86/><F86/><W13/><G1/><T8/><REACH who="0" step="1"/><D60/><REACH who="0" ten="209,191,468,122" step="2"/><U67/><E110/><V27/><F49/><W120/><G120/><T37/><D37/><U76/><E38/><V133/><F133/><W124/><G124/><T132/><D132/><U103/><E36/><V64/><F44/><W9/><G61/><T55/><D55/><U117/><E54/><V118/><F48/><W121/><G121/><T41/><D41/><U100/><E109/><V91/><F118/><W58/><G58/><T90/><D90/><U30/><E57/><V125/><F125/><W134/><G134/><T104/><D104/><U39/><E39/><V129/><F4/><W102/><G71/><T108/><D108/><U82/><E117/><V12/><F91/><W56/><G70/><RYUUKYOKU ba="2,1" sc="209,30,191,-10,468,-10,122,-10" hai0="8,15,19,26,32,52,59,62,79,81,87,93,94" /><INIT seed="6,3,1,0,4,100" ten="239,181,458,112" oya="2" hai0="61,109,72,0,25,118,18,99,63,34,120,27,112" hai1="78,23,128,50,102,87,130,11,98,122,37,110,73" hai2="91,116,62,41,79,125,21,113,65,92,103,88,105" hai3="33,97,17,22,134,57,13,30,95,2,90,67,9"/><V80/><F116/><W119/><G134/><T42/><D72/><U20/><E37/><V82/><F125/><W86/><G119/><T106/><D0/><U135/><E73/><V111/><F113/><W114/><G114/><T53/><D109/><U64/><E110/><V131/><F111/><W48/><G33/><T55/><D34/><U43/><E122/><V3/><F3/><W14/><G2/><T74/><D74/><U83/><E64/><V52/><F131/><N who="1" m="50217" /><E11/><V115/><F115/><W104/><G30/><T101/><D42/><U124/><E135/><V35/><F35/><W28/><G28/><T24/><D120/><U39/><E39/><V16/><F105/><W60/><G48/><T123/><D123/><U31/><E31/><V10/><F10/><W68/><G68/><T85/><D118/><U51/><E124/><V66/><F103/><W40/><G40/><T45/><D112/><U47/><E51/><V94/><F41/><W107/><REACH who="3" step="1"/><G86/><REACH who="3" ten="239,181,458,102" step="2"/><T76/><D85/><U19/><E19/><AGARI ba="3,2" hai="9,13,14,17,19,22,57,60,67,90,95,97,104,107" machi="19" ten="30,8000,1" yaku="1,1,2,1,7,1,52,2,53,0" doraHai="100" doraHaiUra="69" who="3" fromWho="1" sc="239,0,181,-89,458,0,102,109" /><INIT seed="7,0,0,4,1,123" ten="239,92,458,211" oya="3" hai0="48,21,19,75,102,18,96,104,41,25,130,57,106" hai1="125,9,71,13,15,43,91,109,70,47,0,27,30" hai2="79,113,89,52,12,34,58,100,93,60,62,7,95" hai3="35,51,24,20,72,86,17,83,118,99,73,105,33"/><W82/><G118/><T49/><D130/><U28/><E125/><V88/><F34/><W110/><G110/><T8/><D75/><U133/><E133/><V77/><F113/><W53/><G73/><T112/><D112/><U119/><E119/><V59/><F100/><W81/><G72/><T131/><D131/><U46/><E0/><V101/><F101/><W6/><G6/><T38/><D104/><U135/><E135/><V66/><F7/><W122/><G122/><T80/><D80/><U115/><E115/><V94/><F12/><W16/><G86/><T98/><D98/><U121/><E121/><V29/><F29/><W85/><G85/><T68/><D68/><U90/><E43/><V50/><F62/><W56/><G17/><T4/><D19/><U31/><E31/><V126/><F126/><W124/><G124/><T103/><D103/><U3/><E3/><V11/><F11/><W134/><G134/><T44/><D57/><U22/><E22/><V120/><F120/><W97/><G105/><T65/><D65/><U14/><E14/><AGARI ba="0,0" hai="4,8,14,18,21,25,38,41,44,48,49,96,102,106" machi="14" ten="30,1000,0" yaku="7,1" doraHai="123" who="0" fromWho="1" sc="239,10,92,-10,458,0,211,0" owari="249,5.0,82,-42.0,458,56.0,211,-19.0" /></mjloggm>