<mjloggm ver="2.3"><GO type="169" lobby="0"/><UN n0="%E3%83%A4%E3%82%AD%E3%83%B3" n1="%E3%82%AB%E3%83%9D%E3%83%8D%E5%9B%A3%E3%81%AE%E5%85%84%E8%B2%B4" n2="%E3%83%88%E3%83%88%E3%83%AA%E5%85%88%E7%94%9F%31%39%E6%AD%B3" n3="%31%33%36%74%6F%70" dan="16,19,19,16" rate="2194.50,2300.44,2327.63,2168.61" sx="M,M,F,M"/><TAIKYOKU oya="0"/><INIT seed="0,0,0,5,0,31" ten="250,250,250,250" oya="0" hai0="22,81,95,23,114,117,49,50,94,73,115,78,69" hai1="67,17,52,10,100,128,118,74,85,72,61,1,103" hai2="91,109,63,53,79,123,116,38,133,7,15,28,108" hai3="8,125,2,129,51,44,5,120,111,30,58,70,132"/><T19/><D117/><U126/><E118/><V60/><F116/><W46/><G70/><T104/><D104/><U54/><E126/><V122/><F38/><W110/><G125/><T135/><D69/><U16/><E128/><V33/><F79/><W0/><G129/><T24/><D135/><U14/><E1/><V130/><F130/><W20/><G132/><T88/><D95/><U41/><E41/><V45/><F133/><W112/><G0/><T4/><D4/><U92/><E74/><V11/><F91/><W97/><G112/><T18/><D115/><U37/><E72/><V83/><F83/><W107/><G58/><T96/><REACH who="0" step="1"/><D114/><REACH who="0" ten="240,250,250,250" step="2"/><U101/><E37/><V82/><F122/><W68/><G120/><T40/><D40/><U89/><REACH who="1" step="1"/><E17/><REACH who="1" ten="240,240,250,250" step="2"/><V26/><F123/><W13/><G5/><T71/><D71/><AGARI ba="0,2" hai="10,14,16,52,54,61,67,71,85,89,92,100,101,103" machi="71" ten="40,8000,1" yaku="1,1,2,1,54,2,53,1" doraHai="31" doraHaiUra="84" who="1" fromWho="0" sc="240,-80,240,100,250,0,250,0" /><INIT seed="1,0,0,0,1,90" ten="160,340,250,250" oya="1" hai0="54,44,13,10,122,77,48,60,132,81,57,6,50" hai1="92,61,63,80,125,43,12,14,24,25,49,135,2" hai2="4,111,103,78,31,56,40,129,85,121,39,9,123" hai3="124,15,7,29,38,70,59,86,88,112,115,131,27"/><U117/><E117/><V94/><F111/><W65/><G70/><T69/><D132/><U36/><E2/><V126/><F129/><W17/><G38/><T106/><D106/><U23/><E36/><V33/><F126/><W82/><G7/><T91/><D122/><U87/><E125/><V19/><F19/><W51/><G131/><T71/><D91/><N who="1" m="53375" /><E80/><V64/><F78/><W72/><G72/><T133/><D133/><U74/><E25/><V119/><F119/><W35/><G124/><T98/><D98/><U58/><E74/><V45/><F31/><W93/><G82/><T55/><REACH who="0" step="1"/><D60/><REACH who="0" ten="150,340,250,250" step="2"/><U99/><E99/><V62/><F123/><W47/><G65/><T37/><D37/><U128/><E61/><V120/><F103/><W1/><G1/><T75/><AGARI ba="0,1" hai="6,10,13,44,48,50,54,55,57,69,71,75,77,81" machi="75" ten="20,2700,0" yaku="1,1,0,1,7,1,53,0" doraHai="90" doraHaiUra="18" who="0" fromWho="0" sc="150,37,340,-13,250,-7,250,-7" /><INIT seed="2,0,0,0,1,19" ten="187,327,243,243" oya="2" hai0="69,83,54,127,100,56,106,48,17,43,105,88,75" hai1="33,45,67,60,52,84,70,132,50,119,121,30,129" hai2="16,53,128,20,78,39,37,126,10,101,68,0,122" hai3="34,118,125,47,92,76,55,72,35,21,103,81,5"/><V36/><F122/><W93/><G118/><T120/><D120/><U40/><E121/><V15/><F68/><W7/><G125/><T86/><D69/><U123/><E123/><V98/><F126/><W79/><G103/><T14/><D127/><U135/><E119/><V117/><F117/><W11/><G7/><T112/><D112/><U107/><E129/><V89/><F128/><W6/><G6/><T110/><D110/><U3/><E3/><V24/><F0/><W28/><G79/><T25/><D100/><U1/><E1/><V8/><F78/><W111/><G35/><T58/><D25/><U134/><E107/><V13/><F89/><W57/><G34/><T96/><D96/><U22/><E84/><V87/><F87/><W108/><G108/><T32/><BYE who="3" /><D32/><U29/><E33/><V91/><F91/><W38/><G38/><T90/><D43/><U133/><E133/><V130/><F130/><W85/><G85/><T63/><D75/><U27/><E29/><V61/><F53/><AGARI ba="0,0" hai="22,27,30,40,45,50,52,53,60,67,70,132,134,135" machi="53" ten="40,5200,0" yaku="20,1,52,1,54,1" doraHai="19" who="1" fromWho="2" sc="187,0,327,52,243,-52,243,0" /><INIT seed="3,0,0,2,0,118" ten="187,379,191,243" oya="3" hai0="72,0,134,48,131,53,126,64,12,55,46,50,9" hai1="76,105,104,58,67,109,115,35,43,127,123,135,81" hai2="84,96,121,74,47,56,110,11,122,80,24,4,68" hai3="70,124,40,60,71,78,65,82,62,117,14,39,61"/><W26/><G26/><T66/><D72/><U98/><E35/><V116/><F116/><W41/><G41/><T8/><D126/><U23/><E115/><V103/><F68/><W44/><G44/><T119/><D119/><U29/><E127/><V22/><F110/><W54/><G54/><T5/><D134/><U120/><E135/><V77/><F56/><W87/><G87/><T94/><D131/><U59/><E109/><V95/><F47/><W3/><G3/><T13/><D94/><U63/><E43/><V89/><F22/><W69/><G69/><T108/><D108/><U93/><E59/><V28/><F24/><W85/><G85/><T20/><D20/><U45/><E45/><V86/><F28/><W33/><G33/><T18/><D0/><U51/><E51/><V79/><F84/><W114/><G114/><T102/><D102/><U10/><E10/><V88/><F89/><W113/><G113/><T112/><D112/><U100/><E81/><V32/><F32/><W19/><G19/><T31/><D31/><U101/><E76/><V91/><F91/><W130/><G130/><T49/><D46/><U107/><E101/><V83/><REACH who="2" step="1"/><F103/><REACH who="2" ten="187,379,181,243" step="2"/><W90/><G90/><T2/><D2/><AGARI ba="0,1" hai="2,4,11,74,77,79,80,83,86,88,95,96,121,122" machi="2" ten="40,8000,1" yaku="1,1,2,1,52,2,54,1,53,0" doraHai="118" doraHaiUra="25" who="2" fromWho="0" sc="187,-80,379,0,181,90,243,0" /><INIT seed="4,0,0,0,2,90" ten="107,379,271,243" oya="0" hai0="22,130,59,55,124,86,73,113,126,77,53,40,117" hai1="135,33,47,63,121,67,94,120,36,12,106,98,18" hai2="103,111,56,20,127,99,68,6,131,129,39,16,82" hai3="83,61,48,26,128,37,81,50,70,44,84,25,79"/><T15/><D117/><U92/><E33/><V65/><F111/><W119/><G119/><T60/><D73/><U29/><E29/><V32/><F39/><W52/><G52/><T41/><D113/><U122/><E135/><V23/><F32/><W72/><G72/><T116/><D116/><U11/><E106/><V43/><F43/><W133/><G133/><T13/><D130/><N who="2" m="49674" /><F68/><W114/><G114/><T49/><D77/><U87/><E98/><V42/><F42/><N who="0" m="16490" /><D86/><U30/><E30/><V14/><F127/><N who="0" m="48682" /><D22/><U95/><E47/><AGARI ba="0,0" hai="13,15,47,49,53,55,59,60" m="48682,16490" machi="47" ten="30,1500,0" yaku="18,1" doraHai="90" who="0" fromWho="1" sc="107,15,379,-15,271,0,243,0" /><INIT seed="4,1,0,1,1,86" ten="122,364,271,243" oya="0" hai0="67,84,75,123,116,77,21,31,29,61,8,7,15" hai1="5,33,102,82,108,91,113,56,72,3,96,109,12" hai2="2,50,71,32,90,117,40,16,107,85,49,89,43" hai3="25,93,115,135,131,112,18,127,119,59,44,120,118"/><T121/><D75/><U42/><E33/><V52/><F2/><W60/><G60/><T9/><D116/><U28/><E28/><V130/><F32/><W19/><G19/><T4/><D121/><U92/><E3/><V11/><F71/><W37/><G37/><T100/><D100/><U64/><E113/><V38/><F38/><W114/><G114/><T104/><D104/><U57/><E42/><N who="2" m="15915" /><F107/><W68/><G68/><T13/><D123/><U99/><E5/><V124/><F124/><W17/><G17/><T46/><D21/><U23/><E23/><V133/><F130/><W45/><G45/><T20/><D46/><U88/><E12/><N who="2" m="7199" /><F133/><W27/><G27/><T48/><D20/><U65/><E72/><UN n3="%31%33%36%74%6F%70" /><V62/><F117/><W22/><G120/><T6/><D6/><U63/><E108/><V0/><F0/><W81/><G127/><T128/><D128/><U83/><E109/><V132/><F132/><W74/><G135/><T70/><REACH who="0" step="1"/><D48/><REACH who="0" ten="112,364,271,243" step="2"/><N who="2" m="18538" /><F85/><W103/><G131/><T26/><D26/><U36/><E36/><V51/><F62/><W80/><G118/><T53/><D53/><U66/><E63/><V58/><AGARI ba="1,1" hai="51,52,58,89,90" m="18538,7199,15915" machi="58" ten="30,8000,1" yaku="8,1,52,2,54,2" doraHai="86" who="2" fromWho="2" sc="112,-41,364,-21,271,93,243,-21" /><INIT seed="5,0,0,1,1,55" ten="71,343,364,222" oya="1" hai0="47,52,109,82,88,73,99,18,95,97,5,72,19" hai1="74,107,120,48,12,87,24,124,51,16,102,8,27" hai2="36,133,50,113,121,70,110,59,26,129,28,9,61" hai3="131,98,77,3,63,39,122,54,49,112,85,78,58"/><U123/><E74/><V57/><F110/><W43/><G3/><T46/><D109/><U37/><E37/><V53/><F121/><W89/><G122/><T90/><D5/><U119/><E119/><V29/><F36/><W101/><G112/><T118/><D82/><U100/><E124/><V71/><F113/><W65/><G131/><T92/><REACH who="0" step="1"/><D52/><REACH who="0" ten="61,343,364,222" step="2"/><U108/><E108/><V14/><F129/><W67/><G43/><T13/><D13/><U10/><E123/><V134/><F134/><W79/><G39/><T69/><D69/><U1/><E120/><V127/><F133/><W103/><G67/><T4/><D4/><U91/><E1/><V42/><F127/><W81/><REACH who="3" step="1"/><G98/><REACH who="3" ten="61,343,364,212" step="2"/><T76/><D76/><U128/><E128/><V23/><F42/><W45/><AGARI ba="0,2" hai="45,49,54,58,63,65,77,78,79,81,85,89,101,103" machi="45" ten="30,8000,1" yaku="1,1,2,1,0,1,8,1,52,1,53,0" doraHai="55" doraHaiUra="111" who="3" fromWho="3" sc="61,-20,343,-40,364,-20,212,100" /><INIT seed="6,0,0,4,4,20" ten="41,303,344,312" oya="2" hai0="76,121,87,31,61,96,102,48,120,25,0,21,131" hai1="108,54,2,18,106,72,47,97,85,6,69,68,41" hai2="17,4,23,82,16,51,75,79,93,74,43,35,123" hai3="22,115,127,71,99,38,98,58,70,49,101,92,91"/><V63/><F123/><W125/><G38/><T39/><D39/><U12/><E72/><V77/><F35/><W83/><G115/><T122/><D0/><U104/><E108/><V60/><F4/><W119/><G119/><T24/><D131/><U53/><E85/><V133/><F133/><W11/><G11/><T112/><D112/><U19/><E97/><V128/><F128/><W26/><G58/><T34/><D48/><U130/><E130/><V8/><F75/><W32/><G49/><T88/><D76/><N who="2" m="29258" /><F82/><W65/><G32/><T78/><D78/><U1/><E12/><N who="2" m="7175" /><F74/><W42/><G42/><T80/><D61/><U57/><E41/><V37/><F37/><W5/><G5/><T135/><D135/><U132/><E6/><V109/><F93/><W89/><G65/><T114/><D114/><U73/><E73/><V59/><F109/><W84/><G71/><T29/><REACH who="0" step="1"/><D122/><REACH who="0" ten="31,303,344,312" step="2"/><U64/><E132/><V124/><F63/><W134/><G134/><T116/><D116/><U52/><E1/><V55/><F60/><W62/><G62/><T90/><D90/><U105/><E2/><V50/><F50/><W14/><G70/><T95/><AGARI ba="0,1" hai="21,24,25,29,31,34,80,87,88,95,96,102,120,121" machi="95" ten="20,12000,2" yaku="1,1,0,1,7,1,52,2,54,1,53,0" doraHai="20" doraHaiUra="126" who="0" fromWho="0" sc="31,130,303,-30,344,-60,312,-30" /><INIT seed="7,0,0,0,4,123" ten="161,273,284,282" oya="3" hai0="90,34,46,70,115,100,118,82,36,74,113,120,126" hai1="55,130,76,83,112,108,125,44,99,20,91,92,66" hai2="114,117,127,27,31,133,69,19,56,101,87,72,47" hai3="2,14,45,81,50,15,88,33,111,40,135,10,62"/><W28/><G135/><T89/><D120/><U96/><E108/><V98/><F117/><W105/><G105/><T73/><D70/><U95/><E112/><N who="0" m="43081" /><D34/><U35/><E35/><V63/><F72/><N who="0" m="27754" /><D118/><U93/><E130/><V103/><F127/><W78/><G111/><T9/><D126/><U37/><E66/><V54/><F133/><W38/><G28/><T30/><D30/><U1/><E1/><V77/><F69/><W51/><G33/><T102/><D9/><U7/><E125/><V122/><F122/><W57/><G15/><T128/><D128/><U4/><E20/><V26/><F26/><W23/><G23/><T61/><D61/><U25/><E25/><V49/><F114/><W84/><G78/><T65/><D65/><U8/><E8/><V64/><F31/><W5/><G2/><T11/><D11/><U48/><E37/><V39/><F39/><W85/><G85/><N who="0" m="50359" /><D90/><U79/><E91/><V86/><F77/><W68/><G68/><T132/><D132/><U41/><E79/><V0/><F0/><W6/><G5/><T12/><D12/><U106/><E4/><V119/><F119/><W110/><G110/><T107/><D107/><U116/><E7/><V42/><F64/><AGARI ba="0,0" hai="6,10,14,38,40,45,50,51,57,62,64,81,84,88" machi="64" ten="30,2900,0" yaku="7,1,54,1" doraHai="123" who="3" fromWho="2" sc="161,0,273,0,284,-29,282,29" owari="161,-34.0,273,7.0,255,-14.0,311,41.0" /></mjloggm>