<mjloggm ver="2.3"><GO type="169" lobby="0"/><UN n0="%73%61%6B%75%72%61%31%73" n1="%E5%88%9D%E4%BB%A3%E5%BC%95%E7%94%B0%E5%A4%A9%E5%92%8C" n2="%E3%83%88%E3%83%88%E3%83%AA%E5%85%88%E7%94%9F%31%39%E6%AD%B3" n3="%41%54%4D%31%34%32%39" dan="16,16,19,16" rate="2103.85,2094.66,2293.67,2111.24" sx="M,M,F,M"/><TAIKYOKU oya="0"/><INIT seed="0,0,0,0,2,69" ten="250,250,250,250" oya="0" hai0="43,53,11,58,110,112,18,25,54,122,30,102,61" hai1="100,36,20,128,124,22,40,92,113,114,121,126,87" hai2="27,60,48,41,123,10,35,95,12,86,17,38,19" hai3="52,8,94,34,29,6,99,107,135,119,93,106,82"/><T44/><D112/><N who="1" m="43115" /><E121/><V46/><F123/><W39/><G119/><T55/><D122/><U45/><E128/><V108/><F108/><W78/><G135/><T47/><D110/><U1/><E1/><V64/><F95/><W63/><G39/><T49/><D102/><U32/><E32/><V9/><F86/><W21/><G34/><T23/><D47/><U125/><E100/><V101/><F101/><W37/><G37/><T51/><D61/><U118/><E118/><V16/><F48/><W96/><G94/><T90/><D90/><AGARI ba="0,0" hai="20,22,36,40,45,87,90,92,124,125,126" m="43115" machi="90" ten="40,5200,0" yaku="18,1,11,1,52,1" doraHai="69" who="1" fromWho="0" sc="250,-52,250,52,250,0,250,0" /><INIT seed="1,0,0,3,5,30" ten="198,302,250,250" oya="1" hai0="128,61,91,76,63,95,27,26,44,65,101,133,3" hai1="34,87,115,6,131,8,48,53,132,41,0,103,97" hai2="18,52,51,86,37,106,81,79,71,16,84,33,12" hai3="60,49,96,110,123,134,58,78,80,105,14,114,126"/><U62/><E115/><V72/><F106/><W15/><G110/><T55/><D133/><U19/><E131/><V11/><F71/><W5/><G134/><T68/><D128/><U130/><E130/><V107/><F107/><W120/><G114/><T10/><D101/><U1/><E132/><V119/><F119/><W111/><G111/><T82/><D3/><U98/><E98/><V77/><F37/><W94/><G126/><T64/><D10/><U23/><E41/><V36/><F36/><W40/><G96/><T73/><D55/><U57/><E87/><V99/><F99/><W43/><G94/><T121/><D44/><U112/><E112/><V129/><F129/><W39/><G39/><T35/><D121/><U89/><E89/><V113/><F113/><W93/><G93/><T102/><D102/><U20/><E1/><V9/><F33/><W29/><G105/><T88/><D35/><U117/><E117/><V124/><F124/><W25/><G120/><T17/><D17/><U21/><E34/><V116/><F116/><W54/><G5/><T22/><D95/><U50/><REACH who="1" step="1"/><E19/><REACH who="1" ten="198,292,250,250" step="2"/><V109/><F109/><W28/><G123/><T90/><REACH who="0" step="1"/><D22/><REACH who="0" ten="188,292,250,250" step="2"/><U118/><E118/><V46/><F77/><W59/><G43/><T125/><D125/><U67/><E67/><V31/><F31/><W42/><G29/><T104/><D104/><AGARI ba="0,2" hai="0,6,8,20,21,23,48,50,53,57,62,97,103,104" machi="104" ten="40,3900,0" yaku="1,1,53,1" doraHai="30" doraHaiUra="56" who="1" fromWho="0" sc="188,-39,292,59,250,0,250,0" /><INIT seed="1,1,0,3,3,104" ten="149,351,250,250" oya="1" hai0="12,30,47,135,42,111,132,128,64,75,45,116,54" hai1="112,89,29,88,2,18,15,107,20,95,90,74,17" hai2="9,66,21,65,23,115,41,119,62,50,36,4,5" hai3="117,14,82,35,98,25,102,27,131,109,86,114,33"/><U61/><E112/><V79/><F119/><W93/><G114/><T26/><D116/><U0/><E107/><V101/><F115/><W43/><G117/><T84/><D111/><U3/><E29/><V6/><F36/><W110/><G131/><T28/><D128/><U48/><E61/><V51/><F101/><W118/><G118/><T1/><D1/><U126/><E126/><V32/><F32/><W63/><G43/><T120/><D120/><U97/><E48/><N who="2" m="18475" /><F62/><W8/><G63/><T37/><D47/><U78/><REACH who="1" step="1"/><E18/><REACH who="1" ten="149,341,250,250" step="2"/><V67/><F41/><W105/><G105/><T44/><D42/><U70/><E70/><V133/><F133/><W69/><G69/><T122/><D135/><U103/><E103/><V19/><F19/><W34/><G110/><T7/><D132/><U121/><E121/><V72/><F67/><W55/><G109/><T127/><D64/><U80/><AGARI ba="1,1" hai="0,2,3,15,17,20,74,78,80,88,89,90,95,97" machi="80" ten="40,12000,1" yaku="1,1,0,1,52,1,54,1,53,0" doraHai="104" doraHaiUra="68" who="1" fromWho="1" sc="149,-41,341,133,250,-41,250,-41" /><INIT seed="1,2,0,1,0,19" ten="108,474,209,209" oya="1" hai0="126,71,133,78,101,31,0,119,92,54,90,69,109" hai1="53,115,110,8,116,39,132,100,76,52,28,26,2" hai2="111,64,131,41,118,47,12,14,129,70,62,107,84" hai3="135,17,128,32,61,103,125,23,130,83,9,29,50"/><U13/><E115/><V4/><F118/><W48/><G103/><T86/><D119/><U93/><E116/><V113/><F107/><W40/><G61/><T72/><D0/><U49/><E39/><V63/><F113/><W60/><G60/><T81/><D126/><U30/><E2/><V5/><F111/><W24/><G83/><T94/><D109/><U97/><E110/><V44/><F84/><W96/><G96/><T114/><D114/><U51/><E76/><V80/><F80/><W65/><G65/><T20/><D133/><U15/><E132/><V18/><F63/><W123/><G123/><T36/><D36/><U99/><E8/><V35/><F35/><W87/><G87/><T22/><D31/><U25/><REACH who="1" step="1"/><E93/><REACH who="1" ten="108,464,209,209" step="2"/><V38/><F38/><W3/><G135/><T46/><D94/><U122/><E122/><V127/><F127/><W45/><G125/><T1/><D1/><U66/><E66/><V82/><F64/><W106/><G106/><T16/><D92/><U33/><E33/><V104/><F104/><W75/><G3/><T124/><D78/><U98/><E98/><V73/><F131/><W117/><G117/><T77/><D77/><U11/><E11/><V21/><F129/><N who="3" m="49771" /><G9/><T102/><D124/><U67/><E67/><V37/><F37/><N who="3" m="21647" /><G75/><T57/><D72/><U120/><E120/><V79/><F73/><W134/><G134/><T10/><D10/><U58/><E58/><V7/><F79/><W55/><G32/><T56/><D57/><U43/><E43/><V68/><F41/><W105/><G105/><T112/><D56/><RYUUKYOKU ba="2,1" sc="108,-10,464,30,209,-10,209,-10" hai1="13,15,25,26,28,30,49,51,52,53,97,99,100" /><INIT seed="1,3,1,2,5,97" ten="98,494,199,199" oya="1" hai0="55,81,102,24,49,20,133,77,27,36,16,58,25" hai1="91,62,79,131,116,68,75,12,64,46,119,44,106" hai2="115,18,35,72,118,63,5,87,96,0,38,42,10" hai3="66,19,129,37,80,101,132,130,94,100,86,69,6"/><U7/><E131/><N who="3" m="50186" /><G37/><T89/><D133/><U128/><E128/><V135/><F118/><W59/><G69/><T4/><D36/><U65/><E91/><V33/><F72/><W67/><G94/><T92/><D4/><U111/><E65/><N who="3" m="24586" /><G132/><T47/><D102/><N who="3" m="39529" /><G19/><T23/><D47/><U17/><E46/><V112/><F18/><W2/><G6/><T14/><D81/><U126/><E17/><V1/><F5/><W127/><G59/><T41/><D77/><U60/><E68/><V99/><F38/><W95/><G95/><T76/><D76/><U61/><E79/><V113/><F113/><W125/><G2/><T43/><REACH who="0" step="1"/><D23/><REACH who="0" ten="88,494,199,199" step="2"/><U124/><E7/><V82/><F135/><W109/><G109/><T15/><D15/><U13/><E111/><V3/><F3/><W48/><G48/><T45/><D45/><U56/><E44/><V123/><F1/><W8/><G8/><T103/><D103/><U21/><E21/><V30/><F10/><W29/><G29/><T85/><AGARI ba="3,2" hai="14,16,20,24,25,27,41,43,49,55,58,85,89,92" machi="85" ten="30,12000,2" yaku="1,1,0,1,25,2,8,1,54,1,53,0" doraHai="97" doraHaiUra="70" who="0" fromWho="0" sc="88,149,494,-63,199,-33,199,-33" /><INIT seed="2,0,0,3,4,84" ten="237,431,166,166" oya="2" hai0="9,82,79,70,50,87,93,121,85,107,14,19,105" hai1="54,92,86,60,113,115,30,77,33,128,72,126,116" hai2="45,31,36,16,27,129,120,81,78,8,59,17,135" hai3="102,122,71,24,108,134,52,97,4,12,48,55,106"/><V2/><F120/><W23/><G122/><T133/><D133/><U37/><E116/><V114/><F114/><W130/><G134/><T25/><D70/><U20/><E33/><V94/><F135/><W18/><G71/><T51/><D121/><U47/><E72/><V89/><F129/><W104/><G130/><T124/><D124/><U74/><E74/><N who="2" m="43223" /><F59/><W22/><G108/><T118/><D118/><U10/><E54/><V34/><F94/><W40/><G104/><T44/><D25/><U80/><E20/><V69/><F69/><W26/><G26/><T11/><D11/><U66/><E10/><V96/><F96/><W127/><G4/><T101/><D51/><U98/><E92/><V83/><F83/><W29/><REACH who="3" step="1"/><G127/><REACH who="3" ten="237,431,166,156" step="2"/><T39/><D105/><U62/><E126/><V46/><F27/><W56/><G56/><T76/><D107/><U35/><E128/><V73/><F34/><W6/><G6/><T0/><D44/><AGARI ba="0,1" hai="12,18,22,23,24,29,40,44,48,52,55,97,102,106" machi="44" ten="40,5200,0" yaku="1,1,54,1,53,1" doraHai="84" doraHaiUra="99" who="3" fromWho="0" sc="237,-52,431,0,166,0,156,62" /><INIT seed="3,0,0,0,3,83" ten="185,431,166,218" oya="3" hai0="17,27,105,10,64,92,67,135,59,42,107,106,132" hai1="14,86,29,69,47,74,119,44,79,115,23,110,45" hai2="55,53,133,77,40,109,50,31,108,128,98,11,35" hai3="18,99,5,89,121,134,78,123,8,66,70,20,80"/><W1/><G134/><N who="0" m="51243" /><D42/><U39/><E115/><V62/><F133/><W96/><G70/><T102/><D59/><U101/><E69/><V43/><F128/><W88/><G66/><N who="0" m="25131" /><D92/><U0/><E74/><V75/><F11/><W46/><G46/><N who="1" m="18026" /><E0/><V111/><F50/><W37/><G37/><T56/><D56/><U22/><E39/><V49/><F49/><W93/><G96/><N who="0" m="61639" /><D10/><U95/><E47/><V60/><F98/><W68/><G89/><T12/><D12/><U124/><E14/><V117/><F117/><W41/><G41/><N who="2" m="15945" /><F77/><W9/><G9/><T90/><D90/><U16/><E79/><V30/><F75/><W19/><G68/><T131/><D131/><U100/><E95/><V4/><F35/><W113/><G113/><T54/><D54/><N who="2" m="20490" /><F4/><W24/><REACH who="3" step="1"/><G19/><REACH who="3" ten="185,431,166,208" step="2"/><T65/><D65/><U51/><E16/><V82/><F82/><W52/><G52/><T26/><D17/><U58/><E58/><V97/><F97/><W85/><AGARI ba="0,1" hai="1,5,8,18,20,24,78,80,85,88,93,99,121,123" machi="85" ten="20,18000,2" yaku="1,1,0,1,7,1,52,1,54,1,53,1" doraHai="83" doraHaiUra="34" who="3" fromWho="3" sc="185,-60,431,-60,166,-60,208,190" /><INIT seed="3,1,0,5,0,81" ten="125,371,106,398" oya="3" hai0="42,124,73,55,129,16,87,50,74,134,54,84,25" hai1="18,116,44,39,101,58,108,62,63,57,1,110,61" hai2="109,10,91,100,28,77,98,11,2,120,36,13,93" hai3="92,78,76,118,47,21,38,104,105,30,127,106,7"/><W65/><G118/><T94/><D42/><N who="1" m="22623" /><E18/><V72/><F109/><N who="1" m="42089" /><E101/><V103/><F120/><W96/><G65/><T128/><D94/><U9/><E9/><V26/><F36/><W135/><G21/><N who="0" m="13479" /><D124/><U12/><E12/><V117/><F117/><W4/><G30/><T82/><D134/><U40/><E1/><V27/><F27/><W102/><G135/><T83/><D74/><U75/><E75/><V17/><F77/><W8/><G127/><T95/><D95/><U46/><E116/><V70/><F70/><W15/><G7/><T31/><D31/><U68/><E68/><V113/><F113/><W64/><G106/><T123/><D123/><U3/><E3/><V0/><F72/><W97/><G105/><T85/><D73/><U133/><E133/><V89/><F100/><W107/><G107/><T69/><D69/><U43/><E43/><V49/><F2/><W6/><G6/><T90/><D90/><U122/><E122/><V53/><F10/><W88/><G78/><T79/><D79/><U37/><AGARI ba="1,0" hai="37,40,46,57,58,61,62,63" m="42089,22623" machi="37" ten="30,4000,0" yaku="14,1,34,2" doraHai="81" who="1" fromWho="1" sc="125,-11,371,43,106,-11,398,-21" /><INIT seed="4,0,0,3,0,131" ten="114,414,95,377" oya="0" hai0="47,110,115,108,34,74,11,17,113,88,53,35,23" hai1="8,46,12,56,10,123,67,112,82,51,76,78,122" hai2="116,127,90,42,119,64,44,125,89,111,55,83,79" hai3="28,30,73,100,75,61,16,129,94,130,77,69,6"/><T106/><D74/><U102/><E102/><V3/><F3/><W84/><G6/><T25/><D106/><U15/><E56/><V43/><F111/><N who="0" m="42538" /><D47/><U70/><E67/><V80/><F64/><W60/><G69/><T104/><D104/><U101/><E101/><V134/><F55/><W97/><G75/><T52/><D11/><U40/><E70/><V92/><F44/><W57/><G73/><T109/><N who="0" m="42546" /><T135/><DORA hai="24" /><D135/><U50/><E82/><N who="2" m="31275" /><F79/><W85/><G77/><T63/><D63/><U45/><E112/><N who="0" m="43081" /><D88/><N who="2" m="33898" /><F92/><W120/><G60/><T128/><D128/><U31/><E40/><N who="2" m="15403" /><F134/><W22/><G130/><T41/><D41/><U107/><E107/><V62/><F62/><W133/><G129/><T18/><D18/><U71/><E71/><V95/><F95/><W36/><G133/><T105/><D105/><U91/><E91/><V1/><F1/><W19/><G19/><T118/><D118/><AGARI ba="0,0" hai="116,118,119,125,127" m="15403,33898,31275" machi="118" ten="40,8000,1" yaku="28,2,12,1,54,1" doraHai="131,24" who="2" fromWho="0" sc="114,-80,414,0,95,80,377,0" /><INIT seed="5,0,0,5,3,103" ten="34,414,175,377" oya="1" hai0="83,69,87,111,3,24,59,125,67,56,23,13,129" hai1="20,122,41,29,40,21,65,57,33,4,119,27,25" hai2="72,102,43,80,7,68,110,36,38,97,34,18,55" hai3="109,64,0,60,71,5,82,6,10,112,93,123,76"/><U35/><E119/><V90/><F110/><W79/><G109/><T31/><D3/><U128/><E122/><V51/><F68/><W30/><G123/><T2/><D2/><U45/><E128/><V28/><F7/><W134/><G112/><T19/><D111/><U53/><E65/><V84/><F43/><W104/><G104/><T74/><D74/><U49/><E4/><V130/><F130/><W133/><G6/><T96/><D129/><U92/><E92/><V121/><F121/><W52/><G30/><T66/><D125/><U118/><E118/><V37/><F28/><W108/><G108/><T127/><D127/><U63/><REACH who="1" step="1"/><E41/><REACH who="1" ten="34,404,175,377" step="2"/><V81/><F81/><W50/><G93/><T101/><D67/><U61/><E61/><V115/><F115/><W135/><REACH who="3" step="1"/><G82/><REACH who="3" ten="34,404,175,367" step="2"/><T113/><D113/><U107/><E107/><V78/><F80/><W11/><G11/><T88/><D66/><U94/><E94/><V15/><F55/><W105/><G105/><T85/><D69/><U39/><E39/><V120/><F37/><W14/><G14/><T42/><D42/><U73/><E73/><V32/><F38/><W132/><N who="3" m="33792" /><DORA hai="77" /><W95/><G95/><T1/><D1/><U131/><E131/><V98/><F36/><W54/><G54/><T70/><D70/><U44/><E44/><AGARI ba="0,2" hai="0,5,10,44,50,52,60,64,71,76,79" m="33792" machi="44" ten="70,8000,1" yaku="1,1,20,1,54,1,53,1" doraHai="103,77" doraHaiUra="117,47" who="3" fromWho="1" sc="34,0,404,-80,175,0,367,100" /><INIT seed="6,0,0,3,1,45" ten="34,324,175,467" oya="2" hai0="40,109,18,117,37,87,130,30,35,0,72,80,8" hai1="82,104,112,38,17,89,5,7,111,36,23,133,49" hai2="75,54,81,53,83,3,59,16,70,26,33,78,113" hai3="132,98,118,106,63,120,48,128,25,55,52,90,62"/><V116/><F116/><W125/><G120/><T21/><D109/><U27/><E111/><V31/><F3/><W121/><G121/><T57/><D117/><U99/><E104/><V14/><F113/><W44/><G128/><T12/><D130/><U19/><E133/><V20/><F70/><W6/><G132/><T2/><D72/><U11/><E38/><V68/><F68/><W85/><G125/><T76/><D37/><U129/><E36/><V86/><REACH who="2" step="1"/><F59/><REACH who="2" ten="34,324,165,467" step="2"/><W91/><G118/><T101/><D57/><U88/><E112/><V69/><F69/><W122/><G122/><T107/><D2/><U102/><E129/><V9/><F9/><W60/><G6/><T123/><D123/><U134/><E7/><V135/><F135/><W115/><G115/><T124/><D124/><U39/><E11/><V108/><F108/><W77/><G63/><T42/><D0/><U114/><E5/><V127/><F127/><W96/><G60/><T66/><D8/><U47/><E114/><V22/><F22/><W28/><G62/><T94/><D66/><U126/><E23/><V41/><F41/><W50/><G106/><T79/><D107/><U34/><E126/><V29/><F29/><W46/><G28/><T13/><D13/><U56/><E56/><V67/><F67/><W74/><G25/><T103/><D42/><U15/><E27/><V97/><F97/><W110/><G110/><T73/><D40/><U64/><E99/><V95/><F95/><N who="3" m="56447" /><G98/><T65/><D94/><U10/><E134/><V84/><F84/><W100/><G85/><T51/><D65/><RYUUKYOKU ba="0,1" sc="34,-10,324,-10,165,30,467,-10" hai2="14,16,20,26,31,33,53,54,75,78,81,83,86" /><INIT seed="6,1,1,0,5,51" ten="24,314,195,457" oya="2" hai0="10,42,95,129,31,9,41,36,122,14,101,4,26" hai1="88,46,75,65,48,83,134,28,120,63,110,87,100" hai2="24,6,127,60,58,66,45,1,102,105,43,5,50" hai3="52,107,99,18,117,93,118,35,11,126,62,90,56"/><V96/><F1/><W111/><G111/><T77/><D122/><U34/><E110/><V98/><F127/><W2/><G35/><T30/><D129/><U76/><E100/><V74/><F74/><W47/><G126/><T86/><D36/><U130/><E34/><V44/><F98/><W0/><G107/><T131/><D131/><U125/><E28/><V33/><F33/><W15/><REACH who="3" step="1"/><G47/><REACH who="3" ten="24,314,195,447" step="2"/><T113/><D113/><U71/><E125/><V69/><F44/><W97/><G97/><T115/><D115/><U13/><E46/><V79/><F79/><W119/><AGARI ba="1,2" hai="0,2,11,15,18,52,56,62,90,93,99,117,118,119" machi="119" ten="30,8000,1" yaku="1,1,0,1,52,1,54,1,53,1" doraHai="51" doraHaiUra="89" who="3" fromWho="3" sc="24,-21,314,-21,195,-41,447,103" /><INIT seed="7,0,0,4,1,120" ten="3,293,154,550" oya="3" hai0="29,114,101,112,127,81,49,132,99,105,12,134,129" hai1="18,60,11,65,79,45,100,57,102,50,61,98,44" hai2="80,111,93,6,126,125,33,5,113,73,109,43,34" hai3="31,56,20,9,115,71,1,72,124,122,96,76,30"/><W28/><G56/><T55/><D29/><U0/><E79/><V116/><F43/><W77/><G96/><T14/><D55/><U84/><E0/><V83/><F93/><W106/><G106/><T25/><D25/><U85/><E61/><V90/><F90/><W95/><G71/><T66/><D66/><U59/><E59/><V74/><REACH who="2" step="1"/><F113/><REACH who="2" ten="3,293,144,550" step="2"/><N who="0" m="43626" /><D49/><U131/><E50/><V32/><F32/><W24/><G95/><T48/><D48/><U3/><E100/><V62/><F62/><W17/><G72/><T19/><D14/><U104/><E102/><V53/><F53/><W26/><G77/><T110/><D12/><U108/><E60/><V88/><F88/><W13/><G76/><T16/><D19/><U107/><E18/><V35/><F35/><W118/><G115/><T22/><D16/><U87/><E65/><V89/><F89/><W123/><G118/><AGARI ba="0,1" hai="5,6,33,34,73,74,80,83,109,111,116,118,125,126" machi="118" ten="25,8000,1" yaku="1,1,22,2,52,2,53,0" doraHai="120" doraHaiUra="70" who="2" fromWho="3" sc="3,0,293,0,144,90,550,-80" owari="3,-50.0,293,9.0,234,-17.0,470,58.0" /></mjloggm>