<mjloggm ver="2.3"><GO type="169" lobby="0"/><UN n0="%E3%83%88%E3%83%88%E3%83%AA%E5%85%88%E7%94%9F%31%39%E6%AD%B3" n1="%E3%82%BF%EF%BD%9E%E5%9D%8A" n2="%E3%82%88%E3%81%86%E3%81%B8%E3%83%BC%58" n3="%E9%AB%98%E7%80%AC%E3%81%95%E3%82%93" dan="19,16,18,16" rate="2266.12,2090.57,2172.79,2039.51" sx="F,M,M,M"/><TAIKYOKU oya="0"/><INIT seed="0,0,0,0,1,114" ten="250,250,250,250" oya="0" hai0="79,120,122,91,102,4,7,23,52,49,134,77,13" hai1="51,33,18,135,99,97,53,111,39,75,85,110,14" hai2="112,105,68,50,10,69,73,55,126,22,12,107,19" hai3="72,30,17,128,119,116,24,32,29,67,76,6,25"/><T81/><D134/><U66/><E75/><V88/><F112/><W90/><G67/><T100/><D91/><U129/><E39/><V27/><F73/><W8/><G90/><T64/><D64/><U31/><E129/><V104/><F126/><W0/><G17/><T15/><D23/><U92/><E66/><V37/><F37/><W61/><G61/><T34/><D34/><U121/><E85/><V11/><F88/><W123/><G123/><T59/><D49/><U63/><E121/><V70/><REACH who="2" step="1"/><F27/><REACH who="2" ten="250,250,240,250" step="2"/><W95/><G128/><T101/><D101/><U113/><E113/><V48/><F48/><W21/><REACH who="3" step="1"/><G95/><REACH who="3" ten="250,250,240,240" step="2"/><T94/><D94/><U131/><E92/><V60/><F60/><W103/><G103/><T58/><D81/><AGARI ba="0,2" hai="0,6,8,21,24,25,29,30,32,72,76,81,116,119" machi="81" ten="40,5200,0" yaku="1,1,52,2,53,0" doraHai="114" doraHaiUra="65" who="3" fromWho="0" sc="250,-52,250,0,240,0,240,72" /><INIT seed="1,0,0,0,1,122" ten="198,250,240,312" oya="1" hai0="94,93,102,68,27,57,12,74,69,84,59,4,63" hai1="72,92,60,119,104,16,24,83,87,115,78,80,23" hai2="40,76,21,26,58,52,98,18,81,39,118,86,128" hai3="15,30,22,133,25,126,28,117,85,134,77,100,29"/><U113/><E104/><V2/><F118/><W41/><G117/><T103/><D74/><U75/><E119/><V131/><F2/><W132/><G41/><T0/><D0/><U47/><E47/><V107/><F39/><W82/><G126/><T97/><D59/><U135/><E135/><V3/><F40/><W114/><G114/><T13/><D4/><U124/><E124/><V38/><F38/><W110/><G100/><T123/><D123/><U125/><E125/><V121/><F3/><W116/><G116/><T109/><D84/><U90/><E60/><V127/><F121/><W10/><REACH who="3" step="1"/><G110/><REACH who="3" ten="198,250,240,302" step="2"/><T51/><D103/><U43/><E43/><V95/><F127/><W111/><G111/><T61/><D102/><U96/><REACH who="1" step="1"/><E75/><REACH who="1" ten="198,240,240,302" step="2"/><V130/><F107/><W66/><G66/><T33/><D109/><U8/><E8/><V129/><F129/><W46/><G46/><T6/><D69/><U14/><E14/><V71/><F131/><W42/><G42/><T54/><D13/><U45/><E45/><V11/><F11/><W36/><G36/><T70/><D68/><U89/><AGARI ba="0,2" hai="16,23,24,72,78,80,83,87,89,90,92,96,113,115" machi="89" ten="20,7800,0" yaku="1,1,0,1,7,1,54,1,53,0" doraHai="122" doraHaiUra="101" who="1" fromWho="1" sc="198,-26,240,98,240,-26,302,-26" /><INIT seed="1,1,0,4,4,100" ten="172,338,214,276" oya="1" hai0="74,13,3,79,92,20,112,111,121,71,12,37,105" hai1="21,131,16,64,128,39,34,102,55,11,60,62,8" hai2="114,52,113,58,89,6,56,83,117,134,99,63,19" hai3="4,15,40,91,104,123,125,54,35,2,77,61,44"/><U82/><E34/><V26/><F117/><W14/><G123/><T75/><D112/><N who="2" m="43114" /><F134/><W98/><G125/><T129/><D71/><U30/><E39/><V97/><F6/><W124/><G124/><T103/><D37/><U59/><E30/><V120/><F120/><W41/><G77/><T7/><D121/><U118/><E82/><V49/><F83/><W70/><G35/><T42/><D42/><U53/><E102/><V132/><F89/><W28/><G28/><T47/><D103/><U135/><E135/><V48/><F132/><W43/><G2/><T36/><D7/><U33/><E33/><V88/><F58/><N who="3" m="35031" /><G70/><T51/><D3/><U106/><E118/><V86/><F99/><W130/><G4/><T45/><D36/><U46/><E46/><V96/><F96/><W127/><G44/><T18/><D79/><U87/><E87/><V110/><F110/><W72/><G72/><T95/><D111/><U76/><E76/><V80/><F97/><W122/><G127/><T67/><D75/><U1/><E1/><V133/><F133/><W84/><G122/><T32/><D74/><U25/><E55/><V23/><AGARI ba="1,0" hai="19,23,26,48,49,52,56,63,80,86,88" m="43114" machi="23" ten="30,4000,0" yaku="11,1,54,2" doraHai="100" who="2" fromWho="2" sc="172,-11,338,-21,214,43,276,-11" /><INIT seed="2,0,0,0,1,122" ten="161,317,257,265" oya="2" hai0="71,59,84,91,111,74,128,112,58,66,62,83,22" hai1="41,130,81,46,6,96,126,2,1,104,93,11,105" hai2="21,57,63,27,14,109,106,97,79,69,100,44,65" hai3="90,0,10,18,98,94,42,87,43,95,107,99,85"/><V45/><F109/><W86/><G0/><T25/><D112/><U108/><E2/><V28/><F79/><W114/><G114/><T110/><D128/><U8/><E8/><V129/><F129/><W89/><G107/><T80/><D80/><U78/><E126/><V120/><F120/><W33/><G33/><T76/><D74/><N who="1" m="43223" /><E130/><V15/><F69/><W88/><G10/><T67/><D76/><U55/><E55/><V133/><F133/><W50/><G50/><T26/><D26/><U32/><E32/><V121/><F121/><W132/><G18/><T123/><D123/><U49/><E49/><V101/><REACH who="2" step="1"/><F100/><REACH who="2" ten="161,317,247,265" step="2"/><W60/><G132/><T103/><D103/><N who="1" m="60815" /><E108/><N who="0" m="41513" /><D66/><U29/><E29/><AGARI ba="0,1" hai="22,25,29,58,59,62,67,71,83,84,91" m="41513" machi="29" ten="30,7700,0" yaku="14,1,52,3" doraHai="122" who="0" fromWho="1" sc="161,87,317,-77,247,0,265,0" /><INIT seed="3,0,0,2,1,108" ten="248,240,247,265" oya="3" hai0="107,95,6,85,129,94,37,123,122,110,71,35,117" hai1="109,101,10,116,68,76,19,43,119,24,83,32,132" hai2="11,0,46,92,26,51,57,59,84,30,15,134,18" hai3="105,100,48,75,14,4,121,113,80,54,56,118,67"/><W39/><G121/><T8/><D71/><U22/><E68/><V58/><F134/><W111/><G118/><N who="1" m="45098" /><E132/><V69/><F0/><W97/><G111/><T53/><D117/><U63/><E109/><V103/><F69/><W98/><G39/><T96/><D110/><U9/><E101/><V106/><F106/><W13/><G67/><T131/><D35/><U104/><E104/><V120/><F120/><N who="0" m="46122" /><D8/><N who="1" m="3179" /><E63/><V50/><F46/><W7/><G75/><T130/><D53/><U125/><E43/><V45/><F45/><W133/><G105/><T89/><D6/><N who="3" m="2089" /><G133/><T29/><D29/><U112/><E32/><V52/><F51/><W5/><G5/><T78/><D37/><U73/><E125/><V60/><F50/><W23/><G100/><N who="0" m="62855" /><D78/><U49/><E49/><V127/><F127/><W1/><G1/><T38/><D38/><U3/><E3/><V86/><F59/><W128/><G48/><T82/><AGARI ba="0,0" hai="82,85,89,94,95,129,130,131" m="62855,46122" machi="82" ten="40,5200,0" yaku="19,1,34,2" doraHai="108" who="0" fromWho="0" sc="248,52,240,-13,247,-13,265,-26" /><INIT seed="4,0,0,5,1,41" ten="300,227,234,239" oya="0" hai0="133,15,109,6,14,129,31,92,59,99,108,76,90" hai1="69,125,27,1,47,127,88,117,32,38,82,39,135" hai2="104,56,114,25,63,34,45,60,48,23,113,120,118" hai3="58,116,42,134,67,33,105,28,11,119,52,49,70"/><T103/><D129/><U8/><E69/><V16/><F120/><W43/><G105/><T96/><D133/><U84/><E117/><V22/><F104/><W98/><G11/><T13/><D76/><U5/><E135/><V95/><F118/><N who="3" m="45099" /><G98/><T12/><D6/><U91/><E91/><V89/><F34/><W78/><G78/><T128/><D128/><U131/><E131/><V17/><F56/><W66/><G28/><T124/><D124/><N who="1" m="47691" /><E32/><V54/><F114/><W83/><G83/><T81/><N who="0" m="3072" /><DORA hai="37" /><T73/><D73/><U64/><E64/><N who="3" m="24618" /><G33/><T112/><D112/><U93/><E27/><N who="2" m="14799" /><F113/><W126/><G134/><T51/><D31/><U132/><E132/><V121/><F121/><W101/><G101/><T21/><D21/><U106/><E106/><V30/><F30/><W50/><G126/><T20/><D20/><U40/><E82/><V97/><AGARI ba="0,0" hai="16,23,25,45,48,54,60,63,89,95,97" m="14799" machi="97" ten="30,4000,0" yaku="8,1,52,1,54,1" doraHai="41,37" who="2" fromWho="2" sc="300,-20,227,-10,234,40,239,-10" /><INIT seed="5,0,0,4,3,130" ten="280,217,274,229" oya="1" hai0="76,135,116,35,115,0,47,45,25,126,49,101,134" hai1="30,75,8,29,37,41,7,27,73,22,127,52,105" hai2="94,66,17,118,110,117,14,99,71,1,87,57,129" hai3="88,31,58,65,93,59,23,64,42,114,67,91,108"/><U15/><E105/><V124/><F1/><W44/><G108/><T123/><D116/><U86/><E127/><V133/><F110/><W78/><G114/><T21/><D115/><U122/><E122/><V9/><F71/><W82/><G91/><T63/><D0/><U77/><E30/><V104/><F104/><W89/><G89/><T38/><D35/><U53/><E37/><V81/><F129/><W54/><G31/><T106/><D126/><U12/><E41/><V60/><F124/><W51/><G23/><T112/><D112/><U18/><E86/><V125/><F125/><W34/><G34/><T96/><D123/><U28/><E28/><V85/><F85/><N who="3" m="48343" /><G42/><T102/><D102/><U10/><REACH who="1" step="1"/><E77/><REACH who="1" ten="280,207,274,229" step="2"/><V20/><F118/><W62/><G62/><T2/><D76/><U32/><E32/><V72/><F117/><W36/><G36/><T109/><D109/><U55/><AGARI ba="0,1" hai="7,8,10,12,15,18,22,27,29,52,53,55,73,75" machi="55" ten="30,6000,0" yaku="1,1,0,1,54,1,53,0" doraHai="130" doraHaiUra="39" who="1" fromWho="1" sc="280,-20,207,70,274,-20,229,-20" /><INIT seed="5,1,0,0,3,132" ten="260,277,254,209" oya="1" hai0="50,1,26,52,3,120,133,117,100,54,134,71,58" hai1="104,95,16,9,99,15,29,43,69,44,130,63,85" hai2="48,121,18,10,23,37,81,118,122,51,30,46,77" hai3="22,27,125,83,73,96,4,24,114,124,42,66,135"/><U127/><E130/><V28/><F118/><W80/><G135/><N who="0" m="51723" /><D117/><U131/><E131/><V90/><F37/><W108/><G42/><T47/><D71/><U49/><E127/><N who="3" m="48714" /><G108/><T17/><D120/><U79/><E29/><V59/><F121/><W65/><G114/><T126/><D126/><U35/><E35/><V94/><F122/><W98/><G4/><T7/><D7/><U39/><E104/><V61/><F10/><W105/><G27/><T60/><D100/><N who="1" m="60543" /><E69/><V40/><F51/><W111/><G111/><T67/><D54/><U56/><E39/><V119/><F119/><W70/><G73/><T106/><D106/><U11/><E11/><V102/><F102/><N who="3" m="62663" /><G98/><T112/><D112/><U41/><E41/><V2/><F2/><W38/><G38/><T82/><D26/><U62/><E56/><V87/><F59/><W45/><G45/><T13/><D13/><U115/><E115/><V92/><F61/><N who="3" m="40239" /><G66/><T72/><D17/><AGARI ba="1,0" hai="17,22,24,80,83" m="40239,62663,48714" machi="17" ten="30,7700,0" yaku="18,1,52,3" doraHai="132" who="3" fromWho="0" sc="260,-80,277,0,254,0,209,80" /><INIT seed="6,0,0,2,2,50" ten="180,277,254,289" oya="2" hai0="0,104,70,41,135,45,101,120,4,1,28,14,100" hai1="98,40,61,109,110,43,10,22,93,38,56,128,49" hai2="88,74,78,31,89,8,127,73,96,7,42,59,106" hai3="68,108,72,124,125,67,133,66,48,130,16,24,77"/><V91/><F127/><N who="3" m="48715" /><G108/><T123/><D70/><U47/><E128/><V39/><F31/><W2/><G2/><T25/><D135/><U111/><E10/><V54/><F78/><W116/><G133/><T57/><D14/><U114/><E114/><V126/><F126/><W121/><G121/><T34/><D57/><U75/><E75/><V3/><F39/><W11/><G116/><T102/><D104/><U132/><E22/><V113/><F42/><W53/><G68/><T33/><D33/><U21/><E21/><V79/><F113/><W58/><G130/><T94/><D94/><U80/><E80/><V115/><F79/><W62/><G24/><T84/><D84/><U71/><E132/><V55/><F115/><W29/><G29/><T131/><D131/><U30/><E30/><V23/><F23/><W83/><G48/><T118/><D118/><U85/><E71/><V103/><REACH who="2" step="1"/><F55/><REACH who="2" ten="180,277,244,289" step="2"/><W5/><G53/><T122/><REACH who="0" step="1"/><D4/><REACH who="0" ten="170,277,244,289" step="2"/><U32/><E110/><V76/><F76/><W44/><G5/><T27/><D27/><U97/><E111/><V9/><F9/><W87/><G11/><T107/><D107/><U17/><E109/><V19/><F19/><W20/><G16/><T95/><D95/><U13/><E93/><V92/><F92/><W134/><G134/><T37/><AGARI ba="0,2" hai="0,1,25,28,34,37,41,45,100,101,102,120,122,123" machi="37" ten="40,2700,0" yaku="1,1,0,1,53,0" doraHai="50" doraHaiUra="64" who="0" fromWho="0" sc="170,47,277,-7,244,-13,289,-7" /><INIT seed="7,0,0,5,4,72" ten="217,270,231,282" oya="3" hai0="85,111,66,53,51,71,82,87,90,95,75,54,84" hai1="19,126,59,52,91,101,94,44,108,74,125,35,120" hai2="104,107,127,40,36,99,109,39,97,38,110,128,14" hai3="114,105,23,7,103,68,32,34,61,67,124,62,92"/><W9/><G124/><N who="1" m="47722" /><E108/><N who="2" m="41579" /><F127/><W46/><G114/><T27/><D111/><U115/><E115/><V55/><F14/><W64/><G23/><T2/><D2/><U12/><E35/><V100/><F40/><W106/><G46/><T58/><D71/><U49/><E120/><V70/><F55/><W30/><G92/><T118/><D118/><U29/><E29/><V129/><F70/><N who="3" m="42255" /><G103/><T4/><D4/><U96/><E74/><V65/><F65/><W41/><G41/><T130/><D66/><U132/><E132/><V5/><F5/><W93/><G93/><T21/><D130/><N who="2" m="50282" /><F100/><W6/><G6/><T131/><D131/><U60/><E101/><V17/><F17/><W20/><G20/><T31/><D75/><U102/><E102/><V76/><F76/><W25/><G34/><T63/><REACH who="0" step="1"/><D95/><REACH who="0" ten="207,270,231,282" step="2"/><U28/><E94/><V135/><F135/><W16/><G16/><T88/><D88/><U116/><E91/><V89/><F89/><W133/><G133/><T113/><D113/><U117/><E96/><AGARI ba="0,1" hai="36,38,39,96,97,99,104,107" m="50282,41579" machi="96" ten="40,5200,0" yaku="28,2,19,1" doraHai="72" who="2" fromWho="1" sc="207,0,270,-52,231,62,282,0" /><INIT seed="8,0,0,2,1,59" ten="207,218,293,282" oya="0" hai0="93,24,114,72,34,15,115,134,95,70,29,91,75" hai1="25,104,87,51,30,31,36,105,53,117,32,16,74" hai2="100,97,108,113,90,64,127,23,88,120,116,55,3" hai3="22,45,126,2,79,43,7,67,84,41,42,26,44"/><T38/><D38/><U135/><E74/><V129/><F108/><W35/><G35/><T57/><D70/><U39/><E117/><V112/><F3/><W62/><G126/><T82/><D134/><U94/><E135/><V47/><F64/><W17/><G2/><T10/><D93/><U132/><E132/><V40/><F120/><W121/><G7/><T133/><D133/><U21/><E39/><V18/><F127/><W89/><G79/><T48/><D48/><U65/><E65/><V124/><F124/><W56/><G121/><T76/><D57/><U54/><E36/><V66/><F66/><W102/><G102/><T63/><D63/><U27/><E31/><V13/><F129/><W85/><G85/><T49/><D49/><U1/><E1/><V12/><F55/><W68/><G68/><T61/><D61/><U77/><E54/><V110/><F110/><W98/><G98/><T99/><REACH who="0" step="1"/><D75/><REACH who="0" ten="197,218,293,282" step="2"/><U101/><E51/><N who="2" m="27111" /><F116/><W50/><G50/><T4/><AGARI ba="0,1" hai="4,10,15,24,29,34,72,76,82,91,95,99,114,115" machi="4" ten="20,3900,0" yaku="1,1,0,1,7,1,53,0" doraHai="59" doraHaiUra="71" who="0" fromWho="0" sc="197,49,218,-13,293,-13,282,-13" /><INIT seed="8,1,0,2,4,51" ten="246,205,280,269" oya="0" hai0="80,112,27,25,121,88,14,92,91,40,134,69,36" hai1="110,38,53,71,58,111,96,64,116,19,135,32,106" hai2="97,21,79,52,7,129,130,124,55,49,0,20,22" hai3="83,65,18,120,119,72,2,5,108,31,63,77,75"/><T102/><D112/><U81/><E38/><V60/><F124/><W125/><G108/><T98/><D121/><U47/><E32/><V56/><F79/><W87/><G120/><T104/><D69/><U105/><E116/><V127/><F127/><W24/><G125/><T11/><D134/><U122/><E122/><V103/><F0/><W99/><G119/><T17/><D36/><U43/><E135/><V16/><F7/><W37/><G37/><T59/><D40/><U74/><E71/><V33/><F33/><W42/><G42/><T78/><D59/><U61/><E19/><V95/><F16/><W30/><G18/><T115/><D115/><U41/><E41/><V44/><AGARI ba="1,0" hai="20,21,22,44,49,52,55,56,60,95,97,103,129,130" machi="44" ten="30,7900,0" yaku="0,1,52,2,54,1" doraHai="51" who="2" fromWho="2" sc="246,-40,205,-21,280,82,269,-21" owari="206,-19.0,184,-32.0,362,46.0,248,5.0" /></mjloggm>