<mjloggm ver="2.3"><GO type="169" lobby="0"/><UN n0="%E3%81%8A%E3%81%8B%E3%82%82%E3%81%A8" n1="%E3%81%8B%E3%81%97%E3%81%8B%E3%81%8A" n2="%E8%85%B8%E7%82%8E%E3%83%93%E3%83%96%E3%83%AA%E3%82%AA%E2%85%A2" n3="%E3%82%A6%E3%83%AB%E3%83%88%E3%83%A9%E7%AB%8B%E7%9B%B4" dan="17,17,16,18" rate="2155.40,2238.45,2068.46,2230.29" sx="M,M,F,M"/><TAIKYOKU oya="0"/><INIT seed="0,0,0,4,4,65" ten="250,250,250,250" oya="0" hai0="124,17,7,79,118,20,80,50,54,70,107,26,3" hai1="108,112,122,61,13,27,24,71,129,53,44,0,41" hai2="62,99,119,98,94,23,55,132,90,75,63,84,43" hai3="76,130,135,15,66,113,30,10,40,115,57,47,127"/><T16/><D118/><U126/><E0/><V83/><F119/><W48/><G130/><T52/><D107/><U51/><E13/><V33/><F33/><W101/><G127/><T1/><D124/><U123/><E126/><V11/><F132/><W134/><G30/><T109/><D109/><U111/><E24/><V45/><F75/><W102/><G76/><T105/><D105/><U35/><E27/><V5/><F23/><W12/><G57/><T89/><D70/><U120/><E35/><V4/><F55/><W31/><G66/><T28/><D89/><U58/><E129/><V56/><F56/><W2/><G2/><T60/><D60/><U46/><E112/><V78/><F99/><W74/><G74/><T116/><D116/><U103/><E103/><N who="3" m="39434" /><G15/><T39/><D39/><U87/><E87/><V67/><F67/><W37/><G31/><T97/><D97/><U93/><E93/><V73/><F73/><W25/><G25/><T18/><D7/><U59/><E71/><V29/><F29/><W19/><G48/><T104/><D104/><U42/><REACH who="1" step="1"/><E58/><REACH who="1" ten="250,240,250,250" step="2"/><V91/><F78/><W106/><G106/><T21/><D3/><U14/><E14/><V121/><F94/><W36/><G115/><T133/><D1/><U96/><E96/><V131/><F98/><W128/><G113/><T69/><D69/><U100/><E100/><V86/><F131/><W85/><G128/><T6/><D26/><U64/><E64/><V38/><F45/><N who="3" m="23687" /><G85/><T95/><D28/><U125/><E125/><V32/><F86/><W88/><G88/><T82/><D79/><RYUUKYOKU ba="0,1" sc="250,-15,240,15,250,-15,250,15" hai1="41,42,44,46,51,53,59,61,108,111,120,122,123" hai3="10,12,19,37,47,134,135" /><INIT seed="1,1,1,0,2,81" ten="235,255,235,265" oya="1" hai0="92,20,15,11,73,19,40,93,99,12,129,131,4" hai1="77,16,9,66,100,119,5,2,85,135,76,108,26" hai2="104,65,72,56,23,96,75,116,97,44,67,114,48" hai3="47,79,121,69,31,42,17,110,130,118,7,39,38"/><U90/><E119/><V37/><F116/><W61/><G118/><T36/><D73/><U27/><E135/><V98/><F104/><W70/><G31/><T3/><D36/><U55/><E66/><V134/><F134/><W109/><G7/><T71/><D40/><U102/><E108/><N who="3" m="41578" /><G79/><T41/><D41/><U117/><E117/><V91/><F37/><N who="3" m="21967" /><G17/><T88/><D71/><N who="3" m="27145" /><G121/><T53/><D53/><U78/><E55/><V82/><F114/><W32/><G32/><T64/><D64/><U62/><E62/><V54/><F23/><W57/><G130/><T51/><D51/><U6/><E6/><V103/><F103/><W59/><G59/><T123/><D123/><U50/><E50/><V112/><F112/><W45/><G45/><T86/><REACH who="0" step="1"/><D3/><REACH who="0" ten="225,255,235,265" step="2"/><U10/><E2/><V107/><F107/><W58/><G58/><T46/><D46/><U115/><E115/><V13/><F75/><W22/><G22/><T28/><D28/><U106/><E106/><V127/><F72/><W125/><G125/><T35/><D35/><U74/><E74/><V33/><F127/><W63/><G63/><T111/><D111/><U1/><E10/><V105/><F33/><W89/><G61/><T0/><D0/><U21/><REACH who="1" step="1"/><E26/><REACH who="1" ten="225,245,235,265" step="2"/><V132/><F105/><W87/><G57/><T14/><D14/><U124/><E124/><V113/><F13/><W43/><G43/><T18/><D18/><U8/><E8/><V84/><F132/><W25/><G25/><T133/><D133/><U80/><AGARI ba="1,3" hai="1,5,9,16,21,27,76,77,78,80,85,90,100,102" machi="80" ten="30,11700,0" yaku="1,1,0,1,52,1,54,1,53,0" doraHai="81" doraHaiUra="68" who="1" fromWho="1" sc="225,-40,245,150,235,-40,265,-40" /><INIT seed="1,2,0,4,3,50" ten="185,395,195,225" oya="1" hai0="76,65,86,94,106,118,128,28,66,55,116,108,12" hai1="107,13,15,25,77,6,1,113,52,105,135,39,30" hai2="85,60,7,112,38,44,45,9,11,32,120,4,101" hai3="132,90,8,36,99,115,111,91,79,92,103,75,70"/><U0/><E39/><V41/><F120/><W69/><G36/><T95/><D106/><U121/><E113/><V109/><F32/><W27/><G115/><T100/><D28/><U62/><E121/><V46/><F112/><W61/><G111/><T87/><D108/><U35/><E135/><V119/><F119/><W18/><G132/><T117/><D128/><U29/><E77/><V102/><F109/><W134/><G134/><T110/><D110/><U57/><E29/><V14/><F85/><W23/><G75/><T83/><D12/><U22/><E13/><V17/><F60/><W16/><G79/><T81/><D100/><U122/><E122/><V42/><F17/><W49/><G49/><T82/><D76/><U78/><E78/><V33/><F33/><W125/><G125/><T43/><D43/><U64/><E64/><N who="0" m="24681" /><D55/><U74/><E74/><V26/><F26/><W84/><G61/><T96/><D96/><U72/><E72/><V40/><F38/><W21/><G8/><T2/><D2/><U80/><E80/><V47/><N who="2" m="11264" /><DORA hai="37" /><V131/><F131/><W54/><G54/><T24/><D24/><U56/><E56/><V48/><F48/><W104/><G91/><T73/><D73/><U51/><E51/><V19/><REACH who="2" step="1"/><F11/><REACH who="2" ten="185,395,185,225" step="2"/><W127/><G127/><T53/><D53/><U59/><E59/><V97/><F97/><W31/><G31/><T71/><D118/><U63/><E63/><V98/><F98/><W114/><G114/><T68/><D117/><U5/><E35/><V89/><F89/><W130/><G130/><T10/><D116/><RYUUKYOKU ba="2,1" sc="185,-15,395,-15,185,15,225,15" hai2="4,7,9,14,19,40,41,42,101,102" hai3="16,18,21,23,27,69,70,84,90,92,99,103,104" /><INIT seed="2,3,1,3,2,133" ten="170,380,200,240" oya="2" hai0="45,135,105,85,67,49,51,125,117,39,33,13,102" hai1="131,37,50,90,96,92,19,44,78,16,8,115,113" hai2="24,119,134,71,59,120,121,83,82,53,62,57,65" hai3="76,63,55,32,0,40,86,43,87,99,88,25,101"/><V60/><F119/><W127/><G0/><T21/><D33/><U126/><E37/><V91/><F134/><W56/><G127/><T80/><D135/><U64/><E126/><V4/><F4/><W7/><G7/><T30/><D67/><U69/><E131/><V12/><F12/><W116/><G116/><T36/><D51/><U31/><E31/><V66/><F24/><W18/><G76/><T129/><D125/><U1/><E78/><V46/><F46/><W100/><G87/><T54/><D129/><U2/><E64/><V110/><F110/><W130/><G130/><T58/><D117/><U14/><E69/><V97/><F97/><W132/><G132/><T23/><D102/><U112/><REACH who="1" step="1"/><E19/><REACH who="1" ten="170,370,200,240" step="2"/><V74/><F74/><W47/><G18/><T114/><D36/><U79/><E79/><V68/><F53/><AGARI ba="3,2" hai="1,2,8,14,16,44,50,53,90,92,96,112,113,115" machi="53" ten="40,5200,0" yaku="1,1,54,1,53,1" doraHai="133" doraHaiUra="94" who="1" fromWho="2" sc="170,0,370,81,200,-61,240,0" /><INIT seed="3,0,0,1,5,63" ten="170,451,139,240" oya="3" hai0="3,40,109,119,64,35,28,114,30,9,12,123,104" hai1="92,1,89,88,2,100,71,91,57,53,108,32,25" hai2="93,90,97,50,54,29,107,99,69,82,111,129,27" hai3="78,81,87,24,80,98,11,121,48,74,125,49,17"/><W56/><G121/><T126/><D104/><U42/><E71/><V84/><F129/><W7/><G125/><T58/><D40/><U134/><E108/><V59/><F111/><W113/><G113/><T21/><D109/><U124/><E124/><V33/><F107/><W45/><G98/><T0/><D58/><U41/><E134/><V13/><F69/><W79/><G56/><T20/><D126/><U5/><E5/><V120/><F120/><W96/><G96/><T8/><D64/><U31/><E100/><V85/><REACH who="2" step="1"/><F13/><REACH who="2" ten="170,451,129,240" step="2"/><W6/><G24/><T51/><D123/><U83/><E1/><V103/><F103/><W76/><G76/><AGARI ba="0,1" hai="27,29,33,50,54,59,76,82,84,85,90,93,97,99" machi="76" ten="30,3900,0" yaku="1,1,7,1,53,1" doraHai="63" doraHaiUra="47" who="2" fromWho="3" sc="170,0,451,0,129,49,240,-39" /><INIT seed="4,0,0,1,5,11" ten="170,451,178,201" oya="0" hai0="30,27,4,100,15,47,83,57,18,33,112,134,66" hai1="6,108,89,59,106,5,34,13,101,2,53,107,117" hai2="63,81,111,102,28,65,85,9,82,129,68,121,109" hai3="21,127,25,80,22,92,99,116,123,96,105,10,43"/><T8/><D112/><U54/><E34/><V45/><F121/><W49/><G116/><T23/><D134/><U14/><E117/><V122/><F122/><W104/><G123/><T77/><D100/><U103/><E59/><V1/><F82/><W114/><G114/><T41/><D66/><U73/><E89/><V39/><F129/><W115/><G115/><T31/><D57/><U91/><E91/><V38/><F28/><W20/><G127/><T71/><D71/><U84/><E84/><V75/><F102/><W67/><G67/><T69/><D69/><U64/><E64/><V87/><F87/><W55/><G43/><T70/><D70/><U131/><E2/><V58/><F58/><W135/><G135/><T62/><D62/><U126/><E73/><V113/><F113/><W132/><G132/><T0/><D31/><U16/><E16/><V133/><F133/><W26/><G80/><T7/><D7/><U74/><E74/><V29/><F29/><W50/><G10/><T48/><D83/><U118/><E118/><V3/><F3/><W51/><G55/><T52/><D77/><U17/><E17/><V19/><F19/><W79/><G79/><T110/><D110/><U72/><E72/><V94/><F75/><W37/><G37/><T61/><D61/><U56/><E56/><V35/><F63/><W119/><G119/><T95/><D95/><U86/><E86/><V76/><F94/><W124/><G124/><T32/><D32/><U46/><E126/><V24/><F35/><W42/><G92/><T36/><D36/><U78/><E78/><RYUUKYOKU ba="0,0" sc="170,30,451,-10,178,-10,201,-10" hai0="0,4,8,15,18,23,27,30,33,41,47,48,52" /><INIT seed="4,1,0,2,3,86" ten="200,441,168,191" oya="0" hai0="87,44,14,63,127,0,52,57,120,61,22,99,37" hai1="67,90,126,96,76,71,109,102,16,72,12,68,23" hai2="58,114,112,82,18,36,33,46,117,5,81,79,122" hai3="6,133,13,94,31,124,100,77,104,64,55,60,51"/><T34/><D120/><U65/><E109/><V107/><F117/><W8/><G124/><T48/><D34/><U111/><E111/><V40/><F122/><W91/><G133/><T129/><D0/><U101/><E126/><V41/><F107/><W21/><G77/><T98/><D127/><U32/><E32/><V42/><F33/><W25/><G104/><T53/><D129/><U45/><E45/><V15/><F5/><W47/><G100/><T75/><D75/><U4/><E4/><V27/><F27/><W49/><G49/><T93/><D37/><U2/><E2/><V74/><F58/><W85/><G64/><T105/><D63/><AGARI ba="1,0" hai="6,8,13,21,25,31,47,51,55,60,63,85,91,94" machi="63" ten="40,2600,0" yaku="8,1,52,1" doraHai="86" who="3" fromWho="0" sc="200,-29,441,0,168,0,191,29" /><INIT seed="5,0,0,4,1,49" ten="171,441,168,220" oya="1" hai0="21,122,93,125,59,95,42,56,112,107,38,126,100" hai1="96,130,48,116,129,33,69,134,105,0,80,14,121" hai2="131,50,104,73,120,81,91,102,7,110,79,123,34" hai3="40,127,94,8,58,101,10,64,39,97,15,35,6"/><U61/><E14/><V77/><F34/><W45/><G35/><T62/><D112/><U27/><E48/><V51/><F110/><W87/><G127/><N who="0" m="48651" /><D122/><U133/><E121/><V1/><F131/><N who="1" m="50185" /><E116/><V28/><F79/><W74/><G74/><T36/><D42/><U52/><E80/><V82/><F28/><W9/><G15/><T98/><D21/><U26/><E0/><V72/><F7/><W25/><G6/><T106/><D59/><N who="1" m="35047" /><E69/><V4/><F4/><W54/><G10/><T70/><D70/><U114/><E114/><V32/><F1/><W60/><G8/><T108/><D108/><U57/><E57/><V85/><F32/><W68/><G9/><T89/><D38/><U24/><E33/><V113/><F113/><W71/><G71/><T29/><D36/><U76/><E76/><V22/><F51/><W88/><G68/><T41/><D41/><U43/><E43/><V83/><F50/><W55/><G25/><T67/><D62/><U135/><E96/><V3/><F3/><W78/><G78/><T5/><D5/><U115/><E115/><V84/><F73/><W99/><G97/><N who="0" m="59455" /><D56/><U18/><E105/><AGARI ba="0,0" hai="39,40,45,54,55,58,60,64,87,88,94,99,101,105" machi="105" ten="30,7700,0" yaku="7,1,52,2,54,1" doraHai="49" who="3" fromWho="1" sc="171,0,441,-77,168,0,220,77" /><INIT seed="6,0,0,1,3,128" ten="171,364,168,297" oya="2" hai0="109,16,65,134,93,41,115,25,125,35,84,70,9" hai1="32,36,54,7,28,121,63,103,39,129,77,68,15" hai2="72,76,124,50,1,53,27,22,98,47,5,3,135" hai3="4,79,60,89,104,13,102,73,11,19,45,64,69"/><V0/><F124/><W44/><G104/><T20/><D109/><U131/><E121/><V99/><F5/><W14/><G102/><T71/><D125/><U33/><E103/><V2/><N who="2" m="0" /><DORA hai="91" /><V48/><F76/><W105/><G105/><T66/><D41/><U55/><E77/><V110/><F72/><W62/><G62/><T8/><D35/><U88/><E88/><V51/><F110/><W29/><G29/><T127/><D127/><U112/><E112/><V31/><F135/><W118/><G118/><T57/><D115/><U87/><E87/><V116/><F116/><W133/><G89/><N who="0" m="53415" /><D70/><U130/><E28/><V123/><F123/><W92/><G92/><T17/><D71/><U96/><E96/><V56/><REACH who="2" step="1"/><F51/><REACH who="2" ten="171,364,158,297" step="2"/><W21/><G133/><T90/><D134/><U108/><E108/><V67/><F67/><W122/><G122/><T106/><D66/><N who="1" m="41055" /><E39/><V26/><F26/><W18/><G4/><T101/><D25/><U43/><E36/><V52/><AGARI ba="0,1" hai="22,27,31,47,48,50,52,53,56,98,99" m="0" machi="52" ten="60,12000,1" yaku="1,1,0,1,54,1,53,1" doraHai="128,91" doraHaiUra="23,100" who="2" fromWho="2" sc="171,-40,364,-40,158,130,297,-40" /><INIT seed="6,1,0,5,4,106" ten="131,324,288,257" oya="2" hai0="46,114,41,82,81,51,20,74,121,49,32,84,4" hai1="12,6,116,25,128,29,10,132,126,135,120,122,101" hai2="76,87,38,89,130,98,95,34,19,18,79,105,66" hai3="73,115,33,39,9,55,40,100,117,16,56,50,11"/><V113/><F34/><W37/><G33/><T8/><D32/><N who="1" m="20527" /><E101/><V54/><F38/><W57/><G117/><T45/><D114/><U36/><E36/><V53/><F113/><W109/><G109/><T13/><D121/><N who="1" m="46699" /><E116/><V44/><F130/><W125/><G100/><T124/><D124/><U119/><E119/><V96/><F66/><W1/><G115/><T60/><D60/><U30/><E30/><V63/><F105/><W86/><G1/><T110/><D110/><U75/><E75/><V108/><F108/><W97/><G73/><T15/><D74/><U70/><E70/><V104/><F104/><W26/><G50/><T23/><D15/><U5/><E128/><V68/><F68/><W91/><G39/><T43/><REACH who="0" step="1"/><D81/><REACH who="0" ten="121,324,288,257" step="2"/><U78/><E126/><V62/><F63/><N who="3" m="36255" /><G125/><T102/><D102/><U112/><E112/><V0/><F62/><W65/><G26/><T83/><D83/><U111/><E111/><V85/><F0/><W2/><G2/><T80/><D80/><U21/><E5/><V131/><F131/><W22/><G65/><T133/><D133/><U77/><E135/><V92/><F89/><AGARI ba="1,1" hai="4,8,13,20,23,41,43,45,46,49,51,82,84,89" machi="89" ten="30,7700,0" yaku="1,1,7,1,9,1,8,1,53,0" doraHai="106" doraHaiUra="94" who="0" fromWho="2" sc="121,90,324,0,288,-80,257,0" /><INIT seed="7,0,0,0,4,15" ten="211,324,208,257" oya="3" hai0="9,130,110,22,41,101,76,25,5,125,28,109,131" hai1="51,70,17,35,117,72,30,114,98,81,50,58,135" hai2="74,83,18,92,129,34,88,104,121,133,12,100,0" hai3="42,68,108,27,124,122,111,33,2,102,11,24,7"/><W118/><G68/><T73/><D101/><U80/><E70/><V64/><F0/><W46/><G118/><T49/><D76/><U60/><E117/><V85/><F34/><W56/><G122/><T86/><D86/><U79/><E81/><V113/><F121/><W40/><G124/><T47/><D73/><U134/><E114/><V26/><F113/><W63/><G102/><T99/><D99/><U62/><E98/><N who="2" m="61463" /><F26/><W3/><G3/><N who="0" m="191" /><D125/><U90/><E90/><V8/><F129/><AGARI ba="0,0" hai="22,25,28,41,47,49,109,110,129,130,131" m="191" machi="129" ten="30,1000,0" yaku="19,1" doraHai="15" who="0" fromWho="2" sc="211,10,324,0,208,-10,257,0" owari="221,-18.0,324,42.0,198,-30.0,257,6.0" /></mjloggm>