<mjloggm ver="2.3"><GO type="169" lobby="0"/><UN n0="%E3%81%BA%E3%82%93%E3%81%8E%E3%82%93%E3%81%95%E3%82%93" n1="%E3%82%A6%E3%83%AB%E3%83%88%E3%83%A9%E7%AB%8B%E7%9B%B4" n2="%E3%83%AC%E3%82%A4%E3%83%88%E3%83%B3%E5%87%86%E6%95%99%E6%8E%88" n3="%E3%81%B4%E3%83%BC%E3%81%8A%E3%81%8B" dan="16,18,16,17" rate="2072.06,2225.28,2156.46,2182.06" sx="F,M,M,M"/><TAIKYOKU oya="0"/><INIT seed="0,0,0,4,4,97" ten="250,250,250,250" oya="0" hai0="99,112,65,122,25,31,100,26,19,129,126,71,84" hai1="47,73,53,130,50,35,13,52,91,44,61,64,133" hai2="111,66,116,32,28,68,21,5,115,58,121,80,34" hai3="42,119,54,102,14,125,101,82,62,40,127,33,108"/><T1/><D122/><U41/><E35/><V6/><F115/><W96/><G33/><T0/><D112/><U103/><E73/><V46/><F68/><W45/><G119/><T109/><D126/><N who="3" m="48137" /><G108/><T135/><D129/><U85/><E130/><V51/><F111/><W83/><G14/><T38/><D38/><U88/><E133/><V86/><F116/><W16/><G16/><T72/><D72/><U27/><E27/><N who="2" m="16495" /><F32/><W128/><G128/><T98/><D135/><U77/><E103/><N who="3" m="39434" /><G96/><T123/><D109/><U4/><E13/><V81/><F34/><W105/><G105/><T55/><D98/><U37/><E4/><V95/><F5/><W39/><G40/><T124/><D124/><U76/><E53/><N who="2" m="29943" /><F6/><W20/><G20/><T70/><D55/><U117/><E117/><V93/><F121/><W24/><G24/><T48/><D123/><U56/><REACH who="1" step="1"/><E91/><REACH who="1" ten="250,240,250,250" step="2"/><V11/><F66/><W30/><G30/><T60/><D31/><U132/><E132/><V94/><F11/><W104/><G104/><T36/><D65/><U9/><E9/><V17/><F17/><W87/><G87/><T8/><D84/><U49/><E49/><V12/><F86/><W23/><G23/><T118/><D48/><U75/><E75/><V59/><F12/><W92/><G92/><AGARI ba="0,1" hai="37,41,44,47,50,52,56,61,64,76,77,85,88,92" machi="92" ten="30,7700,0" yaku="1,1,7,1,54,2,53,0" doraHai="97" doraHaiUra="134" who="1" fromWho="3" sc="250,0,240,87,250,0,250,-77" /><INIT seed="1,0,0,4,5,29" ten="250,327,250,173" oya="1" hai0="1,27,60,35,113,80,105,34,101,108,100,83,93" hai1="45,88,118,89,64,24,124,52,47,9,87,30,17" hai2="16,112,71,2,106,65,102,126,19,61,20,36,48" hai3="82,119,99,40,133,134,44,55,43,97,31,46,135"/><U110/><E118/><V115/><F36/><W26/><G119/><T125/><D113/><N who="2" m="43594" /><F2/><W130/><G82/><T127/><D1/><U12/><E124/><N who="0" m="47689" /><D108/><U18/><E110/><V3/><F3/><W132/><N who="3" m="33792" /><DORA hai="95" /><W107/><G130/><T121/><D27/><U37/><E64/><V92/><F106/><W42/><G107/><T58/><D105/><U79/><E18/><N who="2" m="6699" /><F20/><N who="3" m="15815" /><G55/><N who="0" m="33887" /><D121/><U114/><E114/><V129/><F126/><W76/><G76/><T22/><D22/><N who="1" m="15639" /><E37/><V131/><F48/><N who="3" m="26631" /><G42/><T62/><D62/><U85/><E79/><V70/><F71/><W8/><G8/><T50/><D50/><AGARI ba="0,0" hai="43,46,50,97,99" m="26631,15815,33792" machi="50" ten="60,7700,0" yaku="20,1,52,2" doraHai="29,95" who="3" fromWho="0" sc="250,-77,327,0,250,0,173,77" /><INIT seed="2,0,0,3,2,66" ten="173,327,250,250" oya="2" hai0="68,36,123,57,118,35,40,105,27,107,42,87,110" hai1="90,10,86,9,56,77,65,95,98,99,63,70,133" hai2="25,30,44,46,73,19,5,14,59,134,115,37,50" hai3="38,6,135,16,24,31,125,49,78,109,61,130,55"/><V7/><F115/><W116/><G38/><T76/><D123/><U45/><E133/><V18/><F73/><W67/><G116/><T4/><D110/><U89/><E70/><V100/><F134/><W1/><G135/><T72/><D72/><U85/><E45/><V54/><F100/><W83/><G109/><T96/><D118/><U62/><E62/><V82/><F82/><W34/><G125/><T91/><D4/><U74/><E74/><V69/><F69/><W127/><G127/><T117/><D117/><U8/><REACH who="1" step="1"/><E77/><REACH who="1" ten="173,317,250,250" step="2"/><V81/><F44/><W48/><G61/><T84/><D76/><U15/><E15/><V80/><F46/><W124/><G78/><T2/><D68/><U128/><E128/><V39/><F14/><W126/><G126/><T11/><D36/><U131/><E131/><V23/><F37/><W108/><G130/><T43/><D42/><U41/><E41/><V58/><F39/><W79/><G79/><T119/><D43/><U111/><E111/><V21/><F59/><W33/><G108/><T64/><D40/><U97/><E97/><V114/><F114/><W92/><G124/><T0/><D96/><U53/><E53/><V121/><F121/><W102/><G55/><T75/><D57/><U29/><E29/><V88/><F30/><W3/><G31/><T112/><D75/><U132/><E132/><V17/><F58/><W94/><G48/><T26/><D112/><U32/><E32/><V122/><F50/><W12/><G49/><T22/><D35/><U13/><E13/><V52/><F122/><W47/><G34/><RYUUKYOKU ba="0,1" sc="173,-10,317,30,250,-10,250,-10" hai1="8,9,10,56,63,65,85,86,89,90,95,98,99" /><INIT seed="3,1,1,4,1,26" ten="163,347,240,240" oya="3" hai0="47,117,17,73,70,44,79,22,39,72,83,92,119" hai1="64,84,91,45,86,34,115,120,126,129,116,32,40" hai2="0,43,110,102,93,6,114,97,59,1,48,128,103" hai3="109,8,58,27,2,54,123,37,75,30,133,132,124"/><W46/><G123/><T74/><D70/><U104/><E115/><V38/><F114/><W42/><G75/><T3/><D3/><U99/><E120/><V62/><F38/><W7/><G124/><T9/><D9/><U85/><E129/><V100/><F110/><W35/><REACH who="3" step="1"/><G109/><REACH who="3" ten="163,347,240,230" step="2"/><T10/><D119/><U105/><E126/><V125/><F125/><W81/><G81/><T68/><D117/><U60/><E116/><V19/><F128/><W67/><G67/><T16/><D74/><U31/><E64/><V122/><F122/><W94/><G94/><T28/><D73/><U121/><E121/><V80/><F80/><W53/><G53/><T71/><D92/><U36/><E105/><V20/><F93/><W57/><G57/><T63/><D68/><U90/><E104/><V13/><F59/><W77/><G77/><T12/><D71/><U50/><E40/><V108/><F108/><W82/><G82/><T89/><D83/><U18/><E45/><V11/><F43/><W41/><G41/><T69/><D47/><U98/><E84/><V112/><F112/><W118/><G118/><T78/><D44/><U111/><E86/><V29/><F97/><W87/><G87/><T101/><D72/><U131/><E99/><V51/><F100/><W107/><G107/><T95/><D101/><U127/><E98/><V106/><F106/><W130/><G130/><T52/><D69/><U88/><E131/><V65/><F102/><W134/><G134/><T23/><D95/><U56/><E127/><V96/><F103/><W61/><AGARI ba="1,2" hai="2,7,8,27,30,35,37,42,46,54,58,61,132,133" machi="61" ten="30,11700,0" yaku="1,1,0,1,52,1,53,1" doraHai="26" doraHaiUra="49" who="3" fromWho="3" sc="163,-40,347,-40,240,-40,230,140" /><INIT seed="3,2,0,5,2,47" ten="123,307,200,370" oya="3" hai0="96,83,6,132,77,88,16,26,98,50,103,125,111" hai1="116,63,118,123,21,25,90,15,76,69,17,60,131" hai2="29,54,72,10,107,22,124,134,18,19,89,39,42" hai3="108,49,58,104,46,112,95,85,91,35,44,28,87"/><W101/><G112/><T53/><D125/><U110/><E123/><V62/><F107/><W61/><G108/><T56/><D111/><U57/><E110/><V126/><F72/><W121/><G121/><T31/><D132/><U119/><E131/><V36/><F29/><W74/><G74/><T73/><D6/><U68/><E76/><V109/><F134/><W30/><G44/><T130/><D130/><U24/><E90/><V97/><F10/><W2/><G2/><T78/><D78/><U93/><E93/><N who="2" m="56495" /><F42/><N who="3" m="24791" /><G104/><T99/><D88/><U71/><REACH who="1" step="1"/><E63/><REACH who="1" ten="123,297,200,370" step="2"/><V48/><F62/><W8/><G101/><T105/><REACH who="0" step="1"/><D16/><REACH who="0" ten="113,297,200,370" step="2"/><U127/><E127/><V45/><F109/><W75/><G91/><T92/><D92/><U84/><E84/><V70/><F126/><W0/><G95/><T38/><D38/><U106/><E106/><V86/><F124/><W82/><G87/><T11/><D11/><U81/><E81/><V102/><F86/><W13/><G8/><T52/><D52/><AGARI ba="2,2" hai="15,17,21,24,25,52,57,60,68,69,71,116,118,119" machi="52" ten="50,6400,0" yaku="1,1,12,1,54,1,53,0" doraHai="47" doraHaiUra="37" who="1" fromWho="0" sc="113,-70,297,90,200,0,370,0" /><INIT seed="4,0,0,4,3,87" ten="43,387,200,370" oya="0" hai0="49,24,9,7,65,68,64,60,32,11,101,41,4" hai1="127,63,16,89,112,13,12,29,45,59,3,31,80" hai2="2,132,104,75,57,105,27,34,30,117,19,51,23" hai3="46,72,125,130,42,96,70,47,94,78,76,35,6"/><T118/><D118/><U115/><E3/><V18/><F75/><W10/><G70/><T122/><D122/><U17/><E127/><V14/><F132/><W98/><G35/><T55/><D65/><U116/><E45/><V21/><F2/><W44/><G125/><T97/><D41/><U93/><E80/><V26/><F117/><W38/><G98/><T114/><D114/><N who="1" m="43563" /><E116/><V8/><F51/><W69/><G69/><T5/><D11/><N who="1" m="6175" /><E59/><V120/><F57/><W134/><G46/><T110/><D110/><U40/><E63/><V83/><F83/><W128/><G44/><T15/><D55/><U53/><E53/><V133/><F133/><W39/><G47/><T119/><D49/><U61/><E61/><V84/><F120/><W95/><G134/><T86/><D86/><N who="1" m="52407" /><E40/><V99/><F99/><W0/><G96/><T67/><D67/><U62/><E62/><V33/><F84/><W58/><G58/><T36/><D36/><U52/><E52/><V121/><F121/><W71/><G38/><T106/><REACH who="0" step="1"/><D119/><REACH who="0" ten="33,387,200,370" step="2"/><U108/><E108/><V82/><F8/><AGARI ba="0,1" hai="8,13,17,29,31" m="52407,6175,43563" machi="8" ten="30,7700,0" yaku="15,1,11,1,52,1,54,1" doraHai="87" who="1" fromWho="2" sc="33,0,387,87,200,-77,370,0" /><INIT seed="5,0,0,1,4,122" ten="33,474,123,370" oya="1" hai0="50,0,13,78,6,99,31,101,126,114,15,38,56" hai1="69,72,61,66,24,105,12,60,27,118,91,29,32" hai2="96,106,52,46,33,90,57,30,88,48,124,42,18" hai3="87,115,67,84,97,45,14,103,41,95,113,65,100"/><U53/><E118/><V9/><F124/><W10/><G100/><T17/><D38/><U76/><E91/><V82/><F30/><W8/><G67/><T77/><D126/><U135/><E12/><N who="2" m="7439" /><F33/><W130/><G130/><T107/><D114/><N who="3" m="43529" /><G65/><T20/><D0/><U79/><E27/><V74/><F74/><W89/><G14/><T23/><D31/><U16/><E105/><V58/><F106/><N who="3" m="63855" /><G87/><T92/><D107/><U2/><E72/><V123/><F123/><W62/><G62/><T22/><D6/><U93/><E2/><V132/><F132/><W36/><AGARI ba="0,0" hai="8,10,36,41,45,84,89,95" m="63855,43529" machi="36" ten="30,1100,0" yaku="15,1" doraHai="122" who="3" fromWho="3" sc="33,-3,474,-5,123,-3,370,11" /><INIT seed="6,0,0,4,5,10" ten="30,469,120,381" oya="2" hai0="22,4,95,120,68,67,85,79,54,133,50,87,77" hai1="90,25,5,88,38,1,92,60,117,102,8,121,101" hai2="74,103,94,129,73,105,91,96,126,72,132,76,62" hai3="134,107,2,131,29,55,75,19,52,104,97,58,65"/><V82/><F62/><W44/><G2/><T14/><D120/><U6/><E38/><V39/><F39/><W12/><G75/><N who="2" m="28745" /><F132/><W16/><G134/><T118/><D133/><U47/><E90/><V48/><F48/><W21/><G131/><T124/><D124/><U35/><E88/><N who="2" m="55367" /><F129/><W18/><G29/><T112/><D112/><U11/><E60/><V110/><F126/><W15/><G65/><T49/><D68/><U46/><E47/><V64/><F64/><W127/><G44/><T57/><D67/><U106/><E46/><V30/><F30/><W99/><G19/><T100/><D118/><U23/><E117/><V123/><F123/><W61/><G61/><T113/><D113/><U53/><E121/><V84/><F110/><W32/><G21/><T13/><D50/><U69/><E23/><V26/><F26/><W31/><G31/><T17/><D77/><U28/><E69/><V122/><F122/><W128/><G128/><T27/><D79/><U24/><E28/><V56/><F56/><W37/><G37/><T86/><REACH who="0" step="1"/><D4/><REACH who="0" ten="20,469,120,381" step="2"/><U115/><E6/><V3/><F3/><W78/><G78/><T20/><D20/><U93/><E5/><V83/><F105/><W70/><G70/><T80/><D80/><U81/><E81/><V130/><F130/><W0/><G0/><T114/><D114/><U108/><E106/><V43/><F43/><W98/><G127/><T89/><D89/><U116/><E1/><V63/><F63/><N who="3" m="36295" /><G107/><T33/><D33/><U34/><E34/><V9/><F103/><N who="1" m="39433" /><E35/><V71/><F71/><W7/><G32/><RYUUKYOKU ba="0,1" sc="20,15,469,-15,120,15,381,-15" hai0="13,14,17,22,27,49,54,57,85,86,87,95,100" hai2="9,74,76,82,83,84,91" /><INIT seed="6,1,1,3,5,22" ten="35,454,135,366" oya="2" hai0="93,69,66,91,103,99,8,88,71,73,133,65,130" hai1="36,40,96,84,27,59,3,63,57,49,131,23,119" hai2="116,135,111,94,4,31,54,120,108,34,41,98,80" hai3="87,76,100,52,104,121,72,77,92,42,53,39,64"/><V43/><F120/><W122/><G64/><T35/><D35/><U127/><E3/><V110/><F116/><W37/><G104/><T24/><D73/><U14/><E119/><V68/><F68/><W89/><G100/><T112/><D112/><U46/><E131/><V101/><F4/><W7/><G7/><T107/><D130/><U48/><E127/><V81/><F135/><W105/><G105/><T123/><D123/><U18/><E96/><V129/><F129/><W30/><G30/><T85/><D133/><U62/><E84/><V51/><F31/><W50/><G53/><T70/><D8/><U60/><E14/><V95/><F95/><W128/><G128/><T118/><D118/><U33/><E33/><V113/><F34/><W90/><G90/><T125/><D125/><U5/><E5/><V74/><F113/><W75/><G75/><T117/><D117/><U29/><E29/><V2/><F2/><W106/><G106/><T0/><D0/><U13/><E13/><V32/><F32/><W11/><G11/><T26/><REACH who="0" step="1"/><D91/><REACH who="0" ten="25,454,135,366" step="2"/><U44/><E36/><V102/><F74/><W83/><G37/><T115/><D115/><U6/><E6/><V9/><F9/><W47/><G77/><T55/><D55/><AGARI ba="1,2" hai="18,23,27,40,44,46,48,49,55,57,59,60,62,63" machi="55" ten="40,2600,0" yaku="8,1,52,1" doraHai="22" who="1" fromWho="0" sc="25,-29,454,49,135,0,366,0" owari="-4,-50.0,503,59.0,135,-26.0,366,17.0" /></mjloggm>