<mjloggm ver="2.3"><GO type="169" lobby="0"/><UN n0="%E3%83%88%E3%83%88%E3%83%AA%E5%85%88%E7%94%9F%31%39%E6%AD%B3" n1="%6D%69%6E%64%6D%61%70" n2="%E6%96%87%E5%9B%9B%E9%83%8E" n3="%E3%83%9F%E3%82%AF%E3%83%AD" dan="19,16,16,16" rate="2355.14,2095.28,2164.47,2134.72" sx="F,M,M,M"/><TAIKYOKU oya="0"/><INIT seed="0,0,0,2,4,6" ten="250,250,250,250" oya="0" hai0="84,41,125,122,106,44,53,119,49,118,17,127,134" hai1="83,32,63,111,90,69,4,50,40,89,34,58,46" hai2="93,64,24,25,48,86,82,38,2,66,39,20,117" hai3="60,23,112,113,95,130,18,28,10,85,29,1,108"/><T124/><D106/><U100/><E69/><V98/><F2/><W81/><G108/><T35/><D35/><U7/><E111/><V77/><F117/><W121/><G130/><T0/><D0/><U72/><E34/><V135/><F135/><W88/><G121/><T74/><D74/><U45/><E32/><V102/><F25/><W94/><G60/><T61/><D84/><U105/><E100/><V33/><F33/><W110/><G110/><T92/><D92/><U42/><E105/><V128/><F128/><W27/><G94/><T114/><D122/><U43/><E72/><V26/><F26/><W109/><G109/><T51/><D114/><U12/><E83/><V15/><F15/><W14/><G1/><T101/><D101/><U3/><E3/><V99/><F48/><W87/><REACH who="3" step="1"/><G29/><REACH who="3" ten="250,250,250,240" step="2"/><T132/><D61/><U96/><E63/><V116/><F116/><N who="0" m="44586" /><D17/><U11/><E4/><V73/><F99/><W76/><AGARI ba="0,1" hai="10,14,18,23,27,28,76,81,85,87,88,95,112,113" machi="76" ten="20,8000,1" yaku="1,1,0,1,7,1,52,1,54,1,53,0" doraHai="6" doraHaiUra="71" who="3" fromWho="3" sc="250,-40,250,-20,250,-20,240,90" /><INIT seed="1,0,0,4,3,26" ten="210,230,230,330" oya="1" hai0="11,44,46,47,43,76,12,8,94,121,81,24,63" hai1="4,65,45,112,114,17,21,124,118,52,62,97,130" hai2="15,99,14,41,6,91,37,134,95,16,59,119,89" hai3="107,129,78,0,80,38,57,104,71,31,108,70,117"/><U18/><E118/><V77/><F119/><W32/><G117/><T106/><D106/><U96/><E130/><V73/><F134/><W83/><G57/><T22/><D121/><U33/><E33/><V125/><F125/><W132/><G129/><T113/><D113/><U72/><E72/><V69/><F69/><W3/><G108/><T111/><D111/><U135/><E135/><V68/><F68/><N who="3" m="26155" /><G38/><T10/><D94/><U75/><E75/><V34/><F34/><W49/><G49/><T90/><D90/><U55/><E124/><V116/><F116/><W13/><G13/><T50/><D63/><U9/><E112/><V1/><F1/><W115/><G132/><T23/><D23/><U56/><E114/><V87/><F73/><N who="3" m="43087" /><G83/><T58/><D58/><U60/><E45/><V40/><F77/><W35/><G115/><T123/><D123/><U110/><E110/><V127/><F127/><W5/><G32/><T54/><D12/><N who="1" m="5159" /><E62/><V7/><F59/><W29/><G35/><T128/><D128/><U25/><E17/><V131/><F131/><W67/><G107/><T126/><D43/><N who="2" m="16458" /><F37/><W105/><G105/><T61/><D61/><U102/><E102/><V103/><F103/><W64/><G104/><T42/><D126/><U82/><E82/><N who="2" m="49399" /><F15/><W100/><G100/><T98/><D42/><U19/><E19/><V51/><F51/><W84/><G0/><T88/><D81/><U85/><E85/><V120/><F120/><W66/><G84/><T30/><D76/><U133/><E133/><V2/><F2/><W20/><G20/><AGARI ba="0,0" hai="6,7,14,16,20,91,95,99" m="49399,16458" machi="20" ten="30,2000,0" yaku="8,1,54,1" doraHai="26" who="2" fromWho="3" sc="210,0,230,0,230,20,330,-20" /><INIT seed="2,0,0,3,4,47" ten="210,230,250,310" oya="2" hai0="11,119,58,96,30,125,95,4,101,120,48,72,116" hai1="103,5,17,34,64,104,127,90,65,73,63,41,124" hai2="16,102,29,128,75,61,37,82,12,122,123,32,15" hai3="40,42,6,31,131,74,84,129,110,70,14,85,27"/><V134/><F37/><W106/><G74/><T135/><D120/><U92/><E73/><V79/><F102/><W98/><G70/><T113/><D113/><U114/><E114/><V105/><F105/><W130/><G110/><T21/><D72/><U89/><E34/><V9/><F128/><W99/><G6/><T28/><D135/><U126/><E5/><V107/><F107/><W66/><G14/><T0/><D125/><U38/><E104/><V60/><F134/><W118/><G66/><T80/><D80/><U86/><E103/><V71/><F15/><W10/><G10/><T132/><D132/><U46/><E63/><V67/><REACH who="2" step="1"/><F61/><REACH who="2" ten="210,230,240,310" step="2"/><W54/><G106/><T53/><REACH who="0" step="1"/><D21/><REACH who="0" ten="200,230,240,310" step="2"/><U115/><E115/><V50/><F50/><W87/><G131/><T26/><D26/><AGARI ba="0,2" hai="9,12,16,26,29,32,60,67,71,75,79,82,122,123" machi="26" ten="40,3900,0" yaku="1,1,54,1,53,0" doraHai="47" doraHaiUra="44" who="2" fromWho="0" sc="200,-39,230,0,240,59,310,0" /><INIT seed="2,1,0,0,2,93" ten="161,230,299,310" oya="2" hai0="85,135,54,104,69,71,90,107,134,10,45,7,56" hai1="34,86,92,127,125,78,131,106,48,112,95,120,74" hai2="3,108,50,18,42,58,119,130,26,63,27,62,40" hai3="109,98,1,28,94,53,4,46,133,126,5,73,88"/><V96/><F119/><W6/><G109/><T75/><D75/><U9/><E34/><V30/><F3/><W111/><G111/><T51/><D56/><U36/><E36/><V82/><F130/><W81/><G133/><N who="0" m="50699" /><D85/><U24/><E131/><V16/><F108/><W102/><G126/><T124/><D90/><U118/><E118/><V68/><F68/><N who="0" m="26186" /><D124/><U15/><E106/><V19/><F82/><W52/><G73/><T0/><AGARI ba="1,0" hai="0,7,10,45,51,54,104,107" m="26186,50699" machi="0" ten="30,1100,0" yaku="20,1" doraHai="93" who="0" fromWho="0" sc="161,14,230,-4,299,-6,310,-4" /><INIT seed="3,0,0,2,4,1" ten="175,226,293,306" oya="3" hai0="25,40,20,15,129,78,88,115,76,126,98,11,41" hai1="72,113,13,3,19,48,118,53,64,36,39,130,56" hai2="43,79,0,16,58,61,34,10,55,51,97,131,96" hai3="45,24,54,127,44,119,91,59,114,67,26,42,49"/><W100/><G114/><T38/><D129/><U92/><E113/><V4/><F34/><W87/><G127/><T135/><D135/><U120/><E130/><V28/><F131/><W65/><G119/><T116/><D126/><U27/><E120/><V80/><F28/><W50/><G100/><T2/><D2/><U31/><E3/><V77/><F77/><N who="0" m="29802" /><D38/><U111/><E72/><V21/><F43/><W75/><G75/><T68/><D68/><U107/><E107/><V23/><F23/><W57/><G65/><T60/><D60/><U106/><E106/><V102/><F102/><W122/><G122/><T117/><D115/><U52/><E64/><V134/><F61/><N who="3" m="38335" /><G57/><T132/><D117/><U110/><E118/><V29/><F134/><W47/><G47/><T66/><D66/><U8/><E92/><AGARI ba="0,0" hai="24,26,42,44,45,49,50,54,87,91,92" m="38335" machi="92" ten="30,1500,0" yaku="8,1" doraHai="1" who="3" fromWho="1" sc="175,0,226,-15,293,0,306,15" /><INIT seed="3,1,0,0,5,66" ten="175,211,293,321" oya="3" hai0="94,32,81,43,132,82,113,47,49,56,116,74,71" hai1="45,50,7,107,22,76,110,5,111,40,121,125,3" hai2="44,25,10,53,8,104,24,51,57,129,77,114,99" hai3="106,101,29,37,26,48,75,85,69,0,35,19,6"/><W95/><G85/><T102/><D116/><U60/><E121/><V79/><F114/><W127/><G95/><T133/><D32/><U108/><E107/><V4/><F129/><W13/><G48/><T36/><D113/><U15/><E3/><V63/><F104/><W118/><G118/><T28/><D28/><U23/><E125/><V31/><F99/><W109/><G127/><T16/><D71/><U2/><E2/><V98/><F98/><N who="3" m="61751" /><G19/><T12/><D94/><U124/><E124/><V61/><F61/><W117/><G13/><T126/><D102/><U90/><E76/><V100/><F100/><W38/><G117/><T72/><D126/><U17/><E90/><V33/><F25/><W68/><G109/><T65/><D81/><U97/><E97/><V123/><F123/><W120/><G75/><T96/><D96/><U41/><E41/><V115/><F115/><W91/><G91/><T1/><D1/><U52/><REACH who="1" step="1"/><E23/><REACH who="1" ten="175,201,293,321" step="2"/><V93/><F77/><W11/><G120/><T134/><D82/><U130/><E130/><V58/><F79/><W30/><G30/><T131/><D131/><U105/><E105/><V119/><F31/><W42/><G42/><T9/><D36/><AGARI ba="1,1" hai="0,6,11,26,29,35,36,37,38,68,69" m="61751" machi="36" ten="30,11600,0" yaku="33,2,52,2" doraHai="66" who="3" fromWho="0" sc="175,-119,201,0,293,0,321,129" /><INIT seed="3,2,0,5,4,111" ten="56,201,293,450" oya="3" hai0="84,34,121,112,8,9,28,128,14,48,93,69,95" hai1="40,41,134,46,131,101,85,72,50,94,132,129,42" hai2="74,13,6,25,66,127,103,92,5,60,105,11,30" hai3="97,86,61,110,37,82,70,67,2,36,71,0,113"/><W63/><G97/><T44/><D121/><U135/><E72/><V33/><F74/><W81/><G110/><T90/><D69/><U125/><E101/><V10/><F92/><W114/><REACH who="3" step="1"/><G86/><REACH who="3" ten="56,201,293,440" step="2"/><T58/><D84/><U118/><E85/><V54/><F127/><W65/><AGARI ba="2,1" hai="0,2,36,37,61,63,65,67,70,71,81,82,113,114" machi="65" ten="25,18000,2" yaku="1,1,2,1,0,1,22,2,52,2,53,0" doraHai="111" doraHaiUra="116" who="3" fromWho="3" sc="56,-62,201,-62,293,-62,440,196" owari="-6,-51.0,139,-26.0,231,3.0,636,74.0" /></mjloggm>