<mjloggm ver="2.3"><GO type="169" lobby="0"/><UN n0="%E3%82%A6%E3%83%AB%E3%83%88%E3%83%A9%E7%AB%8B%E7%9B%B4" n1="%E3%82%BD%E3%83%B3%E3%82%BB%E3%82%AD" n2="%E9%81%BF%E3%81%91%E3%82%8B%E3%83%81%E3%83%BC%E3%82%BA" n3="%E3%81%8A%E3%81%8B%E3%81%B0" dan="18,16,16,16" rate="2247.74,2085.21,2122.35,2089.44" sx="M,M,F,M"/><TAIKYOKU oya="0"/><INIT seed="0,0,0,0,1,61" ten="250,250,250,250" oya="0" hai0="63,0,96,38,55,58,76,80,2,53,54,101,21" hai1="17,29,68,95,90,57,51,9,133,43,5,100,123" hai2="20,74,108,121,44,39,104,66,97,46,27,10,24" hai3="111,18,14,109,128,31,34,102,59,106,64,23,85"/><T92/><D38/><U32/><E123/><V49/><F121/><W37/><G37/><T88/><D21/><U8/><E133/><V48/><F74/><W72/><G72/><T52/><REACH who="0" step="1"/><D101/><REACH who="0" ten="240,250,250,250" step="2"/><U4/><E100/><V67/><F39/><W3/><G102/><T25/><D25/><U83/><E32/><V87/><F27/><W127/><G34/><T122/><D122/><U118/><E118/><V129/><F24/><W81/><G23/><T30/><D30/><U26/><E26/><V110/><F20/><W112/><G31/><T50/><D50/><U42/><E51/><V13/><F49/><W65/><G109/><N who="2" m="42089" /><F48/><W82/><G111/><T62/><D62/><U116/><E116/><V120/><F120/><W36/><G36/><T135/><D135/><U6/><E29/><V103/><F129/><W94/><G128/><T71/><D71/><U75/><E68/><V115/><F115/><W16/><G112/><T89/><D89/><U45/><E90/><V78/><F46/><W11/><G11/><T134/><D134/><U19/><E45/><V93/><F44/><W70/><G70/><T98/><D98/><U15/><E57/><V56/><F56/><W114/><G59/><T124/><D124/><U119/><E119/><V105/><F78/><W12/><G127/><T47/><D47/><U69/><E69/><V77/><F77/><W40/><G114/><T131/><D131/><U79/><E79/><V60/><F60/><W41/><G41/><T86/><AGARI ba="0,1" hai="0,2,52,53,54,55,58,63,76,80,86,88,92,96" machi="86" ten="30,11700,0" yaku="1,1,0,1,54,2,53,0" doraHai="61" doraHaiUra="132" who="0" fromWho="0" sc="240,127,250,-39,250,-39,250,-39" /><INIT seed="0,1,0,1,5,35" ten="367,211,211,211" oya="0" hai0="20,18,90,15,58,24,115,116,69,30,22,88,117" hai1="44,48,87,10,133,119,9,106,86,65,34,131,21" hai2="45,47,13,112,46,92,66,42,2,17,23,102,59" hai3="104,101,100,111,126,36,8,40,19,125,113,6,122"/><T3/><D69/><U118/><E34/><V103/><F112/><W50/><G36/><T4/><D58/><U76/><E131/><V110/><F110/><W56/><G113/><T37/><D37/><U38/><E38/><V120/><F120/><W72/><G72/><T105/><D105/><U129/><E129/><V77/><F77/><W16/><G111/><T71/><D71/><U123/><E123/><V89/><F2/><N who="3" m="87" /><G122/><T25/><D88/><U128/><E128/><V79/><F79/><W108/><G108/><T97/><D90/><U29/><E133/><V49/><F42/><W32/><G32/><N who="0" m="20551" /><D97/><U99/><E65/><V81/><F81/><W94/><G104/><T14/><D115/><U84/><E99/><V83/><F83/><W62/><G50/><T121/><D121/><U39/><E39/><V132/><F132/><W60/><G40/><T54/><D54/><U67/><E67/><V127/><F127/><N who="3" m="48651" /><G60/><T12/><D22/><U98/><E76/><V0/><F0/><W31/><G94/><T7/><D3/><U1/><E1/><V78/><F78/><W135/><G135/><T26/><D117/><U64/><E118/><V74/><F74/><W11/><G56/><T55/><D116/><U73/><E106/><V52/><F66/><W75/><G75/><T5/><D55/><U33/><E64/><V57/><F59/><W124/><G62/><T53/><D53/><U51/><E73/><V107/><F107/><W61/><G61/><T134/><D134/><U68/><E119/><V109/><F109/><W27/><G124/><T130/><D130/><RYUUKYOKU ba="1,0" sc="367,15,211,-15,211,15,211,-15" hai0="4,5,7,12,14,15,18,20,25,26" hai2="13,17,23,45,46,47,49,52,57,89,92,102,103" /><INIT seed="0,2,0,3,3,1" ten="382,196,226,196" oya="0" hai0="84,15,54,50,93,101,81,76,86,63,131,67,42" hai1="132,59,135,80,83,64,109,9,21,118,10,8,35" hai2="30,122,128,70,115,72,108,16,34,17,20,123,117" hai3="40,0,99,25,107,27,14,130,105,41,47,22,125"/><T37/><D131/><U53/><E109/><V121/><F70/><W89/><G0/><T133/><D133/><N who="1" m="51275" /><E35/><V79/><F79/><W13/><G125/><T116/><D116/><U43/><E43/><V57/><F72/><W36/><G130/><T24/><D24/><U32/><E32/><V110/><F128/><W134/><G134/><T119/><D119/><U56/><E118/><V100/><F117/><W75/><G75/><T112/><D112/><U104/><E104/><V95/><F57/><N who="1" m="22089" /><E53/><V82/><F115/><W90/><G36/><T98/><D42/><U85/><E64/><V92/><F34/><W33/><G33/><T18/><D37/><U11/><N who="1" m="2048" /><DORA hai="66" /><U38/><E38/><V58/><F58/><W7/><G47/><T3/><D3/><U88/><E21/><V127/><F122/><W71/><G22/><T39/><D39/><U69/><E69/><V46/><F20/><W62/><G62/><T61/><D63/><U5/><E80/><V103/><F82/><W73/><G71/><T6/><D61/><U106/><E106/><V87/><F46/><W12/><G107/><T2/><D67/><U74/><E74/><V113/><F113/><W23/><G73/><N who="0" m="43151" /><D54/><U31/><E31/><V94/><F30/><N who="3" m="17727" /><G27/><T26/><D26/><U129/><E129/><V28/><F28/><W52/><G52/><T48/><D2/><U78/><E78/><V49/><F121/><W44/><G40/><T68/><D68/><U126/><E126/><V114/><F123/><W111/><G41/><T91/><D50/><U51/><E51/><V96/><F114/><RYUUKYOKU ba="2,0" sc="382,-10,196,30,226,-10,196,-10" hai1="5,83,85,88" /><INIT seed="1,3,0,4,2,98" ten="372,226,216,186" oya="1" hai0="79,114,46,24,31,66,78,124,107,28,121,49,87" hai1="127,61,133,37,125,33,129,122,41,72,64,40,9" hai2="81,47,17,32,85,54,19,90,23,130,134,69,13" hai3="96,34,0,12,83,67,20,86,50,2,131,103,95"/><U35/><E72/><V27/><F69/><W110/><G34/><N who="1" m="12810" /><E122/><V126/><F126/><N who="1" m="48137" /><E9/><V56/><F134/><W77/><G131/><T26/><D107/><U91/><E91/><V105/><F105/><W100/><G110/><T11/><D11/><U58/><E133/><V113/><F113/><W57/><G103/><T88/><D114/><U6/><E6/><V52/><F130/><W53/><REACH who="3" step="1"/><G67/><REACH who="3" ten="372,226,216,176" step="2"/><T45/><D66/><U71/><E129/><V60/><F32/><W48/><G48/><T1/><D49/><U118/><E37/><V14/><F19/><AGARI ba="3,1" hai="0,2,12,19,20,50,53,57,77,83,86,95,96,100" machi="19" ten="40,2600,0" yaku="1,1,52,1,53,0" doraHai="98" doraHaiUra="59" who="3" fromWho="2" sc="372,0,226,0,216,-35,176,45" /><INIT seed="2,0,0,0,4,104" ten="372,226,181,221" oya="2" hai0="8,54,43,73,37,83,7,101,131,114,99,12,55" hai1="85,126,28,52,127,42,53,98,93,15,95,2,40" hai2="122,18,86,14,82,60,118,0,102,125,9,66,26" hai3="22,31,108,110,68,112,44,49,69,130,97,62,87"/><V88/><F122/><W80/><G97/><T34/><D34/><U132/><E2/><V51/><F118/><W128/><G31/><T107/><D114/><U46/><E132/><V67/><F0/><W90/><G22/><T120/><D120/><U71/><E71/><N who="3" m="27210" /><G62/><T56/><D56/><U57/><E28/><V39/><F39/><W134/><G134/><T113/><D113/><U17/><E85/><V64/><F102/><W23/><G23/><T123/><D123/><U3/><E3/><V33/><F125/><W116/><G116/><T35/><D35/><U38/><E42/><V109/><F109/><N who="3" m="42091" /><G112/><T4/><D99/><U29/><E29/><V121/><F121/><W16/><G16/><T91/><D101/><U129/><E129/><V47/><F33/><W92/><G92/><T50/><D4/><U105/><E105/><V36/><F36/><W79/><G90/><T106/><D91/><U65/><E65/><V100/><F100/><W32/><G32/><T21/><D107/><U25/><E25/><V75/><F60/><W84/><G84/><T13/><D106/><U41/><E98/><V45/><F26/><W78/><G78/><N who="0" m="44495" /><D21/><U27/><E93/><V117/><F117/><W119/><G119/><T19/><D19/><U103/><E17/><V58/><F66/><W72/><G87/><T81/><D7/><U111/><E111/><V94/><F67/><W10/><G10/><T89/><D8/><U63/><E127/><V11/><F11/><W1/><G1/><T135/><D135/><U124/><E126/><V5/><F64/><W96/><G96/><RYUUKYOKU ba="0,0" sc="372,-10,226,-10,181,-10,221,30" hai3="44,49,72,79,80,128,130" /><INIT seed="3,1,0,1,4,90" ten="362,216,171,251" oya="3" hai0="58,31,100,123,87,120,132,78,22,127,89,8,80" hai1="0,129,102,103,110,68,117,124,29,115,16,126,106" hai2="88,64,40,35,43,36,2,32,107,34,118,3,81" hai3="11,6,33,76,77,93,116,122,23,62,84,53,101"/><W10/><G116/><T82/><D8/><U133/><RYUUKYOKU type="yao9" ba="1,0" sc="362,0,216,0,171,0,251,0" hai1="0,16,29,68,102,103,106,110,115,117,124,126,129,133" /><INIT seed="3,2,0,1,3,15" ten="362,216,171,251" oya="3" hai0="53,42,115,75,135,62,106,21,14,74,61,5,18" hai1="129,116,28,33,50,122,10,36,24,126,89,87,51" hai2="32,4,134,124,104,47,121,22,114,13,94,67,118" hai3="71,127,52,96,97,132,128,6,84,81,66,95,38"/><W90/><G38/><T55/><D106/><U133/><E122/><V60/><F104/><W99/><G128/><T27/><D42/><U19/><E129/><V68/><F32/><W73/><G132/><T8/><D135/><U111/><E133/><V43/><F134/><W123/><G123/><T54/><REACH who="0" step="1"/><D115/><REACH who="0" ten="352,216,171,251" step="2"/><U26/><E116/><V88/><F114/><W30/><G127/><T86/><D86/><U1/><E126/><V17/><F121/><W45/><G73/><AGARI ba="2,1" hai="5,8,14,18,21,27,53,54,55,61,62,73,74,75" machi="73" ten="40,2600,0" yaku="1,1,52,1,53,0" doraHai="15" doraHaiUra="125" who="0" fromWho="3" sc="352,42,216,0,171,0,251,-32" /><INIT seed="4,0,0,1,4,69" ten="394,216,171,219" oya="0" hai0="21,8,51,15,47,81,24,63,70,65,102,113,26" hai1="50,39,32,74,17,126,29,134,62,85,18,0,115" hai2="99,82,25,77,120,123,71,5,90,80,109,40,58" hai3="45,86,103,100,135,91,104,16,4,121,127,23,93"/><T94/><D113/><U14/><E74/><V75/><F71/><W95/><G104/><T35/><D81/><U49/><E0/><V84/><F109/><W110/><G110/><T111/><D111/><U97/><E126/><V56/><F5/><W53/><G127/><T22/><D102/><N who="3" m="38953" /><G135/><T33/><D94/><U31/><E134/><V7/><F99/><W30/><G121/><T87/><D87/><U130/><E97/><V76/><F7/><W1/><G1/><T129/><D129/><U48/><E130/><V9/><F9/><W37/><G37/><T55/><D15/><U112/><E62/><V12/><F12/><N who="3" m="9607" /><G4/><T117/><D8/><U2/><E2/><V60/><F120/><W66/><G66/><T46/><D117/><U132/><E132/><V83/><F123/><W3/><G3/><T44/><D35/><U42/><E85/><V96/><F96/><W10/><G10/><T36/><D33/><U73/><E73/><V88/><F25/><W28/><G95/><T107/><D107/><U133/><E133/><V78/><F60/><W125/><G125/><T11/><D11/><N who="1" m="6367" /><E32/><V89/><F40/><W64/><G64/><T124/><D124/><U6/><E6/><V52/><F58/><W131/><G131/><T119/><D119/><U108/><E108/><V128/><F128/><W92/><G92/><T101/><D26/><U98/><E98/><V67/><F67/><W19/><G19/><N who="0" m="12351" /><D101/><U59/><E18/><V27/><F27/><W34/><G34/><T114/><D65/><U13/><E115/><V116/><F116/><W61/><G61/><RYUUKYOKU ba="0,0" sc="394,-10,216,-10,171,-10,219,30" hai3="28,30,45,53,86,91,93" /><INIT seed="5,1,0,3,2,78" ten="384,206,161,249" oya="1" hai0="45,53,57,6,70,120,26,135,123,39,5,42,8" hai1="63,114,49,2,131,91,82,118,12,38,51,76,104" hai2="133,66,125,101,100,79,73,95,35,21,98,48,31" hai3="9,106,33,129,74,99,37,10,61,112,85,1,24"/><U122/><E2/><V52/><F35/><W18/><G85/><T11/><D70/><U130/><E118/><V87/><F133/><W64/><G18/><T19/><D135/><U36/><E122/><N who="0" m="46633" /><D26/><U46/><E114/><V68/><F125/><W17/><G99/><T0/><D19/><U62/><E104/><V16/><F31/><W25/><G61/><N who="1" m="23050" /><E91/><V30/><F30/><N who="3" m="19655" /><G74/><T119/><D119/><U83/><E12/><V29/><F29/><W69/><G64/><T58/><D53/><U111/><E76/><V116/><F116/><W54/><G54/><T89/><D89/><U28/><E28/><V75/><F66/><W55/><G55/><T117/><D117/><U67/><E67/><V96/><F68/><W93/><G37/><N who="1" m="14442" /><E111/><V72/><F79/><W113/><G69/><T13/><AGARI ba="1,0" hai="0,5,6,8,11,13,39,42,45,57,58" m="46633" machi="13" ten="30,1100,0" yaku="13,1" doraHai="78" who="0" fromWho="0" sc="384,14,206,-6,161,-4,249,-4" /><INIT seed="6,0,0,5,0,0" ten="398,200,157,245" oya="2" hai0="122,29,106,77,44,72,50,3,59,133,65,40,120" hai1="60,97,76,1,70,8,96,117,24,108,82,127,99" hai2="131,118,19,90,132,45,134,5,85,91,71,86,52" hai3="87,68,121,94,107,109,53,26,43,34,92,2,100"/><V64/><F118/><W89/><G109/><T30/><D106/><U95/><E108/><V124/><F124/><W16/><G121/><T116/><D3/><U74/><E117/><V111/><F111/><W25/><G107/><T17/><D116/><U22/><E127/><V81/><F131/><W110/><G110/><T75/><D17/><U48/><E48/><N who="2" m="28687" /><F19/><W15/><G2/><T69/><D69/><U6/><E70/><V62/><F85/><W125/><G125/><T129/><D129/><U119/><E60/><V33/><F33/><W73/><G73/><T66/><D29/><U123/><E123/><V102/><F102/><W39/><G34/><T41/><D30/><U128/><E128/><V12/><F12/><W4/><G68/><T28/><D28/><U67/><E67/><V51/><F51/><W23/><G39/><T14/><D50/><U38/><E38/><V20/><F20/><W11/><G43/><T115/><D40/><U126/><E126/><V104/><F104/><W84/><G53/><T9/><D41/><U31/><REACH who="1" step="1"/><E119/><REACH who="1" ten="398,190,157,245" step="2"/><V57/><F71/><W49/><G49/><T58/><D122/><U36/><E36/><V113/><F113/><W114/><G114/><T10/><D115/><U54/><E54/><V80/><F134/><W135/><G135/><T32/><D133/><U61/><E61/><V55/><F132/><W56/><G56/><T105/><D59/><U21/><E21/><V112/><F112/><W7/><G23/><T46/><D58/><U103/><AGARI ba="0,1" hai="1,6,8,22,24,31,74,76,82,95,96,97,99,103" machi="103" ten="20,5200,0" yaku="1,1,0,1,7,1,52,1,53,0" doraHai="0" doraHaiUra="47" who="1" fromWho="1" sc="398,-13,190,62,157,-26,245,-13" /><INIT seed="7,0,0,1,5,81" ten="385,252,131,232" oya="3" hai0="25,60,94,27,4,80,100,54,1,7,85,101,102" hai1="133,61,92,110,83,114,32,10,38,52,109,121,116" hai2="14,124,18,113,66,72,39,125,9,84,132,51,36" hai3="44,50,134,56,33,76,91,58,93,40,16,115,71"/><W13/><G71/><T42/><D94/><U48/><E38/><V37/><F72/><W131/><G33/><T105/><D42/><U59/><E121/><V68/><F113/><W24/><G115/><T77/><D105/><U75/><E114/><V20/><F132/><W17/><G131/><T128/><D128/><U34/><E133/><V96/><F96/><W79/><G134/><T23/><D1/><U78/><E116/><V126/><F51/><W88/><G24/><N who="0" m="9291" /><D23/><U87/><E10/><V103/><F103/><W19/><G13/><T12/><D12/><U63/><E32/><V26/><F66/><W67/><G91/><T82/><D82/><U118/><E34/><V43/><F68/><W69/><G69/><T5/><D5/><U73/><E118/><V0/><F0/><W11/><G11/><T53/><D53/><U90/><REACH who="1" step="1"/><E75/><REACH who="1" ten="385,242,131,232" step="2"/><V65/><F65/><W30/><G30/><T47/><D4/><U3/><E3/><V123/><F123/><W122/><G122/><T21/><D7/><U95/><E95/><V98/><F98/><N who="3" m="57639" /><G67/><T112/><D112/><U106/><E106/><V35/><F35/><W49/><G49/><N who="0" m="28991" /><D21/><U45/><E45/><V2/><F2/><W74/><G74/><T29/><D60/><AGARI ba="0,1" hai="48,52,59,60,61,63,73,78,83,87,90,92,109,110" machi="60" ten="40,5200,0" yaku="1,1,52,1,54,1,53,0" doraHai="81" doraHaiUra="117" who="1" fromWho="0" sc="385,-52,242,62,131,0,232,0" owari="333,44.0,304,10.0,131,-37.0,232,-17.0" /></mjloggm>