<mjloggm ver="2.3"><GO type="169" lobby="0"/><UN n0="%E3%81%B5%E3%81%8B" n1="%E3%83%88%E3%83%88%E3%83%AA%E5%85%88%E7%94%9F%31%39%E6%AD%B3" n2="%E9%89%84%E8%B2%9E" n3="%E3%81%BA%E3%82%93%E3%81%8E%E3%82%93%E3%81%95%E3%82%93" dan="16,19,16,16" rate="2097.17,2280.59,2128.37,2082.51" sx="M,F,M,F"/><TAIKYOKU oya="0"/><INIT seed="0,0,0,5,5,33" ten="250,250,250,250" oya="0" hai0="65,110,71,40,16,84,81,22,132,5,29,104,124" hai1="96,46,94,100,21,45,39,62,126,57,0,52,108" hai2="135,19,23,25,88,1,37,18,92,20,51,87,127" hai3="102,101,125,111,128,61,58,30,11,69,38,91,3"/><T89/><D104/><U31/><E108/><V122/><F122/><W34/><G38/><T129/><D110/><U9/><E126/><V66/><F37/><W113/><G113/><T82/><D124/><U72/><E72/><V8/><F127/><W64/><G125/><T55/><D129/><U130/><E130/><V70/><F135/><W6/><G128/><T14/><D132/><U56/><E39/><V112/><F112/><W74/><G74/><T24/><D40/><U54/><E0/><V35/><F35/><W13/><G111/><T85/><D5/><U43/><E9/><V93/><F51/><W60/><G91/><T12/><D55/><U17/><E31/><V47/><F47/><W105/><G13/><T76/><D71/><U86/><E86/><V116/><F116/><W107/><G107/><T77/><D65/><U123/><E43/><V7/><F70/><W114/><G114/><T63/><D63/><U95/><E95/><V79/><F79/><W83/><G83/><T118/><D118/><U106/><E106/><V97/><F66/><W133/><G133/><T68/><D68/><U67/><E123/><V109/><F109/><W121/><G121/><T50/><D50/><N who="1" m="30807" /><E67/><V4/><F4/><W117/><G117/><T99/><D29/><U27/><AGARI ba="0,0" hai="17,21,27,45,46,52,57,62,94,96,100" m="30807" machi="27" ten="30,2000,0" yaku="8,1,54,1" doraHai="33" who="1" fromWho="1" sc="250,-10,250,20,250,-5,250,-5" /><INIT seed="1,0,0,4,1,131" ten="240,270,245,245" oya="1" hai0="32,86,98,105,51,14,7,128,47,111,74,107,112" hai1="42,94,36,104,9,38,90,20,92,113,70,43,13" hai2="68,25,123,101,99,117,122,83,72,135,109,73,126" hai3="53,69,80,124,63,33,67,62,59,45,39,125,48"/><U27/><E113/><V96/><F68/><W60/><G33/><T102/><D112/><U134/><E104/><N who="2" m="63527" /><F25/><W11/><G11/><T2/><D74/><N who="2" m="28778" /><F117/><W56/><G80/><T65/><D32/><U49/><E134/><V34/><F34/><W87/><G87/><T66/><D107/><U22/><E70/><V129/><F129/><W116/><G116/><T28/><D28/><U19/><BYE who="3" /><E38/><UN n3="%E3%81%BA%E3%82%93%E3%81%8E%E3%82%93%E3%81%95%E3%82%93" /><V26/><F26/><W84/><G84/><T85/><D2/><U55/><E36/><V15/><F15/><W118/><G118/><T24/><D24/><U50/><E20/><V100/><F109/><W78/><G78/><T127/><D128/><U61/><E61/><N who="3" m="23658" /><G59/><T121/><D111/><U95/><E90/><V103/><F83/><W46/><G46/><T76/><D7/><U6/><REACH who="1" step="1"/><E49/><REACH who="1" ten="240,260,245,245" step="2"/><V17/><F103/><W88/><G88/><T54/><D102/><U57/><AGARI ba="0,1" hai="6,9,13,19,22,27,42,43,50,55,57,92,94,95" machi="57" ten="30,12000,1" yaku="1,1,2,1,0,1,8,1,53,1" doraHai="131" doraHaiUra="10" who="1" fromWho="1" sc="240,-40,260,130,245,-40,245,-40" /><INIT seed="1,1,0,0,5,127" ten="200,390,205,205" oya="1" hai0="24,51,119,59,124,94,74,45,70,97,41,20,84" hai1="27,125,56,57,105,117,81,33,39,12,30,93,77" hai2="0,110,31,47,132,89,10,66,2,7,133,83,91" hai3="26,19,50,65,54,129,71,48,85,121,29,25,102"/><U9/><E117/><V75/><F110/><W101/><G121/><T100/><D119/><U5/><E105/><V90/><F31/><W120/><G120/><T40/><D70/><U128/><E39/><V11/><F66/><W55/><G71/><T114/><D74/><U13/><E125/><V131/><F47/><W116/><G65/><T6/><D114/><U69/><E69/><V87/><F75/><W106/><G106/><T35/><D35/><U112/><E112/><V107/><F107/><W32/><G116/><T53/><D124/><U92/><E128/><V42/><F42/><W76/><G129/><T44/><D6/><U115/><E115/><V98/><F131/><W122/><G122/><T34/><D34/><U60/><E12/><V23/><F23/><W99/><G99/><T103/><D84/><U52/><REACH who="1" step="1"/><E56/><REACH who="1" ten="200,380,205,205" step="2"/><V63/><F98/><W17/><G26/><T73/><D97/><U111/><E111/><V96/><F96/><W123/><G123/><T64/><D24/><U49/><E49/><V88/><F63/><W36/><G36/><T16/><D51/><U15/><E15/><V22/><F0/><W80/><G50/><T86/><D59/><U37/><E37/><V113/><F113/><W68/><G68/><T135/><D45/><U1/><E1/><V118/><F118/><W28/><G48/><T3/><D44/><U4/><E4/><V82/><F82/><W14/><G80/><T95/><D3/><U61/><E61/><V79/><F2/><W43/><G25/><T78/><D41/><U8/><E8/><V104/><F11/><RYUUKYOKU ba="1,1" sc="200,-10,380,30,205,-10,205,-10" hai1="5,9,13,27,30,33,52,57,60,77,81,92,93" /><INIT seed="1,2,1,5,0,3" ten="190,410,195,195" oya="1" hai0="64,96,54,87,129,47,44,12,66,27,116,94,124" hai1="105,127,24,10,18,62,2,115,71,83,57,9,53" hai2="100,121,37,11,113,38,123,128,36,75,28,102,43" hai3="63,86,106,4,85,51,81,21,97,135,130,112,52"/><U91/><E115/><V88/><F113/><W7/><G112/><T20/><D116/><U31/><E105/><V101/><F75/><W17/><G130/><T95/><D129/><U77/><E127/><V6/><F128/><W15/><G135/><T55/><D124/><U49/><E18/><V84/><F43/><W78/><G63/><T29/><D55/><U126/><E126/><V33/><F33/><W41/><G41/><T13/><D87/><U89/><E71/><V16/><F28/><W125/><G125/><T118/><D94/><U134/><E134/><V132/><F16/><W5/><G86/><T34/><D118/><U99/><E62/><V104/><F104/><W39/><G39/><T98/><D98/><U79/><E79/><V25/><F25/><W69/><G69/><T93/><D93/><U131/><E131/><V35/><F35/><W60/><G60/><T114/><D114/><U56/><E56/><V82/><REACH who="2" step="1"/><F132/><REACH who="2" ten="190,410,185,195" step="2"/><W1/><G106/><T32/><D32/><U80/><E24/><V0/><AGARI ba="2,2" hai="0,6,11,36,37,38,82,84,88,100,101,102,121,123" machi="0" ten="40,8000,1" yaku="1,1,2,1,0,1,52,1,54,1,53,0" doraHai="3" doraHaiUra="120" who="2" fromWho="2" sc="190,-22,410,-42,185,106,195,-22" /><INIT seed="2,0,0,0,4,118" ten="168,368,291,173" oya="2" hai0="14,42,47,60,73,48,77,31,20,11,4,89,19" hai1="126,114,106,88,130,97,36,124,35,108,53,26,112" hai2="30,18,13,0,127,81,51,133,46,33,39,3,74" hai3="43,16,103,110,41,1,94,128,7,76,58,69,99"/><V12/><F127/><N who="1" m="48681" /><E36/><V15/><F133/><W27/><G69/><T117/><D117/><U63/><E108/><V92/><F39/><W22/><G128/><T45/><D31/><N who="1" m="19959" /><E130/><V38/><F38/><W34/><G110/><T85/><D47/><U79/><E79/><V62/><F18/><W21/><G34/><T25/><D73/><U134/><E134/><V83/><F62/><W113/><G113/><T109/><D109/><U67/><E53/><V40/><F92/><W2/><G2/><T132/><D132/><U122/><E122/><V50/><F50/><W8/><G76/><T86/><D86/><U96/><E96/><V80/><REACH who="2" step="1"/><F74/><REACH who="2" ten="168,368,281,173" step="2"/><W61/><REACH who="3" step="1"/><G22/><REACH who="3" ten="168,368,281,163" step="2"/><T125/><D125/><U121/><E112/><V37/><F37/><W100/><G100/><T10/><D20/><U71/><E114/><V44/><F44/><W64/><AGARI ba="0,2" hai="1,7,8,16,21,27,41,43,58,61,64,94,99,103" machi="64" ten="20,8000,1" yaku="1,1,0,1,7,1,54,1,53,1" doraHai="118" doraHaiUra="5" who="3" fromWho="3" sc="168,-20,368,-20,281,-40,163,100" /><INIT seed="3,0,0,3,4,1" ten="148,348,241,263" oya="3" hai0="77,31,99,10,20,79,101,32,105,26,8,93,118" hai1="42,115,102,80,73,87,64,58,66,70,84,109,124" hai2="19,3,17,126,29,2,72,13,74,78,86,81,90" hai3="65,38,67,36,96,92,49,62,111,122,106,46,0"/><W135/><G122/><T88/><D118/><U132/><E115/><V104/><F29/><W34/><G135/><T121/><D121/><U25/><E70/><V6/><F126/><W14/><G0/><T71/><D71/><U48/><E73/><V83/><F104/><W112/><G112/><T100/><D32/><U89/><E102/><V54/><F74/><W110/><G106/><T128/><D128/><U18/><E109/><N who="3" m="41482" /><G34/><T60/><D60/><U4/><E132/><V61/><F61/><W51/><G51/><T94/><D105/><U97/><E97/><V50/><F19/><W119/><G119/><T130/><D100/><U133/><E124/><V23/><F6/><W39/><G14/><T7/><D130/><U11/><E133/><V85/><F72/><W103/><G62/><T120/><D120/><U57/><E18/><V68/><F68/><W91/><G103/><T9/><REACH who="0" step="1"/><D7/><REACH who="0" ten="138,348,241,263" step="2"/><U35/><E4/><V52/><REACH who="2" step="1"/><F54/><AGARI ba="0,1" hai="36,38,39,46,49,54,65,67,91,92,96" m="41482" machi="54" ten="40,3900,0" yaku="14,1,10,1" doraHai="1" who="3" fromWho="2" sc="138,0,348,0,241,-39,263,49" /><INIT seed="3,1,0,5,0,128" ten="138,348,202,312" oya="3" hai0="46,67,2,72,48,122,37,74,125,80,47,21,130" hai1="41,26,50,121,123,49,100,9,87,118,12,22,78" hai2="3,76,6,124,81,20,89,7,132,23,93,119,54" hai3="92,115,126,99,90,45,64,117,110,66,8,65,30"/><W5/><G117/><T36/><D122/><U109/><E118/><V10/><F119/><W102/><G115/><T96/><D2/><U51/><E109/><V62/><F124/><W35/><G126/><T88/><D125/><U15/><E100/><V83/><F7/><W55/><G110/><T32/><D32/><U34/><E34/><V29/><F132/><W134/><G35/><T57/><D130/><U27/><E41/><V44/><F29/><W1/><G30/><T82/><D21/><U69/><E69/><V135/><F135/><W97/><G134/><T107/><D107/><U16/><E123/><V101/><F101/><W25/><G25/><T113/><D113/><U56/><E121/><V42/><F54/><W31/><G31/><T108/><D108/><U14/><E26/><V127/><F62/><W131/><G131/><T112/><D112/><U60/><E87/><V94/><F94/><W19/><G19/><T0/><D0/><U70/><E78/><V79/><F83/><N who="0" m="31786" /><D47/><U95/><E95/><V85/><F79/><W58/><G45/><T71/><D71/><U61/><E61/><V43/><F127/><W4/><G1/><T63/><D88/><U59/><E70/><V13/><F3/><W38/><G38/><N who="0" m="14955" /><D96/><U105/><E105/><V18/><F23/><W24/><G99/><T11/><D11/><U103/><E103/><V77/><F76/><W75/><G8/><T86/><D86/><U106/><E106/><V33/><F33/><W104/><G97/><T129/><D129/><U120/><E120/><V28/><F44/><W39/><G104/><RYUUKYOKU ba="1,0" sc="138,30,348,-10,202,-10,312,-10" hai0="46,48,57,63,67,72,74" /><INIT seed="4,2,0,2,1,23" ten="168,338,192,302" oya="0" hai0="75,47,91,113,97,127,129,58,122,57,31,111,17" hai1="119,92,21,86,41,132,126,110,121,45,106,27,19" hai2="32,85,66,4,24,81,52,22,35,30,135,11,90" hai3="5,65,115,54,37,107,33,94,108,25,3,130,13"/><T99/><D122/><U16/><E119/><V59/><F135/><W53/><G107/><T87/><D75/><U78/><E106/><V125/><F66/><W2/><G108/><T61/><D111/><U6/><E110/><V68/><F125/><W40/><G115/><T105/><D113/><U1/><E126/><V120/><F68/><W63/><G130/><T96/><D127/><U28/><E121/><V79/><F79/><W56/><G3/><T15/><D129/><U70/><E70/><V95/><F81/><W116/><G2/><T9/><D47/><U71/><E71/><V60/><REACH who="2" step="1"/><F120/><REACH who="2" ten="168,338,182,302" step="2"/><W26/><G65/><T103/><D58/><U72/><E78/><V76/><F76/><W128/><G56/><T117/><D117/><U73/><E132/><V74/><F74/><W46/><G128/><T34/><D57/><U64/><E64/><V114/><F114/><W7/><G116/><T8/><D61/><U102/><E73/><V38/><F38/><W124/><G63/><T51/><D51/><U134/><E72/><V67/><F67/><W44/><G124/><T18/><D105/><U50/><E134/><V0/><AGARI ba="2,1" hai="0,4,11,22,24,30,32,35,52,59,60,85,90,95" machi="0" ten="20,8000,1" yaku="1,1,0,1,7,1,52,1,54,1,53,0" doraHai="23" doraHaiUra="77" who="2" fromWho="2" sc="168,-42,338,-22,182,96,302,-22" /><INIT seed="5,0,0,1,5,57" ten="126,316,278,280" oya="1" hai0="21,129,122,31,118,79,16,2,45,35,38,121,49" hai1="7,100,36,107,93,71,4,80,72,3,60,103,98" hai2="135,20,30,10,77,124,120,17,54,26,39,53,88" hai3="65,34,59,113,15,22,83,123,43,102,91,58,25"/><U37/><E100/><V117/><F117/><W73/><G123/><T108/><D118/><U46/><E93/><V67/><F120/><W119/><G119/><T134/><D108/><U52/><E7/><V82/><F39/><W48/><G113/><T69/><D38/><U56/><E71/><V101/><F101/><W114/><G114/><T112/><D112/><U104/><E104/><V87/><F135/><W130/><G130/><T76/><D129/><U74/><E36/><V18/><F124/><W115/><G115/><T50/><D134/><U70/><E80/><V110/><F110/><W94/><G34/><T105/><D105/><U11/><REACH who="1" step="1"/><E70/><REACH who="1" ten="126,306,278,280" step="2"/><V89/><F82/><W133/><G83/><T41/><D69/><U9/><E9/><V86/><F10/><W29/><G102/><T126/><D121/><U128/><E128/><V55/><F77/><W116/><G116/><T95/><D76/><U78/><E78/><V125/><F89/><W66/><G133/><T84/><D79/><U68/><E68/><V61/><F88/><W42/><G94/><T51/><D95/><U1/><E1/><V75/><F75/><W40/><G91/><T62/><D2/><U99/><E99/><V47/><F87/><W28/><G73/><T111/><D84/><U32/><E32/><V85/><F86/><W12/><G12/><N who="0" m="9351" /><D122/><U106/><E106/><V8/><F85/><W44/><G15/><T14/><D14/><U92/><E92/><V97/><F97/><W24/><G25/><N who="0" m="18927" /><D111/><U127/><E127/><V0/><F125/><W132/><G132/><T33/><D126/><RYUUKYOKU ba="0,1" sc="126,-10,306,30,278,-10,280,-10" hai1="3,4,11,37,46,52,56,60,72,74,98,103,107" /><INIT seed="5,1,1,0,1,115" ten="116,336,268,270" oya="1" hai0="80,30,47,68,91,29,16,101,15,32,128,60,40" hai1="39,14,87,1,7,48,83,94,114,99,88,107,81" hai2="74,27,129,49,97,131,54,76,17,72,35,9,84" hai3="95,134,8,96,119,6,33,50,34,63,41,31,125"/><U58/><E39/><V42/><F42/><W38/><G38/><T22/><D128/><N who="2" m="49226" /><F97/><W127/><G134/><T82/><D101/><U5/><E1/><V93/><F9/><W52/><G63/><T4/><D4/><N who="1" m="1611" /><E107/><V103/><F103/><N who="3" m="60831" /><G41/><T98/><D32/><U23/><E114/><V28/><F17/><W113/><G113/><T19/><D19/><N who="1" m="10743" /><E99/><V3/><F3/><N who="3" m="95" /><G119/><T79/><D60/><U120/><E120/><V0/><F0/><W104/><G31/><T135/><D68/><U89/><E89/><N who="2" m="53415" /><F76/><W13/><G13/><T43/><D135/><U75/><E75/><V106/><F106/><W108/><G104/><T116/><D116/><U112/><E112/><V24/><F27/><W55/><G34/><T2/><D2/><U73/><E73/><V105/><F105/><W21/><G33/><T121/><D121/><U77/><E77/><V64/><F64/><W90/><G90/><T20/><D91/><U18/><E18/><V37/><F37/><W59/><G21/><T44/><D79/><U46/><E83/><V126/><F126/><N who="3" m="48139" /><G55/><T57/><D98/><U118/><E81/><V11/><F11/><W102/><G102/><T56/><REACH who="0" step="1"/><D16/><REACH who="0" ten="106,336,268,270" step="2"/><U53/><E118/><V36/><F35/><W86/><G86/><T124/><D124/><U71/><E71/><V100/><F100/><W65/><G65/><T26/><D26/><U133/><E133/><V66/><F66/><W45/><G108/><T78/><D78/><U69/><E69/><V51/><F74/><W12/><G12/><AGARI ba="1,2" hai="12,15,20,22,29,30,40,43,44,47,56,57,80,82" machi="12" ten="25,12000,2" yaku="1,1,22,2,8,1,53,2" doraHai="115" doraHaiUra="25" who="0" fromWho="3" sc="106,143,336,0,268,0,270,-123" /><INIT seed="6,0,0,2,4,91" ten="249,336,268,147" oya="2" hai0="129,45,133,26,65,72,23,117,49,29,22,13,55" hai1="113,35,119,57,84,131,76,42,34,82,97,46,56" hai2="10,11,99,95,127,103,102,69,66,83,80,30,27" hai3="67,74,90,116,7,64,110,58,19,122,3,121,123"/><V108/><F127/><W24/><G74/><T36/><D72/><U15/><E113/><V51/><F108/><W135/><G116/><T107/><D107/><U93/><E119/><V89/><F51/><W75/><G110/><T86/><D117/><U41/><E131/><V128/><F128/><W48/><G75/><T8/><D129/><U125/><E125/><V114/><F114/><W120/><G135/><T71/><D133/><U5/><E35/><V2/><F2/><W0/><G0/><T33/><D36/><U134/><E34/><V52/><F52/><W50/><G3/><T59/><D71/><U44/><E134/><V77/><F83/><W98/><G7/><T54/><D65/><U32/><E32/><V14/><F11/><W109/><G109/><T111/><D86/><U43/><E15/><V70/><F70/><W104/><G104/><T31/><D31/><U88/><E5/><N who="2" m="3407" /><F66/><W73/><G73/><T115/><D115/><U94/><E56/><V21/><F69/><W126/><G126/><T105/><D105/><U92/><E57/><V79/><F80/><W124/><G124/><T106/><D106/><U132/><E132/><V38/><F38/><W39/><G39/><T16/><D111/><U17/><E17/><V47/><F47/><AGARI ba="0,0" hai="41,42,43,44,46,47,76,82,84,88,92,93,94,97" machi="47" ten="40,8000,1" yaku="8,1,52,3,54,1" doraHai="91" who="1" fromWho="2" sc="249,0,336,80,268,-80,147,0" /><INIT seed="7,0,0,5,3,52" ten="249,416,188,147" oya="3" hai0="56,9,130,98,21,102,97,23,82,83,31,124,10" hai1="26,36,87,126,12,118,20,122,50,0,85,133,81" hai2="29,123,34,116,91,75,43,32,119,115,129,8,60" hai3="104,19,99,17,111,77,110,15,49,37,132,48,69"/><W117/><G117/><T61/><D130/><U25/><E36/><V127/><F75/><W22/><G69/><T4/><D124/><U47/><E0/><V114/><F127/><W44/><G132/><T33/><D33/><N who="2" m="12906" /><F129/><W13/><G77/><T51/><D51/><U53/><E126/><V65/><F123/><W94/><G104/><T66/><D10/><U3/><E3/><V92/><F29/><W63/><G37/><T46/><D46/><U131/><E122/><V113/><F8/><W121/><G121/><T11/><D11/><U76/><E133/><V5/><F43/><W86/><G86/><T80/><D31/><U112/><E112/><V55/><F55/><W89/><G63/><T58/><D58/><U73/><E131/><V38/><F5/><W134/><G134/><T71/><D71/><U41/><E118/><V108/><F108/><W6/><G6/><T125/><D97/><U67/><E67/><V135/><F38/><W54/><REACH who="3" step="1"/><G48/><REACH who="3" ten="249,416,188,137" step="2"/><T84/><D84/><N who="1" m="48167" /><E50/><V30/><F135/><W24/><G24/><T64/><D125/><U42/><E85/><N who="2" m="52335" /><F30/><W74/><G74/><T103/><D61/><U106/><E26/><V107/><F107/><W18/><G18/><T88/><D98/><U96/><E96/><V62/><F60/><W45/><G45/><T7/><D7/><U109/><E106/><V120/><F120/><W28/><G28/><T93/><D4/><U78/><E87/><V70/><AGARI ba="0,1" hai="62,65,70,113,114,115,116,119" m="52335,12906" machi="70" ten="40,1500,0" yaku="15,1" doraHai="52" who="2" fromWho="2" sc="249,-4,416,-4,188,25,137,-7" owari="245,5.0,412,51.0,213,-19.0,130,-37.0" /></mjloggm>