<mjloggm ver="2.3"><GO type="169" lobby="0"/><UN n0="%E3%81%A8%E3%81%A8" n1="%79%6A%69%72%6F" n2="%EF%BC%B7%EF%BD%81%EF%BD%8C%EF%BD%8C%EF%BD%99" n3="%E3%82%A6%E3%83%AB%E3%83%88%E3%83%A9%E7%AB%8B%E7%9B%B4" dan="17,17,18,18" rate="2178.54,2134.97,2241.14,2234.45" sx="F,M,M,M"/><TAIKYOKU oya="0"/><INIT seed="0,0,0,5,0,23" ten="250,250,250,250" oya="0" hai0="8,110,126,29,54,18,117,24,82,80,75,124,101" hai1="66,61,127,74,5,108,95,107,125,98,17,130,31" hai2="119,32,131,59,52,47,41,63,3,122,13,51,84" hai3="35,99,68,38,27,34,120,43,90,114,7,2,14"/><T30/><D117/><U25/><E74/><V105/><F122/><W104/><G90/><T67/><D67/><U48/><E108/><V76/><F3/><W4/><G114/><T83/><D110/><U64/><E107/><V39/><F119/><W116/><G116/><T135/><D75/><U62/><E5/><V65/><F105/><W78/><G78/><T33/><D101/><U77/><E77/><V109/><F109/><W69/><G14/><T53/><D135/><U129/><E17/><V92/><F131/><N who="1" m="50185" /><E48/><V37/><F32/><W56/><G35/><T6/><D30/><U50/><E50/><V1/><F1/><W89/><G7/><T121/><D18/><U87/><E87/><V91/><F76/><W58/><G4/><T12/><REACH who="0" step="1"/><D121/><REACH who="0" ten="240,250,250,250" step="2"/><U79/><E64/><V0/><F0/><W123/><G2/><T60/><D60/><U132/><E132/><V118/><F118/><W70/><G123/><T72/><D72/><U102/><E62/><V81/><F13/><W71/><G120/><T86/><D86/><U115/><E61/><V106/><F65/><W10/><G99/><T21/><D21/><U96/><E66/><V113/><F63/><W55/><G69/><T100/><D100/><U97/><E97/><V85/><F85/><W40/><G71/><T133/><D133/><U49/><E96/><V44/><F84/><W46/><G70/><T94/><D94/><U128/><E98/><V20/><F92/><W19/><G68/><T9/><D9/><U103/><E128/><V134/><F134/><W88/><G10/><T15/><D15/><RYUUKYOKU ba="0,1" sc="240,30,250,-10,250,-10,250,-10" hai0="6,8,12,24,29,33,53,54,80,82,83,124,126" /><INIT seed="0,1,1,0,0,3" ten="270,240,240,240" oya="0" hai0="85,108,47,73,14,117,19,55,51,20,83,17,38" hai1="91,30,107,10,36,39,57,75,23,86,45,95,84" hai2="97,87,37,1,28,104,26,109,21,127,123,80,27" hai3="12,8,122,105,66,7,50,49,33,135,6,18,11"/><T133/><D117/><U82/><E107/><V128/><F123/><W44/><G105/><T67/><D73/><U121/><E75/><V5/><F37/><W60/><G33/><T115/><D115/><U46/><E39/><V15/><F127/><W70/><G135/><T58/><D133/><U99/><E121/><V102/><F128/><W90/><G122/><T131/><D131/><U98/><E36/><V64/><F109/><W134/><G134/><T16/><D108/><U72/><E72/><V63/><F27/><W77/><G77/><T126/><D126/><U52/><E10/><V124/><F1/><W78/><G78/><T56/><D38/><U132/><E86/><V42/><F42/><W71/><G71/><T110/><D110/><U93/><E132/><V94/><F104/><W68/><G68/><T79/><REACH who="0" step="1"/><D47/><REACH who="0" ten="260,240,240,240" step="2"/><U61/><E46/><V65/><F124/><W43/><G50/><T29/><D29/><U2/><E45/><V118/><F118/><W112/><G112/><T9/><D9/><U114/><E114/><V54/><F63/><AGARI ba="1,2" hai="14,16,17,19,20,51,55,56,58,63,67,79,83,85" machi="63" ten="40,7700,0" yaku="1,1,8,1,54,1,53,0" doraHai="3" doraHaiUra="88" who="0" fromWho="2" sc="260,100,240,0,240,-80,240,0" /><INIT seed="0,2,0,3,0,129" ten="360,240,160,240" oya="0" hai0="60,38,19,103,123,48,80,34,100,3,41,7,29" hai1="109,40,64,68,125,86,1,53,106,43,113,107,61" hai2="105,119,97,54,49,70,4,22,85,76,74,27,45" hai3="134,128,39,75,50,114,83,121,58,13,96,82,36"/><T65/><D123/><U102/><E1/><V73/><F119/><W117/><G114/><T131/><D131/><U52/><E113/><V24/><F70/><W135/><G117/><T46/><D34/><U67/><E86/><V16/><F4/><W95/><G128/><T88/><D29/><U111/><E102/><V84/><F27/><W115/><G115/><T77/><D48/><U92/><E92/><V122/><F122/><W18/><G121/><T42/><D42/><N who="1" m="15915" /><E106/><V5/><F5/><W30/><G30/><T81/><D19/><U89/><E89/><V32/><F32/><W118/><G118/><T71/><D88/><U104/><E104/><V9/><F9/><N who="3" m="6447" /><G58/><T124/><D81/><N who="3" m="30729" /><G50/><T10/><REACH who="0" step="1"/><D124/><REACH who="0" ten="350,240,160,240" step="2"/><U56/><E125/><V17/><F17/><W116/><G116/><T8/><D8/><U66/><E109/><V93/><F76/><W94/><G75/><AGARI ba="2,1" hai="3,7,10,38,41,46,60,65,71,75,77,80,100,103" machi="75" ten="30,11600,0" yaku="1,1,7,1,25,2,53,0" doraHai="129" doraHaiUra="108" who="0" fromWho="3" sc="350,132,240,0,160,0,240,-122" /><INIT seed="0,3,0,0,4,69" ten="482,240,160,118" oya="0" hai0="108,40,103,91,72,94,5,59,63,123,36,2,70" hai1="1,56,60,88,53,89,81,111,127,84,10,119,77" hai2="34,74,30,57,64,8,66,3,125,82,68,46,0" hai3="62,33,35,25,47,50,85,87,29,49,112,78,18"/><T55/><D123/><U96/><E119/><V21/><F57/><W67/><G112/><T38/><D72/><U118/><E118/><V131/><F21/><W32/><G18/><T130/><D103/><U121/><E121/><V61/><F64/><W100/><G100/><T124/><D40/><U39/><E111/><V52/><F125/><W13/><G13/><T114/><D114/><U126/><E39/><V37/><F131/><W54/><G50/><T90/><D130/><U12/><E1/><V58/><F8/><W71/><REACH who="3" step="1"/><G78/><REACH who="3" ten="482,240,160,108" step="2"/><T105/><D124/><N who="1" m="47659" /><E96/><V101/><F101/><W51/><G51/><T28/><D108/><U132/><E132/><V45/><F3/><W65/><G65/><T134/><D134/><U110/><E110/><V19/><F0/><W76/><G76/><T99/><D2/><U92/><E92/><V7/><F19/><AGARI ba="3,1" hai="10,12,19,53,56,60,77,81,84,88,89" m="47659" machi="19" ten="30,2000,0" yaku="18,1,54,1" doraHai="69" who="1" fromWho="2" sc="482,0,240,39,160,-29,108,0" /><INIT seed="1,0,0,1,0,89" ten="482,279,131,108" oya="1" hai0="83,86,81,76,71,48,120,29,107,119,11,104,37" hai1="105,5,126,0,108,103,35,67,100,50,18,30,53" hai2="112,47,84,130,3,41,52,45,8,75,20,58,85" hai3="38,32,43,24,116,12,98,39,4,44,61,94,125"/><U102/><E126/><V31/><F112/><W127/><G116/><T121/><D37/><U62/><E108/><V124/><F124/><N who="3" m="47691" /><G61/><T114/><D71/><U109/><E109/><V111/><F111/><W73/><G73/><N who="0" m="43151" /><D29/><U110/><E110/><V40/><F75/><W42/><G32/><T117/><D11/><U96/><E5/><V79/><F8/><N who="3" m="4103" /><G24/><T63/><D48/><U57/><E0/><V54/><F3/><W49/><G43/><N who="2" m="16457" /><F130/><W122/><G122/><N who="0" m="47211" /><D63/><U56/><E30/><V33/><F79/><W135/><G135/><T74/><D74/><U28/><E28/><V51/><F33/><W26/><G26/><T80/><D114/><U78/><E35/><V55/><F45/><W72/><G72/><T60/><D60/><U23/><REACH who="1" step="1"/><E78/><REACH who="1" ten="482,269,131,108" step="2"/><V131/><F31/><W21/><G21/><T6/><D6/><U129/><E129/><V132/><F20/><W101/><AGARI ba="0,1" hai="38,39,42,44,49,94,98,101" m="4103,47691" machi="101" ten="30,2000,0" yaku="18,1,52,1" doraHai="89" who="3" fromWho="3" sc="482,-5,269,-10,131,-5,108,30" /><INIT seed="2,0,0,0,5,67" ten="477,259,126,138" oya="2" hai0="121,55,72,134,34,129,125,96,128,100,83,14,20" hai1="93,130,108,38,95,127,103,115,78,26,116,2,21" hai2="84,24,63,62,107,49,89,109,35,74,32,70,59" hai3="71,43,29,82,48,79,41,50,1,18,112,131,68"/><V124/><F107/><W135/><G1/><T122/><D34/><U98/><E38/><V133/><F74/><W51/><G29/><T105/><D55/><U110/><E2/><V36/><F36/><W11/><G131/><N who="0" m="50251" /><D14/><U40/><E40/><V111/><F124/><W47/><G135/><T87/><D20/><U114/><E78/><V54/><F133/><W106/><G106/><T4/><D4/><U132/><E116/><V119/><F119/><W42/><G112/><T101/><D134/><U64/><E64/><N who="2" m="41247" /><F24/><W27/><G47/><T88/><D125/><U15/><E15/><V44/><F89/><W99/><G99/><N who="0" m="61599" /><D72/><U37/><E37/><V19/><F84/><W58/><G58/><T52/><D52/><U92/><E127/><V30/><F19/><W0/><G27/><T66/><D66/><U86/><E132/><V57/><F30/><W91/><G18/><T102/><D102/><U126/><E126/><V117/><F117/><W80/><G11/><T81/><D81/><U39/><E39/><V3/><F3/><W17/><G0/><T25/><D25/><U56/><E130/><V53/><F32/><W7/><G17/><T76/><D76/><U13/><E26/><V28/><F28/><W65/><G7/><T90/><D90/><U123/><E103/><V46/><F35/><W31/><G31/><T69/><D69/><N who="3" m="26697" /><G65/><T73/><D73/><U16/><E16/><V8/><F8/><W9/><G9/><T12/><D12/><U10/><E13/><V22/><F22/><W120/><G79/><T94/><AGARI ba="0,0" hai="83,87,88,94,96,101,121,122" m="61599,50251" machi="94" ten="30,7900,0" yaku="19,1,34,2,54,1" doraHai="67" who="0" fromWho="0" sc="477,79,259,-20,126,-39,138,-20" /><INIT seed="3,0,0,5,3,73" ten="556,239,87,118" oya="3" hai0="25,134,111,131,63,36,125,0,69,4,24,77,100" hai1="18,98,90,45,40,52,60,68,95,107,85,10,123" hai2="78,129,9,113,130,81,108,21,112,89,35,120,1" hai3="7,117,105,54,72,17,55,118,12,66,135,79,103"/><W19/><G66/><T5/><D100/><U23/><E123/><V74/><F35/><W93/><G105/><T80/><D36/><U58/><E68/><V114/><F21/><W67/><G67/><T37/><D63/><U16/><E10/><V39/><F120/><W47/><G7/><T124/><D69/><U75/><E75/><V92/><F39/><W13/><G103/><T121/><D37/><U65/><E107/><V26/><F26/><W87/><G72/><T128/><D121/><U38/><E23/><V57/><F57/><W116/><G135/><T91/><D91/><U51/><REACH who="1" step="1"/><E98/><REACH who="1" ten="556,229,87,118" step="2"/><N who="2" m="57615" /><F9/><W106/><G106/><T99/><D99/><U43/><E43/><V110/><F1/><W70/><G70/><T31/><D0/><U48/><E48/><V104/><F104/><W96/><G118/><T50/><D50/><U109/><E109/><AGARI ba="0,1" hai="74,78,81,108,109,110,112,113,114,129,130" m="57615" machi="109" ten="40,8000,1" yaku="14,1,34,2,52,1" doraHai="73" who="2" fromWho="1" sc="556,0,229,-80,87,90,118,0" /><INIT seed="4,0,0,3,1,14" ten="556,149,177,118" oya="0" hai0="31,54,53,114,5,37,52,30,79,8,67,70,113" hai1="29,77,62,84,39,46,99,124,101,94,83,19,123" hai2="100,40,66,115,105,122,129,15,69,43,18,27,132" hai3="47,86,64,33,130,121,50,93,42,78,6,41,85"/><T80/><D37/><U72/><E123/><V98/><F122/><W90/><G121/><T17/><D70/><U26/><E124/><V89/><F129/><W91/><G130/><T73/><D67/><U44/><E39/><V107/><F107/><W48/><G33/><T10/><D17/><U7/><E7/><V131/><F131/><W38/><G78/><T82/><D82/><U60/><E72/><V127/><F127/><W68/><G6/><T135/><D135/><U133/><E133/><V106/><F106/><W97/><G97/><T32/><D32/><U112/><E112/><N who="0" m="43113" /><D10/><U20/><E60/><N who="2" m="40135" /><F89/><W125/><G125/><T0/><AGARI ba="0,0" hai="0,5,8,30,31,52,53,54,73,79,80" m="43113" machi="0" ten="30,3000,0" yaku="15,1,54,1" doraHai="14" who="0" fromWho="0" sc="556,30,149,-10,177,-10,118,-10" /><INIT seed="4,1,0,5,0,14" ten="586,139,167,108" oya="0" hai0="33,65,64,67,103,125,124,133,42,120,84,53,81" hai1="22,91,97,75,110,104,126,27,92,36,131,45,128" hai2="90,54,107,15,80,109,108,7,55,95,117,12,123" hai3="87,17,48,74,100,79,51,115,135,85,82,116,106"/><T35/><D120/><U83/><E110/><V96/><F123/><W63/><G116/><T130/><D42/><U127/><E36/><V132/><F117/><W134/><G63/><T23/><D103/><N who="1" m="62575" /><E45/><V101/><F132/><N who="3" m="50731" /><G115/><T112/><D112/><U18/><E83/><V38/><F38/><W58/><G100/><T52/><D133/><U129/><E75/><V114/><F114/><W49/><G106/><T25/><D130/><U3/><E3/><V39/><F39/><W6/><G6/><T26/><D35/><U62/><E62/><V37/><F37/><W70/><G70/><T86/><D33/><U71/><E71/><V21/><F80/><W122/><G122/><T77/><D84/><AGARI ba="1,0" hai="18,22,27,84,91,92,126,127,128,129,131" m="62575" machi="84" ten="30,2000,0" yaku="19,1,52,1" doraHai="14" who="1" fromWho="0" sc="586,-23,139,23,167,0,108,0" /><INIT seed="5,0,0,4,2,13" ten="563,162,167,108" oya="1" hai0="125,74,114,123,30,127,75,41,43,64,88,26,56" hai1="6,97,110,79,15,94,67,76,100,101,1,0,106" hai2="21,86,98,58,12,124,121,73,128,10,17,49,84" hai3="83,38,96,81,62,130,57,129,39,95,20,37,32"/><U103/><E110/><V53/><F121/><W2/><G32/><T18/><D123/><U90/><E106/><V52/><F124/><W28/><G2/><T72/><D114/><U61/><E0/><V19/><F73/><W131/><G28/><T108/><D108/><U29/><E1/><V135/><F128/><W35/><G35/><T68/><D68/><U63/><E29/><V80/><F135/><W25/><G25/><T23/><D30/><U65/><E6/><V22/><F98/><W50/><G50/><T36/><D36/><U122/><E122/><V119/><F119/><W47/><G47/><T134/><D134/><U132/><E132/><V120/><F120/><W105/><G20/><N who="2" m="7785" /><F80/><W51/><G51/><T44/><D44/><U9/><E15/><N who="2" m="7415" /><F53/><W111/><G105/><T3/><D3/><U87/><E9/><AGARI ba="0,0" hai="9,12,19,49,52,58,84,86" m="7415,7785" machi="9" ten="30,7700,0" yaku="8,1,52,2,54,1" doraHai="13" who="2" fromWho="1" sc="563,0,162,-77,167,77,108,0" /><INIT seed="6,0,0,3,5,47" ten="563,85,244,108" oya="2" hai0="46,107,69,99,132,32,36,45,113,33,49,98,2" hai1="77,19,0,92,44,96,43,23,117,106,122,11,42" hai2="51,14,22,9,68,109,133,74,90,118,52,7,102" hai3="40,76,65,101,93,72,10,4,91,39,82,41,81"/><V12/><F74/><W67/><G101/><T1/><D36/><U87/><E117/><V75/><F75/><W111/><G81/><T135/><D69/><U8/><E106/><V60/><F118/><W38/><G111/><T31/><D49/><N who="1" m="26775" /><E0/><V80/><F102/><W50/><G50/><T114/><D31/><U20/><E43/><V29/><F133/><W53/><G53/><T66/><D66/><U61/><E23/><V119/><F119/><W58/><G41/><T6/><D6/><U62/><E122/><V108/><F60/><N who="1" m="23145" /><E87/><N who="2" m="50535" /><F68/><W18/><G18/><T79/><D79/><U13/><E77/><V25/><F9/><W86/><G58/><T124/><D124/><U83/><E83/><V34/><F7/><W131/><G39/><T84/><D84/><U30/><E30/><V59/><F34/><W103/><G40/><T48/><D48/><U85/><E85/><V70/><F70/><W104/><G38/><T54/><D54/><U88/><AGARI ba="0,0" hai="8,11,13,19,20,88,92,96" m="23145,26775" machi="88" ten="30,4000,0" yaku="8,1,52,1,54,1" doraHai="47" who="1" fromWho="1" sc="563,-10,85,40,244,-20,108,-10" /><INIT seed="7,0,0,5,5,12" ten="553,125,224,98" oya="3" hai0="81,44,43,90,3,39,126,104,28,87,21,119,123" hai1="24,54,131,105,30,20,41,91,102,63,26,10,23" hai2="122,133,101,33,92,128,11,96,59,76,107,99,132" hai3="8,116,80,13,85,125,78,61,129,56,19,18,68"/><W49/><G116/><T86/><D3/><U35/><E41/><V109/><F109/><W94/><G129/><T67/><D104/><U127/><E131/><V117/><F128/><W64/><G125/><T114/><D86/><U97/><E127/><V51/><F33/><W83/><G94/><T53/><D67/><U29/><E10/><V89/><F117/><W60/><G49/><T27/><D90/><U7/><E7/><V124/><F124/><W95/><G95/><T70/><D27/><U112/><E112/><V37/><F37/><W108/><G108/><T1/><D53/><U52/><E35/><V36/><F36/><W77/><G61/><T25/><D87/><U88/><E54/><N who="2" m="32223" /><F76/><W106/><G106/><T40/><D44/><U50/><E63/><V32/><F32/><W0/><G0/><T5/><D25/><U75/><E75/><V121/><F11/><W110/><G110/><T6/><D81/><U103/><E103/><V79/><F79/><W115/><G115/><T17/><D6/><U135/><E135/><AGARI ba="0,0" hai="89,92,96,99,101,107,121,122,132,133,135" m="32223" machi="135" ten="30,1000,0" yaku="20,1" doraHai="12" who="2" fromWho="1" sc="553,0,125,-10,224,10,98,0" owari="553,65.0,115,-28.0,234,3.0,98,-40.0" /></mjloggm>