<mjloggm ver="2.3"><GO type="169" lobby="0"/><UN n0="%E8%97%A4%E7%94%B0%E9%9D%96%E5%AD%90%E3%83%97%E3%83%AD" n1="%E5%A4%A9%E6%99%B4" n2="%3D%E4%B8%8A%E5%9F%9C%E4%B9%85%3D" n3="%E3%82%A6%E3%83%AB%E3%83%88%E3%83%A9%E7%AB%8B%E7%9B%B4" dan="17,16,17,18" rate="2137.63,2020.26,2149.98,2207.56" sx="F,M,M,M"/><TAIKYOKU oya="0"/><INIT seed="0,0,0,0,0,62" ten="250,250,250,250" oya="0" hai0="6,8,108,113,119,117,99,127,100,56,66,79,131" hai1="85,25,77,74,80,134,111,90,17,37,55,32,110" hai2="21,75,49,4,129,96,68,5,27,105,60,114,39" hai3="95,98,22,101,128,59,120,102,106,11,54,0,51"/><T24/><D113/><U107/><E37/><V41/><F114/><W122/><G128/><T46/><D131/><U34/><E134/><V7/><F75/><W109/><G109/><N who="1" m="41482" /><E107/><V130/><F39/><W135/><G135/><T16/><D108/><U73/><E55/><V36/><F36/><W124/><G124/><T19/><D46/><U35/><E77/><V63/><F49/><W82/><G82/><T14/><D79/><U87/><E87/><V89/><F41/><W40/><G40/><T115/><D115/><U58/><E58/><V125/><F125/><W31/><G0/><T57/><D57/><U50/><E50/><V103/><F89/><W116/><G116/><T76/><D76/><U118/><E118/><V67/><REACH who="2" step="1"/><F63/><REACH who="2" ten="250,250,240,250" step="2"/><W30/><G51/><T97/><D127/><U23/><AGARI ba="0,1" hai="17,23,25,32,34,35,73,74,80,85,90" m="41482" machi="23" ten="40,1500,0" yaku="14,1" doraHai="62" who="1" fromWho="1" sc="250,-7,250,25,240,-4,250,-4" /><INIT seed="1,0,0,5,2,111" ten="243,275,236,246" oya="1" hai0="58,81,98,44,1,100,50,73,85,41,45,72,5" hai1="33,51,130,132,30,6,38,54,0,116,88,64,110" hai2="83,101,70,68,35,133,26,109,43,114,16,123,125" hai3="91,22,23,87,3,86,127,55,108,131,19,52,112"/><U31/><E116/><V104/><F109/><W124/><G3/><T96/><D96/><U65/><E38/><V113/><F123/><W8/><G108/><T12/><D1/><U79/><E110/><V56/><F133/><W93/><G131/><T92/><D58/><U120/><E120/><V27/><F125/><N who="3" m="48203" /><G8/><T4/><D4/><U11/><E130/><V17/><F43/><W7/><G7/><T135/><D135/><U49/><E132/><V67/><F56/><W107/><G107/><T48/><D5/><U9/><E79/><V13/><F83/><W18/><G112/><N who="2" m="43113" /><F35/><W53/><G87/><T75/><D75/><U84/><E11/><N who="2" m="6207" /><F67/><W76/><G76/><T66/><D66/><U78/><E78/><V80/><F80/><W90/><G55/><T60/><D81/><U121/><E121/><V62/><F62/><W36/><G52/><T102/><D60/><U126/><E126/><V74/><F74/><W28/><G53/><T25/><D72/><U10/><E33/><V29/><F29/><W94/><G28/><T77/><D41/><U122/><E122/><V42/><F42/><W47/><G47/><T118/><D45/><U115/><E115/><V105/><F105/><W117/><G36/><T103/><D44/><U134/><E134/><V21/><F27/><W128/><G128/><T40/><D25/><U69/><E64/><V89/><F89/><W20/><G117/><T32/><D118/><U37/><E65/><V59/><F59/><W46/><G46/><T39/><D32/><U34/><E34/><V82/><F82/><N who="3" m="49495" /><G91/><N who="0" m="53359" /><D73/><U99/><E37/><RYUUKYOKU ba="0,0" sc="243,-15,275,-15,236,15,246,15" hai2="17,21,26,68,70,101,104" hai3="18,19,20,22,23,93,94" /><INIT seed="2,1,0,4,4,13" ten="228,260,251,261" oya="2" hai0="12,44,131,62,92,11,4,98,96,0,112,31,37" hai1="82,43,5,85,99,52,42,88,10,91,116,121,119" hai2="36,65,90,39,97,128,28,63,26,45,47,75,59" hai3="94,71,129,64,78,60,93,51,17,87,58,19,105"/><V127/><F128/><W48/><G105/><T84/><D112/><U9/><E121/><V104/><F127/><W74/><G74/><T2/><D131/><U115/><E115/><V132/><F132/><W95/><G129/><T49/><D37/><U106/><E10/><V29/><F75/><W7/><G7/><T89/><D31/><U15/><E52/><V133/><F133/><W24/><G24/><T111/><D111/><U56/><E56/><V53/><F29/><W61/><G78/><T108/><D108/><U72/><E72/><V103/><F39/><W41/><G87/><T118/><D118/><U114/><E114/><V54/><F54/><W101/><G101/><T73/><D73/><U130/><E130/><V77/><F77/><W20/><G20/><T117/><D117/><U35/><E35/><V40/><F90/><W66/><REACH who="3" step="1"/><G41/><REACH who="3" ten="228,260,251,251" step="2"/><T14/><D4/><N who="1" m="3495" /><E106/><V83/><F104/><W122/><G122/><T126/><D2/><U46/><E5/><V110/><F103/><W27/><G27/><T30/><D0/><U8/><E42/><V34/><F40/><W113/><G113/><T123/><D123/><U107/><E107/><V33/><F33/><W86/><G86/><T76/><D84/><U6/><E6/><V69/><F34/><W134/><G134/><T57/><D11/><U16/><E116/><V67/><F26/><W18/><AGARI ba="1,1" hai="17,18,19,48,51,58,60,61,64,66,71,93,94,95" machi="18" ten="30,8000,1" yaku="1,1,0,1,52,3,53,0" doraHai="13" doraHaiUra="81" who="3" fromWho="3" sc="228,-21,260,-21,251,-41,251,93" /><INIT seed="3,0,0,2,0,59" ten="207,239,210,344" oya="3" hai0="79,63,110,128,64,100,10,36,47,95,117,69,45" hai1="97,40,22,20,58,103,17,96,116,112,1,52,67" hai2="99,62,49,53,16,54,23,78,124,76,80,57,108" hai3="7,44,75,32,74,31,65,28,25,131,134,14,72"/><W48/><G131/><T122/><D117/><U114/><E1/><V88/><F108/><W24/><G134/><T81/><D122/><U102/><E67/><V90/><F124/><W135/><G135/><T98/><D110/><U56/><E116/><V27/><F99/><W5/><G65/><T82/><D128/><U12/><E40/><V13/><F27/><W118/><G118/><T33/><D33/><U126/><E126/><V26/><F26/><W107/><G107/><T34/><D34/><U11/><E11/><V94/><F94/><W93/><G93/><T42/><D79/><N who="2" m="30250" /><F80/><W4/><G14/><T105/><D47/><AGARI ba="0,0" hai="13,16,23,47,49,53,54,57,62,88,90" m="30250" machi="47" ten="30,7700,0" yaku="8,1,52,1,54,2" doraHai="59" who="2" fromWho="0" sc="207,-77,239,0,210,77,344,0" /><INIT seed="4,0,0,5,5,114" ten="130,239,287,344" oya="0" hai0="16,9,2,134,30,95,102,94,53,23,0,6,38" hai1="84,35,20,41,89,77,58,36,75,78,121,69,111" hai2="56,22,112,10,92,135,70,108,34,43,60,72,11" hai3="64,46,104,12,25,21,125,82,49,62,107,50,47"/><T33/><D38/><U133/><E111/><V5/><F34/><W3/><G3/><T98/><D134/><U115/><E121/><V13/><F108/><W109/><G109/><T113/><D113/><U119/><E115/><V83/><F112/><W127/><G12/><T99/><D0/><U100/><E35/><V15/><F135/><W128/><G82/><T45/><D33/><U67/><E133/><V7/><F70/><W44/><G128/><T48/><D30/><U117/><E69/><V71/><F71/><N who="3" m="42391" /><G50/><T39/><D39/><U80/><E100/><V1/><F43/><W86/><G86/><T37/><D37/><U27/><E41/><V40/><F40/><W93/><G93/><T106/><REACH who="0" step="1"/><D99/><REACH who="0" ten="120,239,287,344" step="2"/><U122/><E36/><V74/><F1/><W85/><G127/><T123/><D123/><U68/><E122/><V59/><F7/><W105/><G125/><T28/><D28/><U61/><E68/><V32/><F5/><W88/><G47/><T103/><D103/><U90/><E58/><V91/><F56/><W63/><G46/><T55/><D55/><U66/><E66/><V79/><F32/><W73/><G44/><T96/><D96/><U51/><E67/><V126/><F126/><W24/><G49/><T19/><D19/><U97/><E51/><V31/><F31/><W26/><G63/><T8/><D8/><U124/><E124/><V29/><F11/><W17/><G17/><T129/><D129/><U101/><E97/><V76/><F10/><W130/><G130/><T42/><D42/><U131/><E131/><V54/><F59/><RYUUKYOKU ba="0,1" sc="120,30,239,-10,287,-10,344,-10" hai0="2,6,9,16,23,45,48,53,94,95,98,102,106" /><INIT seed="4,1,1,4,2,118" ten="150,229,277,334" oya="0" hai0="2,54,97,102,50,91,75,18,48,36,1,78,83" hai1="74,110,26,61,42,101,84,121,12,3,20,133,116" hai2="49,129,44,88,55,52,112,119,27,103,8,94,89" hai3="95,33,79,64,7,51,81,56,39,41,62,90,16"/><T107/><D36/><U104/><E116/><V85/><F112/><W72/><G33/><T45/><D18/><U4/><E110/><V86/><F129/><W87/><G7/><T82/><D82/><U131/><E74/><V122/><F122/><W43/><G39/><T108/><D108/><U135/><E3/><V76/><F103/><W98/><G51/><T11/><D11/><U6/><E131/><V29/><F76/><W69/><G69/><T0/><D0/><U65/><E42/><N who="2" m="24727" /><F8/><W47/><G47/><T10/><D10/><U5/><E12/><V109/><F109/><W34/><G34/><T111/><D111/><U127/><E127/><V19/><F29/><W132/><G132/><N who="1" m="50762" /><E84/><V9/><F119/><W35/><G35/><T31/><D31/><U77/><E77/><V25/><F9/><W67/><G67/><T57/><REACH who="0" step="1"/><D91/><REACH who="0" ten="140,229,277,334" step="2"/><U125/><E125/><V99/><F89/><W80/><G16/><T15/><D15/><U68/><E6/><V114/><F19/><W38/><G38/><T120/><D120/><U113/><E121/><V63/><F88/><AGARI ba="1,2" hai="41,43,56,62,64,72,79,80,81,87,88,90,95,98" machi="88" ten="30,2000,0" yaku="7,1,54,1" doraHai="118" who="3" fromWho="2" sc="140,0,229,0,277,-23,334,43" /><INIT seed="5,0,0,1,3,40" ten="140,229,254,377" oya="1" hai0="72,115,50,103,125,117,12,51,82,94,0,126,74" hai1="45,46,129,122,39,132,133,77,35,28,120,2,98" hai2="87,24,124,25,97,38,73,5,70,30,101,108,71" hai3="85,78,27,96,100,79,55,84,44,15,83,112,92"/><U16/><E129/><V1/><F108/><W119/><G112/><T49/><D117/><U99/><E2/><V62/><F87/><W4/><G119/><T22/><D0/><U121/><E77/><V36/><F73/><W130/><G130/><T106/><D106/><U123/><E123/><V53/><F53/><W110/><G110/><T93/><D115/><U89/><E39/><V75/><F75/><W19/><G27/><T58/><D58/><U42/><E42/><V127/><F5/><W41/><G4/><T17/><D103/><U134/><E16/><V32/><F24/><W113/><G55/><T95/><D74/><U37/><E37/><N who="2" m="14443" /><F1/><W107/><G85/><T88/><D72/><U3/><E3/><V6/><F6/><W54/><G84/><T63/><D63/><U31/><E35/><V34/><F32/><W102/><G41/><T9/><D82/><U23/><E23/><V104/><F62/><W21/><G83/><T91/><REACH who="0" step="1"/><D22/><REACH who="0" ten="130,229,254,377" step="2"/><U33/><E33/><V105/><F104/><W7/><G107/><T111/><D111/><U109/><E109/><V13/><F105/><W135/><G113/><T65/><D65/><U69/><E122/><V76/><F101/><W64/><G102/><T90/><AGARI ba="0,1" hai="9,12,17,49,50,51,88,90,91,93,94,95,125,126" machi="90" ten="40,8000,1" yaku="1,1,0,1,29,2,54,1,53,0" doraHai="40" doraHaiUra="61" who="0" fromWho="0" sc="130,90,229,-40,254,-20,377,-20" /><INIT seed="6,0,0,0,1,2" ten="220,189,234,357" oya="2" hai0="120,15,116,109,121,5,77,105,64,51,35,46,52" hai1="76,33,38,41,17,27,75,6,12,107,106,32,69" hai2="80,16,94,14,79,132,71,84,56,70,8,74,20" hai3="111,4,128,54,49,117,48,98,96,91,87,86,22"/><V68/><F132/><W61/><G111/><T29/><D109/><U114/><E69/><V59/><REACH who="2" step="1"/><F8/><REACH who="2" ten="220,189,224,357" step="2"/><W44/><G117/><T67/><D116/><U108/><E108/><V66/><F66/><W110/><G110/><T23/><D67/><U85/><E114/><V58/><F58/><W131/><G128/><T10/><D64/><U100/><E107/><V72/><F72/><W73/><G73/><T63/><D105/><U129/><E106/><V39/><F39/><W97/><G131/><T104/><D104/><U26/><E75/><V55/><F55/><W65/><G54/><T130/><D130/><U90/><E38/><V134/><F134/><W28/><G65/><T113/><D113/><U43/><E129/><V101/><F101/><W18/><G44/><T82/><D121/><U103/><E103/><V42/><F42/><W119/><G119/><T13/><D120/><U40/><E100/><V47/><F47/><W3/><G87/><T83/><D46/><U95/><E43/><V81/><F81/><W112/><G86/><T118/><D118/><U123/><E41/><V45/><F45/><W78/><G112/><T57/><D83/><U36/><E40/><V37/><F37/><W102/><G102/><T0/><D82/><U1/><E36/><V53/><F53/><W60/><G98/><T99/><D99/><U125/><E85/><V24/><F24/><W127/><G97/><T7/><D57/><U25/><E25/><V19/><F19/><W135/><G18/><T89/><D52/><U30/><E123/><V31/><F31/><W9/><G28/><RYUUKYOKU ba="0,1" sc="220,-10,189,-10,224,30,357,-10" hai2="14,16,20,56,59,68,70,71,74,79,80,84,94" /><INIT seed="6,1,1,5,4,93" ten="210,179,254,347" oya="2" hai0="107,112,46,48,39,126,72,16,102,26,43,64,127" hai1="82,5,42,69,29,95,53,62,113,111,91,109,38" hai2="60,99,98,74,115,124,2,61,63,54,13,51,116" hai3="110,97,8,89,90,10,128,41,18,131,104,7,37"/><V15/><F116/><W88/><G110/><T100/><D72/><U59/><E113/><V125/><F2/><W133/><G18/><T123/><D123/><U56/><E69/><V20/><F74/><W81/><G81/><T101/><D112/><U76/><E29/><V32/><F32/><W114/><G114/><T6/><D6/><U12/><E38/><V67/><F67/><W25/><G25/><T28/><D64/><U57/><E42/><V85/><F85/><W52/><G52/><T96/><D39/><U22/><E109/><V83/><F83/><W4/><G133/><T77/><D77/><U75/><E111/><V73/><F73/><W11/><G41/><T121/><D121/><U108/><E108/><V120/><F120/><W14/><G37/><T84/><D84/><U79/><E79/><V71/><F71/><W19/><G19/><T23/><D28/><U9/><REACH who="1" step="1"/><E22/><REACH who="1" ten="210,169,254,347" step="2"/><V87/><F20/><W135/><G135/><T86/><D127/><N who="2" m="48714" /><F115/><W17/><G131/><T118/><D126/><U122/><E122/><V55/><F87/><AGARI ba="1,2" hai="5,9,12,53,56,57,59,62,75,76,82,87,91,95" machi="87" ten="30,2000,0" yaku="1,1,7,1,53,0" doraHai="93" doraHaiUra="31" who="1" fromWho="2" sc="210,0,169,43,254,-23,347,0" /><INIT seed="7,0,0,4,1,74" ten="210,212,231,347" oya="3" hai0="109,87,7,115,49,123,125,29,60,13,94,33,38" hai1="120,84,69,96,32,83,58,12,36,23,101,86,99" hai2="40,24,30,19,131,90,3,21,48,55,124,39,79" hai3="128,10,11,89,59,126,68,6,135,28,95,43,1"/><W134/><G68/><T132/><D123/><U2/><E120/><V62/><F131/><W35/><G43/><T91/><D109/><U42/><E69/><V25/><F3/><W63/><G11/><N who="0" m="4351" /><D33/><U92/><E32/><V116/><F39/><W61/><G61/><T31/><D38/><U71/><E71/><V88/><F62/><W44/><G44/><T121/><D121/><U14/><E2/><V70/><F70/><W93/><G93/><T27/><D115/><U129/><E129/><V113/><F40/><W102/><G102/><T0/><D0/><U106/><E58/><V111/><F111/><W54/><G126/><T76/><D125/><U118/><E118/><V82/><F124/><W64/><G64/><T81/><D132/><U67/><E67/><V37/><F37/><W107/><G107/><T50/><D60/><U4/><E36/><V20/><F116/><W5/><G35/><T130/><D130/><U100/><E42/><V47/><F113/><W122/><G63/><T17/><D17/><N who="1" m="10679" /><E83/><V117/><F117/><W72/><G135/><T34/><D34/><U41/><E41/><V26/><F26/><W114/><G134/><T52/><D27/><U57/><E57/><V53/><F53/><W127/><G54/><T98/><D50/><U9/><E106/><V108/><F108/><W45/><G127/><T119/><D119/><U110/><E110/><V112/><F112/><W22/><G114/><T56/><AGARI ba="0,0" hai="29,31,49,52,56,76,81,87,91,94,98" m="4351" machi="56" ten="30,4000,0" yaku="8,1,52,1,54,1" doraHai="74" who="0" fromWho="0" sc="210,40,212,-10,231,-10,347,-20" owari="250,5.0,202,-30.0,221,-18.0,327,43.0" /></mjloggm>