<mjloggm ver="2.3"><GO type="169" lobby="0"/><UN n0="%39%2D%62%61%79" n1="%E3%81%8D%E3%81%BF%E3%81%9F%E3%81%BE%E3%81%94" n2="%E3%82%B5%E3%82%A6%E3%83%8A%E5%B0%8F%E5%83%A7" n3="%E3%83%88%E3%83%88%E3%83%AA%E5%85%88%E7%94%9F%31%39%E6%AD%B3" dan="16,17,18,19" rate="2129.01,2216.59,2148.87,2336.83" sx="M,M,M,F"/><TAIKYOKU oya="0"/><INIT seed="0,0,0,4,3,25" ten="250,250,250,250" oya="0" hai0="85,7,78,93,20,6,116,43,122,75,109,50,12" hai1="13,134,55,8,115,128,10,22,110,15,90,40,65" hai2="23,124,119,105,9,38,132,24,114,45,54,129,28" hai3="18,39,89,56,101,91,95,62,60,94,120,29,0"/><T97/><D75/><U87/><E110/><V44/><F114/><W69/><G39/><T103/><D116/><U100/><E134/><V98/><F132/><W130/><G0/><T58/><D122/><U135/><E128/><V79/><F119/><W3/><G3/><T67/><D109/><U74/><E74/><V117/><F117/><W127/><G130/><T47/><D67/><U72/><E72/><V123/><F123/><W61/><G69/><T26/><D58/><U16/><E40/><V34/><F124/><W88/><G120/><T52/><D43/><U37/><E37/><V113/><F113/><W70/><G70/><T17/><D12/><U96/><E65/><V36/><F79/><W4/><G4/><T73/><D73/><U71/><E71/><V81/><F81/><AGARI ba="0,0" hai="6,7,17,20,26,47,50,52,78,81,85,93,97,103" machi="81" ten="40,3900,0" yaku="8,1,54,1" doraHai="25" who="0" fromWho="2" sc="250,39,250,0,250,-39,250,0" /><INIT seed="0,1,0,4,2,60" ten="289,250,211,250" oya="0" hai0="40,127,91,104,30,81,50,79,41,59,89,66,95" hai1="129,39,56,0,130,25,54,112,83,42,114,3,94" hai2="29,28,58,113,97,11,77,74,5,80,7,109,31" hai3="115,85,75,65,13,116,132,134,18,26,87,67,78"/><T93/><D104/><U1/><E94/><V76/><F113/><N who="1" m="43625" /><E83/><V48/><F109/><W110/><G115/><T32/><D127/><U53/><E25/><V103/><F77/><W68/><G68/><T51/><D32/><U84/><E84/><N who="3" m="32330" /><G116/><T55/><D30/><U121/><E121/><V12/><F48/><W90/><G90/><T27/><D27/><U120/><E120/><V72/><F72/><W101/><G26/><T10/><D10/><U43/><E39/><V108/><F108/><W82/><G101/><T88/><D79/><U119/><E56/><V71/><F71/><W118/><G118/><T131/><D131/><N who="1" m="50187" /><E119/><V122/><F122/><W38/><G38/><T4/><D4/><U33/><E33/><V57/><REACH who="2" step="1"/><F7/><REACH who="2" ten="289,250,201,250" step="2"/><W126/><G110/><T45/><D81/><U99/><E99/><V106/><AGARI ba="1,1" hai="5,11,12,28,29,31,57,58,74,76,80,97,103,106" machi="106" ten="30,7900,0" yaku="1,1,2,1,0,1,53,1" doraHai="60" doraHaiUra="9" who="2" fromWho="2" sc="289,-40,250,-21,201,92,250,-21" /><INIT seed="1,0,0,4,4,39" ten="249,229,293,229" oya="1" hai0="116,106,21,9,32,98,62,80,27,23,86,5,127" hai1="122,6,2,16,22,112,103,51,93,74,95,34,58" hai2="107,89,111,79,47,30,15,76,41,87,135,66,73" hai3="81,43,70,132,96,130,120,63,97,33,11,115,44"/><U126/><E34/><V45/><F111/><W49/><G115/><T69/><D116/><U10/><E74/><V29/><F135/><W18/><G120/><T71/><D127/><U55/><E126/><V100/><F66/><W99/><G33/><T24/><D32/><U61/><E112/><V60/><F60/><W26/><G132/><T78/><D106/><U109/><E122/><V82/><F15/><W54/><G130/><T124/><D124/><U104/><E109/><V84/><F47/><W123/><G123/><T20/><D98/><U85/><E85/><V121/><F121/><W117/><G117/><T134/><D134/><U102/><E102/><V40/><F73/><W57/><G70/><T4/><D71/><U48/><E104/><V77/><F87/><W88/><G81/><T13/><D5/><U119/><E119/><V101/><F45/><W1/><G1/><T72/><D72/><U114/><E114/><V105/><F105/><W25/><G11/><T118/><D118/><U53/><E103/><N who="2" m="39499" /><F107/><W42/><G88/><T67/><AGARI ba="0,0" hai="4,9,13,20,21,23,24,27,62,67,69,78,80,86" machi="67" ten="30,1100,0" yaku="0,1" doraHai="39" who="0" fromWho="0" sc="249,11,229,-5,293,-3,229,-3" /><INIT seed="2,0,0,5,0,60" ten="260,224,290,226" oya="2" hai0="47,24,124,62,31,91,61,84,129,119,113,85,87" hai1="106,121,78,45,17,40,93,15,111,107,133,5,86" hai2="2,109,125,11,123,22,74,4,101,58,69,42,28" hai3="128,97,49,63,102,89,73,130,34,26,77,95,46"/><V7/><F123/><W14/><G73/><T37/><D113/><U1/><E111/><V114/><F69/><W132/><G77/><T20/><D129/><N who="3" m="49769" /><G132/><T105/><D124/><U66/><E133/><V83/><F114/><W30/><G14/><T126/><D105/><U3/><E121/><V52/><F125/><W134/><G134/><T23/><D119/><U10/><E3/><V41/><F7/><W48/><G46/><T76/><D76/><U64/><E106/><V116/><F101/><W65/><G89/><T135/><D126/><U0/><E107/><V9/><F9/><W81/><G81/><T50/><D37/><U99/><E1/><V32/><F32/><W25/><G25/><T110/><D110/><U115/><E115/><V57/><F57/><AGARI ba="0,0" hai="26,30,34,48,49,57,63,65,95,97,102" m="49769" machi="57" ten="30,2000,0" yaku="19,1,52,1" doraHai="60" who="3" fromWho="2" sc="260,0,224,0,290,-20,226,20" /><INIT seed="3,0,0,0,3,13" ten="260,224,270,246" oya="3" hai0="9,76,128,15,105,61,56,103,26,99,106,18,112" hai1="114,30,63,36,75,133,64,111,51,120,49,69,59" hai2="60,3,107,45,32,118,38,47,113,31,42,48,62" hai3="1,20,108,85,116,44,65,90,123,115,126,98,12"/><W54/><G115/><T67/><D128/><U73/><E120/><V70/><F113/><W88/><G1/><T117/><D117/><U71/><E30/><V14/><F3/><W39/><G116/><T33/><D112/><U132/><E73/><V94/><F107/><W55/><G123/><T86/><D76/><U102/><E75/><V91/><F118/><W87/><G126/><T50/><D86/><N who="3" m="32777" /><G39/><T129/><D50/><N who="1" m="18955" /><E102/><V57/><F70/><N who="1" m="26633" /><E114/><V121/><F121/><W43/><G43/><T78/><D78/><U93/><E93/><V11/><F31/><W46/><G65/><T24/><D129/><U41/><E111/><V35/><F57/><W77/><G77/><T89/><D33/><U17/><E17/><V124/><F124/><W40/><G40/><T81/><D106/><U8/><E8/><V95/><F35/><W34/><G108/><T19/><D81/><U97/><E97/><V82/><F82/><W27/><G12/><T10/><D89/><N who="3" m="34409" /><G98/><T122/><D122/><U80/><E80/><V23/><F32/><W58/><G34/><T52/><D105/><U79/><E79/><V92/><F91/><W134/><G134/><N who="1" m="51818" /><E41/><N who="2" m="24623" /><F95/><W96/><G96/><T21/><D99/><U109/><E109/><V119/><F119/><W28/><G58/><T6/><D103/><U29/><E29/><V100/><F100/><W4/><G4/><T53/><D6/><U7/><E7/><N who="2" m="3455" /><F94/><W83/><G83/><T74/><D74/><U2/><E2/><V127/><F92/><W25/><G25/><T72/><D72/><U110/><E110/><V16/><F127/><RYUUKYOKU ba="0,0" sc="260,-30,224,10,270,10,246,10" hai1="36,59,63,64" hai2="16,23,38,42,47,60,62" hai3="20,27,28,44,46,54,55" /><INIT seed="3,1,0,0,2,101" ten="230,234,280,256" oya="3" hai0="96,132,27,91,34,5,81,79,73,62,86,19,88" hai1="131,55,118,85,98,8,4,76,126,92,57,74,41" hai2="124,25,1,21,37,33,65,60,83,47,130,12,135" hai3="120,95,93,3,82,32,48,39,109,43,11,66,90"/><W116/><G116/><T59/><D132/><U67/><E131/><V16/><F1/><W35/><G120/><T53/><D5/><U105/><E126/><V29/><F135/><W107/><G107/><T129/><D129/><U84/><E67/><V122/><F130/><W64/><G39/><T0/><D0/><U28/><E28/><V106/><F124/><W128/><G128/><T58/><D58/><U20/><E41/><V31/><F122/><W121/><G121/><T110/><D110/><U100/><E20/><V108/><F108/><W61/><G109/><T71/><D71/><U102/><E102/><V125/><F31/><W127/><G127/><T14/><D73/><U49/><E118/><V23/><F125/><W111/><G111/><T75/><D75/><U99/><E99/><V80/><F33/><W2/><G82/><T72/><D72/><U18/><E18/><V94/><F94/><N who="3" m="35851" /><G90/><N who="0" m="34347" /><D34/><U133/><E92/><V30/><F30/><W13/><G64/><T77/><D77/><U52/><E133/><V36/><F106/><W15/><G35/><T6/><D6/><U104/><E104/><V78/><F78/><W26/><G2/><T117/><D96/><U56/><E76/><V44/><F37/><W89/><G89/><T42/><D42/><U112/><E74/><V46/><REACH who="2" step="1"/><F36/><REACH who="2" ten="230,234,270,256" step="2"/><W69/><G3/><T115/><D117/><U113/><E113/><V68/><AGARI ba="1,1" hai="12,16,21,23,25,29,44,46,47,60,65,68,80,83" machi="68" ten="30,7900,0" yaku="1,1,2,1,0,1,54,1,53,0" doraHai="101" doraHaiUra="70" who="2" fromWho="2" sc="230,-21,234,-21,270,92,256,-40" /><INIT seed="4,0,0,4,5,106" ten="209,213,362,216" oya="0" hai0="75,2,40,58,101,110,126,1,54,30,114,52,29" hai1="91,25,93,129,103,77,94,10,11,67,3,17,120" hai2="20,90,124,74,80,26,24,117,50,73,37,41,44" hai3="9,87,21,102,92,35,70,132,38,13,47,27,116"/><T123/><D123/><U115/><E120/><V63/><F124/><W131/><G116/><T59/><D126/><U4/><E129/><V61/><F117/><W36/><G35/><T125/><D125/><U127/><E67/><V71/><F50/><W122/><G70/><T111/><D101/><U32/><E115/><V6/><F6/><W48/><G132/><T113/><REACH who="0" step="1"/><D40/><REACH who="0" ten="199,213,362,216" step="2"/><U14/><E127/><V15/><F41/><W100/><G122/><T33/><D33/><U84/><E103/><V78/><F37/><W76/><G36/><T23/><D23/><U79/><E32/><V107/><F20/><W45/><G38/><T28/><D28/><U96/><E25/><V5/><F26/><W95/><G100/><T19/><D19/><U72/><E17/><V49/><F24/><W57/><G102/><T42/><D42/><U62/><E10/><V16/><F16/><N who="3" m="8239" /><G131/><T82/><D82/><U134/><E134/><V97/><F80/><N who="3" m="47495" /><G95/><T56/><D56/><U119/><E119/><V12/><F107/><W51/><G92/><T108/><D108/><U85/><E94/><V109/><F109/><W65/><G45/><T86/><D86/><U60/><E85/><V46/><F44/><W128/><G47/><T83/><D83/><U98/><E84/><V89/><F46/><W53/><G128/><T81/><D81/><N who="1" m="45223" /><E79/><V8/><F78/><W118/><G118/><T133/><D133/><U105/><E105/><V43/><F43/><W88/><G27/><T55/><D55/><U68/><E68/><V135/><F71/><W39/><G39/><T31/><D31/><RYUUKYOKU ba="0,1" sc="199,30,213,-10,362,-10,216,-10" hai0="1,2,29,30,52,54,58,59,75,110,111,113,114" /><INIT seed="4,1,1,4,4,124" ten="229,203,352,206" oya="0" hai0="55,83,93,90,4,0,61,71,34,46,12,20,28" hai1="49,13,1,94,107,56,5,104,11,62,81,52,112" hai2="23,119,91,70,132,106,75,88,121,6,24,42,127" hai3="74,99,40,109,67,108,65,15,54,50,87,110,89"/><T27/><D83/><U60/><E112/><V133/><F121/><W115/><G74/><T57/><D71/><U100/><E1/><V53/><F127/><W33/><G33/><T102/><D102/><U59/><E81/><V114/><F114/><W18/><G40/><T51/><D0/><U78/><E78/><V128/><F106/><W45/><G99/><T96/><D4/><U32/><E32/><V77/><F70/><W130/><G130/><T19/><REACH who="0" step="1"/><D46/><REACH who="0" ten="219,203,352,206" step="2"/><U26/><E104/><V97/><F6/><W79/><G115/><T30/><D30/><U29/><E107/><V3/><F3/><W22/><REACH who="3" step="1"/><G79/><REACH who="3" ten="219,203,352,196" step="2"/><T76/><D76/><U31/><E100/><V103/><F77/><W92/><AGARI ba="1,3" hai="15,18,22,45,50,54,65,67,87,89,92,108,109,110" machi="92" ten="30,4000,0" yaku="1,1,2,1,0,1,53,0" doraHai="124" doraHaiUra="134" who="3" fromWho="3" sc="219,-21,203,-11,352,-11,196,73" /><INIT seed="5,0,0,2,5,83" ten="198,192,341,269" oya="1" hai0="41,81,23,40,68,29,101,91,115,57,9,63,74" hai1="36,54,4,132,35,62,50,28,66,31,76,12,107" hai2="37,98,114,27,0,7,45,33,112,64,48,100,128" hai3="79,55,77,88,75,15,69,82,116,111,123,2,8"/><U53/><E107/><V117/><F117/><W121/><G111/><T124/><D68/><U89/><E36/><V92/><F37/><W21/><G69/><T51/><D115/><N who="2" m="44074" /><F128/><W109/><G109/><T125/><D101/><U11/><E132/><V103/><F64/><W94/><G2/><T38/><D38/><U24/><E31/><N who="2" m="19711" /><F7/><W118/><G21/><T49/><D9/><U80/><E89/><N who="2" m="55567" /><F0/><W59/><G77/><T44/><D74/><U65/><E50/><V58/><F58/><W134/><G134/><T17/><D29/><U46/><E46/><V99/><F99/><W119/><G121/><T32/><D32/><U133/><E133/><V108/><F108/><W87/><G123/><T67/><D51/><U129/><E129/><V56/><F56/><W52/><G59/><T34/><D34/><U22/><E35/><V135/><F135/><W131/><G131/><T85/><REACH who="0" step="1"/><D41/><AGARI ba="0,0" hai="41,45,48,100,103" m="55567,19711,44074" machi="41" ten="30,2000,0" yaku="15,1,11,1" doraHai="83" who="2" fromWho="0" sc="198,-20,192,0,341,20,269,0" /><INIT seed="6,0,0,2,2,124" ten="178,192,361,269" oya="2" hai0="117,89,57,113,32,50,115,7,132,105,14,37,15" hai1="53,43,45,93,26,67,64,65,78,71,82,91,35" hai2="9,60,70,86,73,72,25,29,13,49,54,10,119" hai3="21,33,55,28,98,103,118,123,114,109,42,31,34"/><V130/><F119/><W36/><G109/><T135/><D37/><U133/><E133/><N who="0" m="51273" /><D117/><U59/><E35/><V75/><F86/><W20/><G118/><T111/><D105/><U100/><E26/><V99/><F99/><W87/><G123/><T47/><D111/><U107/><E107/><V110/><F110/><W90/><G114/><N who="0" m="43531" /><D32/><U68/><E100/><V11/><F60/><W1/><G1/><T126/><D126/><U92/><E78/><V104/><F70/><W77/><G77/><T94/><D57/><U96/><E92/><V74/><F104/><W2/><G2/><T62/><D62/><U97/><E97/><V128/><F75/><W79/><G79/><T6/><D6/><U102/><E82/><V63/><F63/><W108/><G36/><T8/><D8/><U129/><E102/><V76/><F76/><W112/><G108/><T5/><D5/><U66/><N who="1" m="16896" /><DORA hai="44" /><U18/><E68/><V127/><F127/><W56/><G103/><T80/><D7/><U81/><E81/><V131/><F11/><W23/><G34/><T22/><D22/><U46/><E71/><V12/><F9/><W16/><G33/><T0/><D0/><U85/><E96/><V134/><F10/><W61/><G23/><T52/><D80/><U84/><E84/><AGARI ba="0,0" hai="14,15,47,50,52,84,89,94" m="43531,51273" machi="84" ten="30,7700,0" yaku="20,1,15,1,52,1,54,1" doraHai="124,44" who="0" fromWho="1" sc="178,77,192,-77,361,0,269,0" /><INIT seed="7,0,0,2,3,119" ten="255,115,361,269" oya="3" hai0="48,58,61,109,112,1,38,62,69,129,118,35,85" hai1="47,94,105,125,31,29,39,124,97,46,2,26,83" hai2="116,135,28,111,63,11,114,7,123,75,4,50,6" hai3="66,64,128,52,108,107,77,133,84,13,98,121,16"/><W8/><G121/><T27/><D118/><U126/><E2/><V41/><F75/><W17/><G128/><T106/><D109/><U82/><E105/><V44/><F123/><W86/><G133/><T102/><D1/><U30/><E26/><V74/><F74/><W104/><G108/><T22/><D38/><U42/><E97/><V53/><F114/><W33/><G33/><T76/><D35/><U5/><E94/><V101/><F101/><W9/><G77/><T90/><D69/><U131/><E5/><V59/><F116/><W23/><G98/><T15/><D76/><U70/><E70/><V73/><F73/><W96/><G96/><T12/><D102/><U93/><E93/><V91/><F28/><W40/><G40/><T88/><D106/><U10/><E10/><V89/><F135/><W67/><G107/><T3/><D3/><U87/><E87/><N who="3" m="33322" /><G104/><T49/><D112/><U80/><E131/><V36/><F111/><W60/><G17/><T130/><D85/><U14/><E42/><V103/><F103/><W25/><G25/><T20/><D27/><U122/><E39/><V113/><F113/><W57/><AGARI ba="0,0" hai="8,9,13,16,23,52,57,60,64,66,67" m="33322" machi="57" ten="30,6000,0" yaku="8,1,54,2" doraHai="119" who="3" fromWho="3" sc="255,-20,115,-20,361,-20,269,60" /><INIT seed="7,1,0,1,3,105" ten="235,95,341,329" oya="3" hai0="126,8,47,92,112,36,71,29,20,32,61,2,38" hai1="108,91,84,13,67,72,65,1,128,56,119,27,50" hai2="42,49,28,116,99,59,37,30,121,100,123,104,95" hai3="118,125,58,85,76,107,79,106,83,68,15,113,57"/><W4/><G118/><T101/><D32/><U74/><E1/><V111/><F111/><W110/><G68/><T3/><D126/><U134/><E108/><V10/><F116/><W24/><G110/><T34/><D112/><U46/><E119/><V21/><F37/><W96/><G125/><T69/><D20/><U129/><E27/><N who="2" m="16495" /><F30/><W63/><G113/><T97/><D69/><U31/><E31/><V132/><F132/><W109/><G24/><T35/><D29/><U0/><E0/><V53/><F42/><W25/><G25/><T131/><D131/><N who="1" m="50251" /><E13/><V19/><F19/><W40/><G109/><T14/><D3/><U94/><E56/><N who="3" m="21610" /><G107/><T51/><D2/><U77/><E77/><N who="3" m="29770" /><G106/><T88/><D36/><U52/><E134/><V23/><F104/><W17/><G96/><T130/><D38/><U117/><E117/><V133/><F133/><W115/><G115/><T62/><D130/><U114/><E114/><V44/><F23/><N who="3" m="11711" /><G40/><T75/><D71/><U26/><E26/><V33/><F33/><W41/><G41/><T122/><D35/><U124/><E124/><V43/><F10/><W9/><G63/><T18/><D34/><U102/><E102/><V5/><F5/><W82/><G85/><T16/><D101/><U45/><E45/><V81/><F81/><N who="3" m="30731" /><G9/><T70/><D70/><U48/><E48/><N who="2" m="26655" /><F121/><W127/><G127/><T89/><D122/><U22/><E22/><V73/><F123/><W66/><G4/><T12/><D47/><U103/><E103/><V55/><F55/><W120/><G120/><T86/><D8/><U6/><E6/><RYUUKYOKU ba="1,0" sc="235,-30,95,10,341,10,329,10" hai1="46,50,52,65,67,72,74,84,91,94" hai2="49,53,59,73,95,99,100" hai3="66" /><INIT seed="7,2,0,1,1,4" ten="205,105,351,339" oya="3" hai0="49,93,51,9,85,33,87,47,82,107,124,99,32" hai1="71,116,0,81,42,25,50,79,21,13,125,48,131" hai2="41,123,110,53,75,98,84,88,44,3,122,20,74" hai3="60,115,2,106,59,38,7,95,94,15,72,10,91"/><W70/><G106/><T132/><D132/><U22/><E71/><V105/><F110/><W100/><G38/><T52/><D124/><U76/><E0/><V34/><F34/><W19/><G72/><T56/><D107/><U119/><E125/><V80/><F3/><W96/><G115/><T135/><D135/><U77/><E81/><V54/><F20/><W40/><G70/><T26/><D26/><U61/><E42/><V5/><F5/><W104/><G40/><T86/><D33/><U64/><E131/><V112/><F112/><W69/><G69/><T97/><D32/><U28/><E61/><V118/><F118/><W102/><G104/><T134/><D134/><U6/><E64/><V39/><F75/><W37/><G37/><T12/><D93/><U130/><E130/><V62/><F74/><W43/><G43/><N who="0" m="24831" /><D82/><U24/><E116/><V30/><F30/><W45/><G45/><T46/><D46/><U109/><E119/><V133/><F133/><W114/><G114/><T113/><D113/><U68/><E68/><V17/><F17/><AGARI ba="2,0" hai="9,12,17,51,52,56,85,86,87,97,99" m="24831" machi="17" ten="30,3900,0" yaku="8,1,52,1,54,1" doraHai="4" who="0" fromWho="2" sc="205,45,105,0,351,-45,339,0" owari="250,-15.0,105,-39.0,306,11.0,339,43.0" /></mjloggm>