<mjloggm ver="2.3"><GO type="169" lobby="0"/><UN n0="%E3%81%B5%E3%81%8B" n1="%E4%B8%AD%E6%9D%91%E8%B1%AA%EF%BC%A0" n2="%E2%80%A0%41%71%75%61%E2%80%A0" n3="%E3%83%88%E3%83%88%E3%83%AA%E5%85%88%E7%94%9F%31%39%E6%AD%B3" dan="17,17,18,19" rate="2124.33,2156.49,2251.05,2261.17" sx="M,M,M,F"/><TAIKYOKU oya="0"/><INIT seed="0,0,0,0,4,99" ten="250,250,250,250" oya="0" hai0="64,88,110,4,105,97,20,28,30,86,11,41,67" hai1="13,78,71,61,72,134,21,45,34,60,73,92,7" hai2="14,53,81,98,128,104,107,40,46,79,55,102,82" hai3="133,112,44,130,1,43,18,8,106,76,65,3,89"/><T121/><D121/><U0/><E34/><V58/><F128/><W123/><G112/><T48/><D110/><U115/><E134/><V36/><F107/><W66/><G130/><T126/><D126/><U33/><E33/><V124/><F124/><W37/><G106/><T26/><D30/><U50/><E0/><V69/><F69/><W91/><G133/><T109/><D109/><U42/><E115/><V80/><F14/><W56/><G18/><T17/><D28/><U87/><E21/><V129/><F129/><W95/><G123/><T12/><D97/><U51/><E51/><V9/><F9/><W38/><G56/><T77/><D105/><U108/><E92/><V6/><F6/><W135/><G135/><T90/><D77/><U122/><E108/><V68/><F68/><W125/><G125/><T114/><D114/><U27/><E27/><V16/><F16/><W100/><G76/><T63/><D63/><N who="1" m="24139" /><E71/><V22/><F22/><W59/><G38/><T49/><D90/><N who="3" m="34313" /><G59/><T15/><D26/><U83/><E122/><V29/><F29/><W57/><G57/><T120/><D120/><U84/><E84/><V5/><F5/><W132/><G132/><T24/><D24/><U119/><E119/><V23/><F23/><W19/><G3/><T103/><D20/><U47/><E47/><V70/><F70/><W75/><G1/><T111/><D111/><U39/><E39/><V31/><F31/><W113/><G113/><T74/><D74/><U52/><E42/><V10/><F36/><W96/><G75/><T35/><D41/><U93/><E93/><RYUUKYOKU ba="0,0" sc="250,-15,250,15,250,-15,250,15" hai1="7,13,45,50,52,72,73,78,83,87" hai3="8,19,37,43,44,65,66,95,96,100" /><INIT seed="1,1,0,5,1,134" ten="235,265,235,265" oya="1" hai0="99,7,37,26,97,22,15,131,60,105,34,56,40" hai1="135,115,106,75,120,18,53,102,38,103,111,77,24" hai2="29,0,10,86,59,100,68,92,80,33,91,112,96" hai3="94,81,83,87,132,50,5,116,110,121,44,20,90"/><U95/><E115/><V123/><F68/><W67/><G121/><T43/><D34/><U32/><E38/><V28/><F123/><W14/><G110/><T108/><D131/><U49/><E106/><V16/><F112/><W79/><G132/><T31/><D108/><U65/><E65/><V54/><F33/><W4/><G116/><T129/><D129/><U84/><E120/><V70/><F70/><W6/><G67/><T12/><D37/><U101/><E135/><V17/><F0/><W72/><G83/><T30/><D30/><N who="2" m="11882" /><F10/><W119/><G119/><T39/><D39/><U76/><E75/><V8/><F8/><W11/><G20/><T130/><D130/><U126/><E32/><V36/><F36/><W63/><G63/><AGARI ba="1,0" hai="16,17,54,59,63,80,86,91,92,96,100" m="11882" machi="63" ten="30,2000,0" yaku="8,1,54,1" doraHai="134" who="2" fromWho="3" sc="235,0,265,0,235,23,265,-23" /><INIT seed="2,0,0,1,0,120" ten="235,265,258,242" oya="2" hai0="112,58,70,97,29,38,131,73,110,3,35,22,10" hai1="127,1,69,91,62,2,114,106,86,111,83,113,94" hai2="87,66,47,80,30,134,124,96,92,25,57,119,43" hai3="72,65,121,90,48,75,14,123,89,68,60,101,8"/><V108/><F119/><W4/><G121/><T56/><D70/><U98/><E127/><V46/><F124/><W24/><G123/><T16/><D73/><U15/><E106/><V40/><F134/><W128/><G128/><T100/><D38/><U5/><E15/><V117/><F117/><W41/><G101/><T122/><D112/><U6/><E69/><V93/><F66/><W33/><G89/><T129/><D122/><U85/><E62/><V27/><F57/><W31/><REACH who="3" step="1"/><G90/><REACH who="3" ten="235,265,258,232" step="2"/><T63/><D129/><U99/><E91/><V109/><F96/><W39/><G39/><T107/><D131/><U88/><E88/><V115/><F115/><W132/><G132/><T0/><D100/><U51/><E83/><V61/><F80/><W42/><G42/><T67/><D97/><U95/><REACH who="1" step="1"/><E51/><REACH who="1" ten="235,255,258,232" step="2"/><V78/><F93/><W36/><G36/><T13/><D107/><U133/><E133/><V34/><F92/><W104/><G104/><T116/><D116/><U59/><E59/><V71/><F71/><W53/><G53/><T50/><D50/><U45/><E45/><AGARI ba="0,2" hai="4,8,14,24,31,33,41,45,48,60,65,68,72,75" machi="45" ten="40,1300,0" yaku="1,1,53,0" doraHai="120" doraHaiUra="54" who="3" fromWho="1" sc="235,0,255,-13,258,0,232,33" /><INIT seed="3,0,0,1,5,92" ten="235,242,258,265" oya="3" hai0="24,98,0,12,127,49,41,11,122,23,104,31,119" hai1="87,55,130,8,134,10,97,132,46,120,37,67,113" hai2="75,86,118,135,121,110,106,42,109,54,68,1,79" hai3="35,3,34,123,2,22,115,52,14,6,15,78,44"/><W77/><G115/><T5/><D119/><U70/><E120/><V51/><F118/><W66/><G66/><T25/><D122/><U26/><E113/><V85/><F121/><W16/><G123/><T43/><D127/><U91/><E130/><V40/><F68/><W28/><G44/><T112/><D112/><U27/><E70/><V114/><F114/><W128/><G128/><T48/><D0/><N who="3" m="41" /><G78/><T116/><D116/><U36/><E67/><V53/><F1/><W82/><G82/><T101/><D48/><U17/><E55/><V7/><F75/><W38/><G77/><T81/><D81/><U73/><E46/><V61/><F106/><W133/><G52/><T105/><D105/><U124/><E17/><V65/><F79/><W95/><G95/><T90/><D90/><U18/><E18/><V29/><F65/><W69/><G38/><T131/><D131/><U125/><E91/><V58/><F7/><W94/><G69/><T50/><D50/><U63/><E87/><V102/><F86/><W129/><G129/><T84/><D84/><U93/><E93/><V9/><F85/><W107/><G107/><T30/><REACH who="0" step="1"/><D49/><REACH who="0" ten="225,242,258,265" step="2"/><U4/><E73/><V62/><F51/><W74/><G74/><T57/><D57/><U96/><E63/><V99/><F58/><W108/><G94/><T88/><D88/><U39/><E37/><V83/><F62/><W103/><G103/><T126/><D126/><U76/><E76/><V13/><F61/><W64/><G108/><T56/><D56/><U19/><E124/><V89/><F110/><W59/><G59/><RYUUKYOKU ba="0,1" sc="225,30,242,-10,258,-10,265,-10" hai0="5,11,12,23,24,25,30,31,41,43,98,101,104" /><INIT seed="4,1,1,1,2,103" ten="255,232,248,255" oya="0" hai0="22,70,91,64,76,124,115,58,68,134,129,9,94" hai1="53,34,13,131,104,40,11,1,51,88,50,109,61" hai2="92,7,89,116,77,10,120,27,100,3,107,67,17" hai3="55,121,44,81,31,4,105,5,113,97,127,132,82"/><T133/><D115/><U106/><E34/><V85/><F120/><W123/><G113/><T25/><D129/><U46/><E109/><V26/><F116/><W96/><G31/><T47/><D124/><U74/><E1/><V18/><F67/><W93/><G127/><T99/><D76/><U65/><E74/><V75/><F27/><W111/><G111/><T83/><D83/><U63/><E131/><V39/><F26/><W0/><G44/><T86/><D86/><U35/><E35/><V95/><F92/><W38/><G55/><T114/><D114/><U119/><E119/><V122/><F39/><W16/><G38/><T78/><D78/><U37/><E88/><V71/><F71/><W41/><G41/><T24/><D24/><U36/><E36/><V57/><F57/><W56/><G56/><T90/><D9/><U52/><E53/><V112/><F122/><W128/><G93/><T98/><D47/><U69/><E61/><V79/><F112/><W29/><G0/><T6/><D91/><U54/><E54/><V130/><F130/><W2/><G2/><T49/><D90/><U108/><E108/><V33/><F33/><W21/><G128/><T125/><D125/><U72/><E72/><V87/><F87/><W126/><G126/><T8/><D98/><U28/><E28/><V101/><F79/><W110/><G110/><T84/><D99/><U135/><E135/><V23/><F23/><W102/><G121/><T118/><D133/><U30/><E30/><V117/><F117/><W32/><G123/><T80/><D134/><U48/><E52/><RYUUKYOKU ba="1,1" sc="255,-10,232,30,248,-10,255,-10" hai1="11,13,37,40,46,48,50,51,63,65,69,104,106" /><INIT seed="5,2,1,5,5,113" ten="245,262,238,245" oya="1" hai0="97,46,89,24,108,79,69,63,49,23,3,110,105" hai1="15,30,65,47,68,78,102,85,2,104,131,128,114" hai2="70,26,86,39,109,111,133,73,96,5,41,40,7" hai3="129,100,80,71,35,45,0,27,98,13,10,44,37"/><U123/><E2/><V20/><F73/><W34/><G0/><T77/><D3/><U60/><E123/><V6/><F70/><W72/><G71/><T121/><D121/><U8/><E30/><V124/><F124/><W116/><G129/><N who="1" m="49738" /><E114/><V54/><F133/><W38/><G116/><T84/><D97/><N who="1" m="61519" /><E47/><V52/><F96/><W132/><G132/><T18/><D105/><U91/><E78/><V56/><F86/><W36/><G35/><T75/><D75/><U16/><E85/><V101/><F101/><W130/><G130/><T82/><D79/><U32/><E91/><V87/><F87/><W94/><G72/><T74/><D77/><U93/><E93/><V53/><F56/><W4/><REACH who="3" step="1"/><G80/><REACH who="3" ten="245,262,238,235" step="2"/><T29/><D74/><U55/><E32/><V90/><F111/><W12/><G12/><T106/><D82/><U33/><E33/><V67/><F109/><W118/><G118/><T25/><D69/><U81/><E81/><V66/><F26/><W1/><G1/><T134/><D25/><U17/><E55/><V83/><F83/><W126/><G126/><T57/><D108/><U31/><E68/><V125/><F125/><W48/><G48/><T95/><D49/><U21/><E15/><V50/><F50/><W115/><G115/><T107/><D110/><U88/><E60/><V51/><F51/><W92/><G92/><T42/><D134/><U112/><E112/><V127/><F127/><W59/><G59/><T135/><D135/><U122/><E122/><V61/><F61/><W58/><G58/><T119/><D63/><U43/><E43/><RYUUKYOKU ba="2,2" sc="245,-10,262,-10,238,-10,235,30" hai3="4,10,13,27,34,36,37,38,44,45,94,98,100" /><INIT seed="6,3,2,1,5,13" ten="235,252,228,265" oya="2" hai0="121,89,100,106,102,3,18,25,28,50,14,93,80" hai1="109,58,57,1,134,22,107,11,19,6,59,131,17" hai2="97,90,123,35,54,99,9,77,68,21,20,36,74" hai3="84,129,66,49,81,105,113,110,42,2,8,40,94"/><V120/><F35/><W78/><G110/><T0/><D121/><U72/><E109/><V101/><F68/><W16/><G105/><T96/><D80/><U114/><E72/><V61/><F36/><W56/><G129/><T112/><D50/><U95/><E107/><V126/><F9/><W103/><G113/><T92/><D112/><U122/><E114/><V75/><F61/><N who="3" m="38183" /><G2/><T69/><D69/><U124/><E134/><V119/><F54/><W45/><G103/><T115/><D115/><U27/><E124/><V26/><F119/><W46/><G94/><T130/><D106/><U118/><E118/><V32/><F32/><W60/><G60/><T98/><D89/><U132/><E132/><V62/><F62/><W116/><G116/><T64/><D64/><U24/><E131/><V47/><F126/><W15/><G45/><T79/><D79/><U117/><E117/><V29/><F47/><W23/><G8/><T34/><D130/><U30/><E122/><N who="2" m="46635" /><F77/><W87/><G87/><T70/><D70/><U53/><E53/><AGARI ba="3,2" hai="15,16,23,40,42,46,49,53,78,81,84" m="38183" machi="53" ten="30,3900,0" yaku="8,1,52,1,54,1" doraHai="13" who="3" fromWho="1" sc="235,0,252,-48,228,0,265,68" /><INIT seed="7,0,0,5,2,43" ten="235,204,228,333" oya="3" hai0="84,108,45,119,134,76,135,8,56,82,7,104,14" hai1="60,105,117,6,26,116,99,52,114,110,79,0,28" hai2="34,31,37,20,29,72,69,64,103,44,65,12,40" hai3="124,106,63,75,5,78,42,46,98,22,51,112,118"/><W130/><G106/><T4/><D108/><U93/><E110/><V15/><F72/><W27/><G75/><T91/><D119/><N who="1" m="45643" /><E79/><V77/><F77/><W83/><G51/><T125/><D104/><U101/><E114/><V89/><F34/><W49/><G22/><T13/><D125/><U115/><E115/><V16/><F103/><W107/><G63/><T111/><D111/><U57/><E6/><V35/><F35/><W129/><G27/><T53/><D45/><U132/><E132/><N who="0" m="50729" /><D76/><U120/><E0/><V92/><F12/><N who="0" m="4714" /><D8/><U59/><E59/><V102/><F102/><W39/><G46/><T9/><D9/><U121/><E105/><V126/><F126/><W66/><G107/><T3/><D3/><U109/><E109/><V86/><F69/><W94/><G124/><T100/><D100/><U133/><E133/><V17/><F17/><W32/><G5/><T90/><D91/><U58/><E58/><V127/><F127/><W25/><G78/><T55/><D55/><U54/><E54/><V73/><F73/><W21/><G112/><T19/><D19/><U36/><E36/><V1/><F1/><W97/><G39/><T11/><D11/><U33/><AGARI ba="0,0" hai="26,28,33,52,57,60,93,99,101,120,121" m="45643" machi="33" ten="30,2000,0" yaku="12,1,54,1" doraHai="43" who="1" fromWho="1" sc="235,-5,204,20,228,-5,333,-10" owari="230,3.0,224,-18.0,223,-28.0,323,43.0" /></mjloggm>