<mjloggm ver="2.3"><GO type="169" lobby="0"/><UN n0="%E3%81%AF%E3%81%84%E3%81%A6%E3%82%93%E3%81%BC%E3%83%BC" n1="%6D%6F%75%73%65" n2="%EF%BC%98%EF%BC%99%EF%BC%91%EF%BC%90" n3="%E3%82%A6%E3%83%AB%E3%83%88%E3%83%A9%E7%AB%8B%E7%9B%B4" dan="17,17,16,18" rate="2201.82,2161.29,2224.13,2256.26" sx="M,M,M,M"/><TAIKYOKU oya="0"/><INIT seed="0,0,0,5,4,115" ten="250,250,250,250" oya="0" hai0="75,125,95,28,16,83,80,117,3,34,111,96,15" hai1="123,77,97,84,131,32,25,82,48,108,5,44,45" hai2="129,30,24,52,22,59,51,66,1,49,110,127,81" hai3="43,56,103,33,114,39,20,9,133,73,106,121,6"/><T26/><D3/><U122/><E108/><V10/><F127/><W105/><G33/><T60/><D125/><U69/><E69/><V90/><F129/><W38/><G114/><T46/><D111/><U124/><E124/><V65/><F110/><W8/><G20/><T102/><D75/><U36/><E131/><V86/><F1/><W132/><G56/><T109/><D109/><U87/><E36/><V100/><F10/><W4/><G43/><T41/><D60/><U89/><E97/><V79/><F100/><W0/><G0/><T104/><D104/><U76/><E32/><V40/><REACH who="2" step="1"/><F90/><REACH who="2" ten="250,250,240,250" step="2"/><W101/><REACH who="3" step="1"/><G73/><REACH who="3" ten="250,250,240,240" step="2"/><T78/><D78/><U47/><E77/><V23/><F23/><W13/><G13/><T107/><D15/><U118/><E25/><V119/><F119/><W29/><G29/><T120/><D117/><U53/><E118/><V92/><F92/><W14/><G14/><T113/><D95/><U88/><E76/><V67/><F67/><W57/><G57/><T58/><D58/><U116/><E116/><V17/><F17/><W11/><G11/><T74/><D16/><U68/><E5/><V7/><F7/><W112/><G112/><T126/><D113/><U55/><E68/><V21/><F21/><W70/><G70/><T64/><D64/><U72/><E72/><V54/><F54/><W93/><G93/><T35/><D74/><U98/><E55/><V85/><F85/><W71/><G71/><T134/><D35/><U63/><E87/><V42/><F42/><W2/><G2/><T61/><D34/><U94/><E63/><RYUUKYOKU ba="0,2" sc="250,-30,250,10,240,10,240,10" hai1="44,45,47,48,53,82,84,88,89,94,98,122,123" hai2="22,24,30,40,49,51,52,59,65,66,79,81,86" hai3="4,6,8,9,38,39,101,103,105,106,121,132,133" /><INIT seed="1,1,2,4,1,114" ten="220,260,250,250" oya="1" hai0="62,44,26,92,53,80,132,51,60,0,125,21,24" hai1="126,9,94,48,81,105,66,47,82,37,90,36,68" hai2="108,65,121,100,63,3,76,25,42,120,107,87,49" hai3="117,1,64,39,33,97,88,67,124,40,58,133,4"/><U123/><E105/><V12/><F3/><W118/><G33/><T74/><D0/><U134/><E123/><V84/><F108/><W106/><G58/><T113/><D113/><U34/><E34/><V10/><F107/><W16/><G4/><T69/><D132/><U102/><E102/><V43/><F100/><W115/><G1/><T19/><D125/><U18/><E126/><V50/><F121/><W79/><G79/><T89/><D69/><U131/><E134/><V31/><F120/><W96/><G124/><T27/><D80/><U35/><E35/><V93/><F76/><W28/><G28/><T83/><D83/><U30/><E30/><V77/><F77/><W46/><G133/><T54/><D74/><U103/><E103/><V135/><F50/><W56/><G115/><T73/><D73/><U7/><E18/><V14/><F14/><W2/><G2/><T101/><D101/><U104/><E104/><V8/><F8/><W116/><G106/><T57/><D62/><U13/><E81/><V129/><F129/><W127/><G127/><T98/><AGARI ba="1,2" hai="19,21,24,26,27,44,51,53,54,57,60,89,92,98" machi="98" ten="20,8000,1" yaku="0,1,7,1,25,2,8,1" doraHai="114" who="0" fromWho="0" sc="220,103,260,-41,250,-21,250,-21" /><INIT seed="2,0,0,1,5,53" ten="323,219,229,229" oya="2" hai0="131,87,83,112,35,34,111,86,121,71,92,52,129" hai1="14,51,63,37,95,73,84,128,126,16,75,43,70" hai2="114,119,78,127,101,94,3,90,44,82,65,132,54" hai3="91,108,117,125,6,41,130,118,60,5,29,28,79"/><V72/><F3/><W10/><G79/><T21/><D121/><U66/><E37/><V93/><F65/><W102/><G102/><T11/><D112/><U12/><E126/><V22/><F114/><W88/><G60/><T9/><D71/><U69/><E128/><V115/><F115/><W55/><G55/><T59/><D111/><U74/><E70/><V104/><F119/><W107/><G10/><T25/><D92/><U32/><E32/><V106/><F127/><W89/><G41/><T47/><D47/><U2/><E2/><V105/><F132/><W23/><G23/><T8/><D35/><U77/><E43/><V116/><F116/><W13/><G91/><T38/><D34/><U61/><E51/><V33/><F33/><W18/><G125/><T42/><D42/><U45/><E45/><V110/><F110/><W64/><G64/><T30/><D38/><U24/><E63/><V49/><F94/><W19/><G13/><T109/><D109/><U31/><E31/><V122/><F22/><W4/><G4/><T103/><D103/><U57/><E69/><V134/><F134/><W62/><G62/><T26/><D26/><U76/><E24/><V135/><F135/><W58/><G108/><T120/><D120/><U39/><E39/><V100/><REACH who="2" step="1"/><F122/><REACH who="2" ten="323,219,219,229" step="2"/><W85/><G118/><T98/><D131/><U20/><REACH who="1" step="1"/><E14/><REACH who="1" ten="323,209,219,229" step="2"/><V40/><F40/><W15/><G15/><T36/><D129/><U124/><E124/><V81/><F81/><W0/><G130/><T50/><D83/><U48/><E48/><V1/><F1/><W96/><G0/><RYUUKYOKU ba="0,2" sc="323,-15,209,15,219,15,229,-15" hai1="12,16,20,57,61,66,73,74,75,76,77,84,95" hai2="44,49,54,72,78,82,90,93,100,101,104,105,106" /><INIT seed="2,1,2,2,4,41" ten="308,224,234,214" oya="2" hai0="93,4,84,109,132,67,31,1,60,104,21,54,61" hai1="125,82,2,90,99,100,44,80,108,22,17,69,13" hai2="112,65,50,10,12,87,75,39,127,32,16,74,37" hai3="20,103,57,117,9,128,88,101,34,62,119,118,102"/><V130/><F112/><W8/><G34/><T46/><D104/><U49/><E69/><V110/><F32/><W28/><G128/><T94/><D109/><U106/><E108/><V63/><F110/><W56/><G88/><T68/><D132/><U97/><E2/><V19/><F130/><W91/><G91/><T96/><D84/><U124/><E97/><V45/><F127/><N who="1" m="48713" /><E90/><V123/><F123/><W73/><G73/><T77/><D77/><U116/><E116/><V121/><F19/><W11/><G62/><T53/><D4/><U71/><E71/><V58/><F87/><W29/><G20/><T83/><D83/><U55/><AGARI ba="1,2" hai="13,17,22,44,49,55,80,82,99,100,106" m="48713" machi="55" ten="30,2000,0" yaku="18,1,52,1" doraHai="41" who="1" fromWho="1" sc="308,-6,224,43,234,-11,214,-6" /><INIT seed="3,0,0,4,3,27" ten="302,267,223,208" oya="3" hai0="121,95,40,133,21,116,10,102,45,38,124,32,77" hai1="57,31,135,75,82,49,107,65,88,83,24,106,12" hai2="23,37,28,130,79,89,59,1,19,100,50,48,35" hai3="73,90,64,17,9,87,14,132,113,129,120,81,16"/><W105/><G113/><T29/><D116/><U76/><E135/><V2/><F37/><W131/><G120/><T5/><D121/><U84/><E12/><V101/><F79/><W13/><G132/><T112/><D32/><U22/><REACH who="1" step="1"/><E65/><REACH who="1" ten="302,257,223,208" step="2"/><V80/><F1/><W30/><G64/><T33/><D133/><U58/><E58/><V36/><F59/><W71/><G71/><T109/><D112/><U119/><E119/><V34/><F2/><W86/><G131/><T61/><D109/><U122/><E122/><V20/><F130/><W60/><G129/><T56/><D56/><U4/><E4/><V69/><F69/><W103/><G14/><T52/><D124/><U25/><E25/><V126/><F126/><W98/><G13/><T62/><D5/><U51/><E51/><V67/><F50/><W0/><G0/><T104/><D38/><U99/><E99/><V85/><F48/><W70/><G70/><T11/><D62/><U66/><E66/><V110/><F36/><W91/><G60/><T134/><D61/><U108/><E108/><V26/><F67/><W74/><G9/><T68/><D10/><U46/><E46/><V114/><F110/><W72/><REACH who="3" step="1"/><G30/><REACH who="3" ten="302,257,223,198" step="2"/><T55/><D29/><U125/><E125/><V43/><F114/><W53/><G53/><AGARI ba="0,2" hai="22,24,31,49,53,57,75,76,82,83,84,88,106,107" machi="53" ten="40,5200,0" yaku="1,1,52,1,54,1,53,0" doraHai="27" doraHaiUra="42" who="1" fromWho="3" sc="302,0,257,72,223,0,198,-52" /><INIT seed="4,0,0,5,4,41" ten="302,329,223,146" oya="0" hai0="122,102,85,117,97,66,119,104,0,28,87,53,134" hai1="73,64,21,118,1,5,26,32,116,22,8,111,62" hai2="135,55,133,3,46,11,18,63,10,103,109,19,67" hai3="96,129,45,44,54,36,93,98,101,114,90,31,100"/><T2/><D122/><U57/><E111/><V38/><F109/><W23/><G129/><T94/><D66/><U51/><E73/><V88/><F103/><N who="3" m="39499" /><G36/><T115/><D28/><U89/><E32/><V6/><F11/><W91/><G54/><T81/><D2/><U105/><E105/><V52/><F19/><W47/><G114/><T39/><D0/><U126/><E126/><V40/><F18/><W124/><G124/><T35/><D39/><U4/><E4/><V25/><F25/><N who="3" m="16831" /><G91/><T59/><D35/><U110/><E110/><V108/><F108/><W24/><G24/><T13/><D115/><U80/><E89/><V15/><F3/><W125/><G125/><T106/><D13/><U79/><E22/><V20/><F20/><W34/><G34/><T61/><D134/><N who="2" m="51210" /><F88/><W17/><G17/><T74/><D74/><U83/><E79/><V77/><F77/><W120/><G120/><T30/><D30/><U86/><E83/><V127/><F127/><W123/><G123/><T33/><D33/><U107/><E80/><V12/><F12/><W14/><G14/><T121/><D121/><U75/><E75/><V82/><F82/><W9/><G9/><T65/><D81/><U27/><E27/><V56/><AGARI ba="0,0" hai="6,10,15,38,40,46,52,55,56,63,67" m="51210" machi="56" ten="30,4000,0" yaku="20,1,52,1,54,1" doraHai="41" who="2" fromWho="2" sc="302,-20,329,-10,223,40,146,-10" /><INIT seed="5,0,0,2,5,98" ten="282,319,263,136" oya="1" hai0="96,10,15,109,9,127,18,36,122,13,99,95,80" hai1="65,108,42,32,68,62,105,35,24,130,102,59,73" hai2="126,34,91,25,100,45,14,93,82,55,53,7,3" hai3="113,110,120,38,129,106,87,27,131,60,90,128,88"/><U124/><E108/><V72/><F3/><W104/><G38/><T81/><D109/><U86/><E130/><V69/><F69/><W40/><G110/><T51/><D36/><U67/><E124/><V83/><F34/><W119/><G40/><T52/><D122/><U5/><E73/><V8/><F25/><W135/><G60/><T1/><D1/><U49/><E5/><V54/><F126/><W64/><G64/><T70/><D99/><U21/><E86/><N who="2" m="52471" /><F72/><W28/><G120/><T29/><D29/><U112/><E112/><V97/><F45/><W77/><G113/><T44/><D70/><U41/><E67/><V79/><F79/><W76/><G119/><T107/><D107/><N who="3" m="41001" /><G135/><T16/><D127/><U30/><E42/><V56/><F56/><W43/><G43/><T46/><D46/><U92/><E105/><V48/><F48/><W20/><G90/><AGARI ba="0,0" hai="9,10,13,15,16,18,44,51,52,80,81,90,95,96" machi="90" ten="30,8000,1" yaku="7,1,9,1,8,1,54,2" doraHai="98" who="0" fromWho="3" sc="282,80,319,0,263,0,136,-80" /><INIT seed="6,0,0,5,3,133" ten="362,319,263,56" oya="2" hai0="110,53,0,30,68,71,22,13,116,76,12,84,39" hai1="63,111,85,66,9,55,60,86,45,125,1,129,10" hai2="44,104,69,11,127,43,135,106,77,120,16,14,126" hai3="119,114,73,64,42,112,17,134,105,27,100,70,25"/><V123/><F69/><W36/><G73/><T91/><D0/><U115/><E111/><V103/><F77/><W65/><G119/><T28/><D110/><U40/><E115/><N who="3" m="44074" /><G134/><T8/><D76/><U132/><E132/><V97/><F106/><W33/><G33/><T5/><D39/><U117/><E117/><V83/><F83/><W26/><G70/><T93/><D116/><U92/><E92/><V131/><F135/><W58/><G58/><T24/><D30/><U23/><E55/><V74/><F74/><W128/><G128/><T19/><D53/><U6/><E129/><V107/><F107/><W29/><G29/><T121/><D121/><U87/><E10/><AGARI ba="0,0" hai="5,8,10,12,13,19,22,24,28,68,71,84,91,93" machi="10" ten="30,1000,0" yaku="7,1" doraHai="133" who="0" fromWho="1" sc="362,10,319,-10,263,0,56,0" /><INIT seed="7,0,0,4,4,133" ten="372,309,263,56" oya="3" hai0="88,15,8,39,17,18,37,3,10,45,42,58,29" hai1="135,2,110,48,67,113,44,134,87,21,68,79,123" hai2="6,41,77,93,33,57,54,122,84,94,52,64,97" hai3="96,112,61,115,30,59,49,70,31,120,27,91,1"/><W80/><G120/><T73/><D73/><U126/><E123/><V75/><F75/><W62/><G1/><T40/><D29/><U107/><E2/><V111/><F111/><W7/><G7/><T103/><D103/><U76/><E107/><V24/><F122/><W85/><G96/><T60/><D3/><U34/><E34/><V35/><F41/><W100/><G100/><T38/><D40/><U124/><E110/><V114/><F114/><N who="3" m="43563" /><G70/><T83/><D83/><U32/><E32/><V14/><F6/><W131/><G131/><T63/><D63/><N who="3" m="24073" /><G27/><T125/><D37/><U19/><E113/><V72/><F24/><W53/><AGARI ba="0,0" hai="30,31,49,53,59,80,85,91" m="24073,43563" machi="53" ten="30,1500,0" yaku="15,1" doraHai="133" who="3" fromWho="3" sc="372,-5,309,-5,263,-5,56,15" /><INIT seed="7,1,0,0,2,45" ten="367,304,258,71" oya="3" hai0="63,83,92,93,71,33,4,27,124,1,51,9,110" hai1="120,0,79,127,104,48,95,117,62,66,91,5,72" hai2="53,50,109,13,125,75,40,100,86,98,107,55,102" hai3="119,81,118,128,65,112,129,29,35,74,15,21,88"/><W96/><G35/><T60/><D110/><U54/><E104/><V38/><F75/><W46/><G65/><T41/><D124/><U26/><E127/><V14/><F109/><W121/><G121/><T76/><D93/><U56/><E120/><V47/><F125/><W8/><G112/><T18/><D92/><U37/><E37/><V11/><F102/><W22/><G46/><T17/><D17/><U126/><E126/><V111/><F111/><W30/><G74/><T114/><D71/><U31/><E117/><N who="3" m="44554" /><G88/><T49/><D114/><U123/><E123/><V23/><F86/><W97/><G81/><T61/><D41/><U10/><E79/><V87/><F87/><W85/><G85/><T34/><D34/><U36/><E72/><V115/><F115/><W3/><G3/><T69/><D69/><U16/><E36/><V25/><F38/><W94/><G94/><T132/><D33/><U58/><E95/><V78/><F78/><W43/><G43/><T89/><D89/><U77/><E91/><V2/><F2/><W28/><G97/><T82/><D82/><U122/><E77/><V133/><F98/><W70/><G70/><T80/><D80/><U131/><E122/><V101/><F100/><W108/><G108/><T6/><D83/><U135/><E31/><N who="3" m="11850" /><G96/><T12/><D76/><U99/><E99/><V105/><F55/><W113/><G113/><T103/><D103/><U134/><E0/><V32/><F47/><W52/><G52/><T59/><D1/><U90/><E54/><V7/><F53/><W24/><G22/><N who="0" m="13783" /><D63/><U42/><E62/><RYUUKYOKU ba="1,0" sc="367,-10,304,-10,258,-10,71,30" hai3="8,15,21,24,30,128,129" /><INIT seed="7,2,0,3,2,83" ten="357,294,248,101" oya="3" hai0="5,112,68,28,44,85,60,47,3,73,74,50,123" hai1="63,109,48,82,41,35,36,101,88,96,98,133,19" hai2="103,56,11,70,49,24,116,76,57,23,61,106,113" hai3="17,53,64,0,4,9,1,78,121,22,126,131,29"/><W14/><G121/><T69/><D123/><U71/><E109/><V8/><F116/><W115/><G64/><T94/><D28/><U27/><E36/><V128/><F70/><W134/><G78/><T93/><D112/><U114/><E114/><V132/><F113/><W26/><G115/><T12/><D3/><U32/><E133/><V13/><F132/><W55/><G134/><T75/><D47/><U91/><E71/><V117/><F117/><W80/><G131/><T105/><D105/><U125/><E63/><V30/><F128/><W18/><G80/><T67/><D69/><U31/><E35/><V21/><F106/><W54/><REACH who="3" step="1"/><G126/><REACH who="3" ten="357,294,248,91" step="2"/><T102/><D67/><U6/><E125/><V100/><F76/><W7/><G7/><T111/><D5/><U40/><E6/><V66/><F66/><W107/><G107/><T118/><D118/><U108/><E82/><V122/><F122/><W58/><G58/><T120/><D120/><U72/><E72/><V97/><F57/><W130/><G130/><T20/><D75/><U84/><E108/><V92/><F56/><W86/><G86/><T51/><D111/><U90/><E84/><V10/><F97/><W129/><G129/><T45/><D85/><U62/><E98/><V34/><F92/><W87/><G87/><T33/><D93/><U127/><E96/><V81/><F81/><W89/><G89/><T124/><D94/><U110/><E91/><V135/><F135/><W59/><G59/><T43/><D124/><U79/><E90/><V42/><F100/><W65/><G65/><T119/><D102/><RYUUKYOKU ba="2,1" sc="357,-10,294,-10,248,-10,91,30" hai3="0,1,4,9,14,17,18,22,26,29,53,54,55" /><INIT seed="7,3,1,2,5,54" ten="347,284,238,121" oya="3" hai0="102,133,53,71,46,6,64,60,132,72,67,25,87" hai1="61,38,30,85,34,77,23,56,69,58,62,96,40" hai2="110,63,82,5,115,47,50,32,116,21,10,91,94" hai3="33,26,127,73,36,107,105,57,37,48,49,15,68"/><W11/><G68/><T117/><D72/><U97/><E34/><V29/><F110/><W113/><G73/><T59/><D117/><U125/><E69/><V89/><F116/><W18/><G113/><T131/><D131/><U128/><E128/><V121/><F32/><W111/><G127/><T120/><D120/><U95/><E125/><V51/><F115/><W75/><G75/><T93/><D6/><U31/><E38/><V28/><F121/><W86/><G111/><T52/><D25/><N who="1" m="16703" /><E40/><V45/><F63/><N who="1" m="24073" /><E31/><N who="2" m="11851" /><F21/><W106/><G33/><T108/><D108/><U70/><E70/><V0/><F0/><W1/><G26/><T135/><D71/><U55/><E55/><N who="2" m="30175" /><F82/><W22/><G86/><T14/><D14/><U12/><E12/><N who="2" m="5199" /><F94/><W123/><G123/><T80/><D93/><U8/><E8/><V103/><F103/><W41/><G41/><AGARI ba="3,1" hai="41,45,51,89,91" m="5199,30175,11851" machi="41" ten="30,1000,0" yaku="8,1" doraHai="54" who="2" fromWho="3" sc="347,0,284,0,238,29,121,-19" owari="347,45.0,284,8.0,267,-13.0,102,-40.0" /></mjloggm>