<mjloggm ver="2.3"><GO type="169" lobby="0"/><UN n0="%E3%81%82%E3%82%89%E3%81%8C%E3%81%8D%E3%81%82%E3%82%84%E3%81%9B" n1="%E3%82%A6%E3%83%AB%E3%83%88%E3%83%A9%E7%AB%8B%E7%9B%B4" n2="%E3%81%94%E3%82%8A%E3%81%94%E3%82%8A%E3%81%94%E3%82%8A%E3%82%89" n3="%E3%82%84%E3%82%80%E3%82%84%E3%82%80%E3%80%82" dan="17,18,16,16" rate="2155.48,2262.20,2104.92,2114.85" sx="F,M,M,M"/><TAIKYOKU oya="0"/><INIT seed="0,0,0,0,2,10" ten="250,250,250,250" oya="0" hai0="101,30,121,107,133,42,90,128,58,26,3,60,53" hai1="57,1,129,48,134,23,96,75,37,7,68,47,79" hai2="0,40,99,112,5,66,85,22,125,19,46,49,69" hai3="114,56,39,14,36,63,92,84,21,130,93,50,59"/><T123/><D133/><U135/><E1/><V43/><F112/><W89/><G114/><T45/><D128/><U132/><E7/><V28/><F125/><W77/><G130/><T62/><D3/><U91/><E68/><V110/><F110/><W105/><G105/><T31/><D31/><U103/><E129/><V98/><F28/><W83/><G50/><T88/><D101/><U18/><E91/><V35/><F35/><W113/><G113/><T72/><D72/><U44/><E37/><V55/><F0/><W82/><G82/><T126/><D107/><U74/><E57/><V70/><F5/><W32/><G32/><T118/><D118/><U34/><E34/><V64/><F85/><W71/><G71/><T67/><D126/><U76/><E75/><V16/><F55/><W15/><G36/><T100/><D100/><U65/><E65/><V41/><F49/><W2/><G2/><T119/><D119/><U17/><E17/><V104/><F40/><W115/><G39/><T51/><D123/><U94/><E74/><V9/><F46/><N who="1" m="17449" /><E48/><V61/><F22/><W54/><G21/><N who="0" m="15695" /><D121/><U127/><E127/><V33/><F33/><W97/><G115/><T120/><D120/><U13/><AGARI ba="0,0" hai="13,18,23,76,79,94,96,103,132,134,135" m="17449" machi="13" ten="40,2700,0" yaku="20,1,52,1" doraHai="10" who="1" fromWho="1" sc="250,-13,250,27,250,-7,250,-7" /><INIT seed="1,0,0,5,0,112" ten="237,277,243,243" oya="1" hai0="110,32,105,78,68,121,13,99,67,96,106,94,135" hai1="103,28,130,79,64,134,89,43,80,116,102,86,51" hai2="42,119,1,11,8,31,10,0,122,133,15,47,12" hai3="36,115,61,54,33,2,132,19,9,50,58,14,82"/><U131/><E64/><V24/><F122/><W113/><G36/><T107/><D32/><U48/><E28/><V40/><F133/><W118/><G33/><T65/><D121/><U95/><E43/><V49/><F42/><W109/><G132/><T126/><D135/><U127/><E134/><V124/><F124/><W90/><G109/><T60/><D126/><U22/><E22/><V34/><REACH who="2" step="1"/><F119/><REACH who="2" ten="237,277,233,243" step="2"/><W66/><G118/><T57/><D110/><U23/><E127/><V101/><F101/><W117/><G117/><T46/><D68/><U91/><E116/><V111/><F111/><W85/><REACH who="3" step="1"/><G2/><AGARI ba="0,1" hai="0,1,2,8,10,11,12,15,24,31,34,40,47,49" machi="2" ten="40,2600,0" yaku="1,1,53,1" doraHai="112" doraHaiUra="20" who="2" fromWho="3" sc="237,0,277,0,233,36,243,-26" /><INIT seed="2,0,0,2,5,67" ten="237,277,269,217" oya="2" hai0="29,114,54,20,50,7,121,11,41,39,59,108,113" hai1="100,62,90,85,89,1,6,27,37,117,84,109,5" hai2="125,33,104,75,15,14,51,46,123,60,47,69,21" hai3="127,122,53,18,101,32,55,86,115,97,42,10,56"/><V124/><F33/><W72/><G122/><T98/><D121/><U130/><E37/><V116/><F116/><W30/><G72/><T95/><D108/><U68/><E117/><V71/><F104/><W22/><G115/><T8/><D39/><U49/><E100/><V61/><F75/><W28/><G127/><N who="2" m="48713" /><F123/><W87/><G42/><T88/><D41/><U0/><E27/><V16/><F14/><W131/><G10/><T78/><D78/><U91/><E109/><V63/><F47/><W38/><G38/><T93/><D8/><U133/><E130/><V35/><F35/><W34/><G131/><T76/><D76/><U74/><E74/><V17/><F17/><W92/><G34/><T80/><D80/><U126/><E126/><V82/><F82/><W112/><G112/><T96/><D20/><U81/><E81/><V40/><AGARI ba="0,0" hai="15,16,21,40,46,51,60,61,63,69,71" m="48713" machi="40" ten="30,11700,0" yaku="18,1,52,2,54,1" doraHai="67" who="2" fromWho="2" sc="237,-39,277,-39,269,117,217,-39" /><INIT seed="2,1,0,4,5,54" ten="198,238,386,178" oya="2" hai0="85,73,52,3,113,6,82,108,50,101,8,77,84" hai1="23,81,41,93,105,78,71,9,1,51,97,48,134" hai2="127,90,115,16,117,56,72,79,34,61,99,20,102" hai3="38,59,75,98,43,24,58,112,33,103,40,49,76"/><V70/><F34/><W0/><G0/><T100/><D108/><U74/><E134/><V89/><F70/><W130/><G38/><T46/><D113/><U15/><E71/><V91/><F117/><W123/><G123/><T126/><D126/><U125/><E125/><V7/><F7/><W88/><G75/><T118/><D118/><U21/><E105/><V135/><F127/><W109/><G76/><T5/><D5/><U92/><E1/><V87/><F72/><W36/><G36/><T69/><D69/><U66/><E66/><V11/><F11/><W86/><G109/><T2/><D2/><U47/><E51/><V63/><F63/><W110/><G110/><T131/><D131/><U25/><E25/><V17/><F135/><W37/><G37/><T83/><REACH who="0" step="1"/><D73/><REACH who="0" ten="188,238,386,178" step="2"/><U27/><E74/><V4/><F115/><W111/><G111/><T65/><D65/><U119/><E119/><V53/><F4/><W44/><G130/><T29/><D29/><U22/><E27/><V30/><F30/><W19/><G112/><T60/><D60/><U120/><E120/><V18/><F20/><N who="3" m="13343" /><G33/><T128/><D128/><U12/><E9/><V124/><F124/><W35/><G35/><T39/><D39/><U10/><E10/><V94/><REACH who="2" step="1"/><F79/><AGARI ba="1,1" hai="3,6,8,46,50,52,77,79,82,83,84,85,100,101" machi="79" ten="30,7700,0" yaku="1,1,7,1,9,1,54,1,53,0" doraHai="54" doraHaiUra="64" who="0" fromWho="2" sc="188,90,238,0,386,-80,178,0" /><INIT seed="3,0,0,1,5,60" ten="278,238,306,178" oya="3" hai0="88,90,48,32,20,45,114,31,98,56,36,111,127" hai1="47,106,129,19,123,17,76,62,51,14,91,13,40" hai2="59,71,122,22,50,28,39,10,86,112,70,43,65" hai3="12,121,96,74,29,110,78,117,131,8,82,63,80"/><W68/><G117/><T33/><D111/><U103/><E123/><V113/><F10/><W118/><G118/><T1/><D1/><U79/><E129/><V120/><F86/><W67/><G121/><N who="2" m="46697" /><F22/><W77/><G131/><T128/><D128/><U102/><E91/><V11/><F11/><W34/><G110/><T107/><D127/><U41/><E62/><N who="2" m="38111" /><F28/><W53/><G53/><T66/><D114/><N who="2" m="44138" /><F39/><W58/><G96/><T130/><D130/><U108/><E108/><V81/><F81/><W21/><G21/><T23/><D98/><U83/><E83/><V61/><F61/><W27/><G8/><T37/><D107/><U52/><E106/><V0/><F0/><W57/><REACH who="3" step="1"/><G12/><REACH who="3" ten="278,238,306,168" step="2"/><T75/><D20/><U54/><E13/><V73/><F73/><AGARI ba="0,1" hai="27,29,34,57,58,63,67,68,73,74,77,78,80,82" machi="73" ten="30,18000,2" yaku="1,1,2,1,7,1,9,1,52,1,53,1" doraHai="60" doraHaiUra="26" who="3" fromWho="2" sc="278,0,238,0,306,-180,168,190" /><INIT seed="3,1,0,3,1,69" ten="278,238,126,358" oya="3" hai0="120,125,126,128,9,85,92,107,39,30,22,78,50" hai1="64,111,93,77,87,2,81,79,23,76,134,72,133" hai2="53,62,36,47,59,10,21,66,112,29,116,33,108" hai3="51,52,115,104,24,55,71,27,41,57,129,96,99"/><W103/><G115/><T100/><D120/><U31/><E2/><V63/><F108/><W135/><G135/><N who="1" m="51722" /><E64/><V54/><F112/><W17/><G129/><T101/><D9/><U49/><E49/><V118/><F33/><W130/><G130/><T61/><D61/><U86/><E31/><V48/><F10/><W117/><G117/><N who="2" m="45161" /><F21/><W58/><G71/><T82/><D50/><U4/><E23/><V113/><F29/><W122/><G122/><T119/><D22/><U37/><E4/><V32/><F32/><W25/><G41/><T5/><D5/><U74/><E37/><V11/><F11/><W44/><G96/><T105/><D30/><U131/><E131/><V26/><F26/><W90/><G90/><N who="0" m="53327" /><D39/><U123/><E123/><V18/><F18/><W16/><REACH who="3" step="1"/><G44/><REACH who="3" ten="278,238,126,348" step="2"/><T8/><D128/><U65/><E111/><V38/><F113/><W34/><G34/><T121/><D119/><U43/><E43/><V19/><F19/><W68/><G68/><AGARI ba="1,1" hai="36,38,47,48,53,54,59,62,63,66,68" m="45161" machi="68" ten="30,7700,0" yaku="34,2,52,2" doraHai="69" who="2" fromWho="3" sc="278,0,238,0,126,90,348,-80" /><INIT seed="4,0,0,3,4,1" ten="278,238,216,268" oya="0" hai0="56,57,93,2,87,27,25,73,52,108,92,44,70" hai1="91,47,21,72,82,121,79,42,4,71,83,16,60" hai2="67,8,23,58,63,39,43,61,105,119,109,31,14" hai3="80,122,118,124,74,101,5,48,102,36,85,10,103"/><T112/><D73/><U30/><E121/><V126/><F109/><W69/><G36/><T33/><D70/><U41/><E30/><V100/><F119/><W96/><G118/><T78/><D108/><U29/><E29/><V59/><F39/><W111/><G111/><T46/><D112/><U125/><E125/><V135/><F43/><W28/><G122/><T68/><D68/><U97/><E4/><V117/><F117/><W88/><G124/><T76/><D2/><U89/><E83/><V86/><F86/><W0/><G69/><T115/><D115/><U127/><E127/><V66/><F126/><W20/><G74/><T116/><D116/><U26/><E97/><V94/><F105/><W24/><REACH who="3" step="1"/><G48/><REACH who="3" ten="278,238,216,258" step="2"/><T18/><D33/><U81/><E71/><V51/><F51/><W45/><G45/><T129/><D129/><U110/><E47/><V15/><F135/><W55/><G55/><T75/><D75/><U65/><E110/><V34/><F67/><W53/><G53/><T84/><D52/><U107/><E42/><V134/><F66/><W90/><G90/><T13/><D46/><U9/><E41/><V49/><F49/><W38/><G38/><T22/><D44/><U7/><E91/><V132/><F59/><N who="0" m="22602" /><D78/><U35/><E79/><V98/><F58/><W77/><G77/><T40/><D76/><U130/><E72/><V113/><F134/><W99/><AGARI ba="0,1" hai="0,5,10,20,24,28,80,85,88,96,99,101,102,103" machi="99" ten="30,7900,0" yaku="1,1,0,1,52,1,54,1,53,0" doraHai="1" doraHaiUra="106" who="3" fromWho="3" sc="278,-39,238,-20,216,-20,258,89" /><INIT seed="5,0,0,0,4,104" ten="239,218,196,347" oya="1" hai0="130,123,48,126,125,69,89,84,103,66,131,112,117" hai1="67,57,13,43,18,124,17,127,70,82,96,135,35" hai2="71,93,53,61,94,79,51,99,133,83,105,20,128" hai3="50,114,88,41,7,98,29,12,120,109,90,132,78"/><U27/><E70/><V95/><F128/><N who="0" m="49194" /><D117/><U118/><E118/><V134/><F20/><W23/><G109/><T24/><D112/><U31/><E43/><V37/><F37/><W59/><G120/><T9/><D123/><U22/><E96/><V74/><F71/><W91/><G78/><T62/><D103/><U75/><E135/><N who="2" m="51723" /><F61/><W55/><G132/><T111/><D111/><U19/><E57/><N who="2" m="32959" /><F105/><W97/><G114/><T14/><D24/><U38/><E38/><V72/><F99/><W110/><G110/><T26/><D48/><U102/><E102/><V116/><F116/><W63/><G29/><T101/><D26/><U36/><E36/><V34/><F34/><W5/><G23/><T56/><D69/><U49/><E49/><V87/><AGARI ba="0,0" hai="72,74,79,83,87,93,94,95" m="32959,51723" machi="87" ten="30,4000,0" yaku="20,1,52,2" doraHai="104" who="2" fromWho="2" sc="239,-10,218,-20,196,40,347,-10" /><INIT seed="6,0,0,4,5,37" ten="229,198,236,337" oya="2" hai0="99,26,90,54,58,5,122,93,51,38,127,4,45" hai1="22,29,43,57,105,88,75,32,63,23,125,53,60" hai2="21,109,106,104,121,115,91,41,61,36,73,13,66" hai3="20,129,126,111,25,134,86,1,56,83,100,102,74"/><V10/><F109/><W12/><G111/><T31/><D127/><U79/><E105/><V80/><F121/><W64/><G1/><T14/><D122/><U96/><E125/><V135/><F135/><W108/><G108/><T2/><D2/><U89/><E32/><V18/><F115/><W97/><G74/><T68/><D68/><U7/><E75/><V55/><F55/><W34/><G34/><T28/><D14/><U70/><E70/><V69/><F10/><W78/><G126/><T33/><D31/><U9/><E79/><V112/><F112/><W35/><G35/><T27/><D27/><U82/><E63/><V95/><F80/><W59/><G134/><T128/><D128/><U44/><E29/><V110/><F73/><W114/><G114/><T84/><D84/><N who="1" m="50199" /><E9/><V77/><F77/><W103/><G129/><T46/><D46/><U8/><E8/><V120/><F120/><W98/><G12/><T72/><D72/><U113/><E7/><V62/><F62/><N who="3" m="37983" /><G56/><T50/><REACH who="0" step="1"/><D38/><REACH who="0" ten="219,198,236,337" step="2"/><U101/><E113/><V132/><F132/><W71/><G71/><T133/><D133/><U119/><E119/><V117/><F110/><W116/><G116/><T52/><AGARI ba="0,1" hai="4,5,26,28,33,45,50,51,52,54,58,90,93,99" machi="52" ten="20,5200,0" yaku="1,1,0,1,7,1,54,1,53,0" doraHai="37" doraHaiUra="123" who="0" fromWho="0" sc="219,62,198,-13,236,-26,337,-13" /><INIT seed="7,0,0,1,3,112" ten="281,185,210,324" oya="3" hai0="88,93,80,134,78,53,120,46,71,85,104,108,66" hai1="83,2,4,98,70,107,9,60,116,102,86,43,109" hai2="117,114,110,79,22,33,103,133,47,36,106,115,125" hai3="91,131,20,63,23,17,19,123,42,54,55,127,16"/><W0/><G0/><T100/><D108/><U58/><E109/><V8/><F22/><N who="3" m="8235" /><G123/><T11/><D120/><U94/><E43/><V122/><F47/><W12/><G131/><T64/><D134/><U89/><E70/><V73/><F103/><W27/><G27/><T118/><D118/><U82/><REACH who="1" step="1"/><E116/><REACH who="1" ten="281,175,210,324" step="2"/><V13/><F117/><W6/><G42/><T61/><D71/><U18/><E18/><V111/><F133/><W48/><G16/><T51/><D11/><U1/><E1/><V65/><F122/><W113/><G17/><T45/><D61/><U87/><E87/><V101/><F110/><W35/><G19/><T31/><D31/><U52/><AGARI ba="0,1" hai="2,4,9,52,58,60,82,83,86,89,94,98,102,107" machi="52" ten="20,5200,0" yaku="1,1,0,1,7,1,54,1,53,0" doraHai="112" doraHaiUra="44" who="1" fromWho="1" sc="281,-13,175,62,210,-13,324,-26" /><INIT seed="8,0,0,0,5,34" ten="268,237,197,298" oya="0" hai0="74,51,32,52,29,40,2,95,133,68,79,16,22" hai1="20,73,107,56,14,59,58,91,17,100,88,104,53" hai2="44,37,130,110,38,61,69,60,114,6,82,76,25" hai3="9,24,135,93,119,10,4,125,66,118,99,109,33"/><T72/><D68/><U26/><E73/><V35/><F110/><W81/><G109/><T115/><D115/><U97/><E107/><V70/><F114/><W0/><G135/><T19/><D40/><U113/><E113/><V117/><F6/><N who="3" m="1223" /><G125/><T120/><D120/><U49/><REACH who="1" step="1"/><E26/><REACH who="1" ten="268,227,197,298" step="2"/><V67/><F130/><W42/><G24/><N who="0" m="16535" /><D72/><U124/><E124/><V18/><F117/><W5/><G119/><T112/><D112/><U30/><E30/><N who="2" m="19919" /><F18/><W47/><G118/><T1/><D16/><U85/><E85/><V108/><F108/><W132/><G5/><T105/><D19/><U123/><E123/><V86/><F44/><AGARI ba="0,1" hai="14,17,20,44,49,53,56,58,59,88,91,97,100,104" machi="44" ten="40,5200,0" yaku="1,1,54,1,53,1" doraHai="34" doraHaiUra="43" who="1" fromWho="2" sc="268,0,227,62,197,-52,298,0" /><INIT seed="9,0,0,4,1,83" ten="268,289,145,298" oya="1" hai0="57,5,19,75,87,84,52,55,78,56,4,20,127" hai1="72,116,24,60,112,58,70,113,91,12,111,121,33" hai2="99,13,86,95,43,21,18,17,14,26,77,63,66" hai3="122,117,47,3,42,89,90,94,0,118,30,1,88"/><U25/><E121/><V61/><F43/><W108/><G108/><T114/><D114/><U74/><E70/><V106/><F106/><W44/><G122/><T53/><D127/><U101/><E101/><V135/><F135/><W120/><G120/><T11/><D75/><U32/><E12/><V35/><F35/><W31/><G94/><T59/><D78/><U130/><E91/><V126/><F126/><W109/><G109/><T45/><D45/><N who="3" m="17481" /><G42/><T105/><D105/><U96/><E96/><V128/><F128/><W73/><G73/><T98/><D98/><U85/><E111/><V16/><F14/><W7/><G7/><N who="0" m="2635" /><D11/><U100/><E130/><V29/><F13/><AGARI ba="0,0" hai="13,19,20,52,53,55,56,57,59,84,87" m="2635" machi="13" ten="30,7700,0" yaku="8,1,52,2,54,1" doraHai="83" who="0" fromWho="2" sc="268,77,289,0,145,-77,298,0" owari="345,44.0,289,-11.0,68,-43.0,298,10.0" /></mjloggm>