<mjloggm ver="2.3"><GO type="169" lobby="0"/><UN n0="%E3%83%A2%E3%83%B3%E3%82%B9%E3%82%BF%E3%83%BC%EF%BC%95" n1="%E3%81%BE%E3%83%BC%E3%81%8F%E3%81%96%E3%81%84%E3%82%93" n2="%E3%83%88%E3%83%88%E3%83%AA%E5%85%88%E7%94%9F%31%39%E6%AD%B3" n3="%E5%92%8C%E6%B3%89%E7%B4%97%E9%9C%A7" dan="16,17,19,17" rate="2088.37,2207.90,2319.80,2154.27" sx="M,M,F,F"/><TAIKYOKU oya="0"/><INIT seed="0,0,0,2,1,47" ten="250,250,250,250" oya="0" hai0="126,73,76,17,57,50,35,10,14,122,59,77,91" hai1="2,104,38,6,72,83,41,68,20,40,109,84,82" hai2="100,87,96,78,46,92,113,98,55,67,103,13,0" hai3="70,9,69,106,135,31,4,51,81,7,62,94,49"/><T127/><D35/><U60/><E104/><V107/><F0/><W121/><G106/><T44/><D122/><U86/><E109/><V118/><F113/><W85/><G121/><T26/><D26/><U29/><E72/><V12/><F118/><W39/><G39/><T90/><D73/><U71/><E2/><V112/><F112/><W34/><G135/><T128/><D128/><U102/><E102/><V21/><F67/><W24/><G94/><T52/><D127/><U80/><E6/><V66/><F66/><W101/><G101/><T88/><D126/><U134/><E134/><V45/><F21/><W132/><G132/><T32/><D32/><U116/><E116/><V130/><F130/><W33/><G7/><T123/><D123/><U54/><E38/><V99/><F99/><W64/><G69/><T95/><D95/><U53/><E20/><V58/><F13/><W108/><G108/><T23/><D23/><U36/><E36/><V3/><F3/><W75/><G75/><T110/><D110/><U119/><E29/><V1/><F1/><W37/><G37/><T18/><D17/><U61/><E80/><V63/><F12/><W11/><G34/><T125/><D125/><U124/><E124/><V133/><F133/><W22/><G33/><T79/><AGARI ba="0,0" hai="10,14,18,44,50,52,57,59,76,77,79,88,90,91" machi="79" ten="30,12000,1" yaku="0,1,8,1,52,1,54,2" doraHai="47" who="0" fromWho="0" sc="250,120,250,-40,250,-40,250,-40" /><INIT seed="0,1,0,3,1,97" ten="370,210,210,210" oya="0" hai0="112,66,44,62,108,127,70,13,134,105,6,56,80" hai1="114,104,26,43,17,46,68,102,84,36,50,111,24" hai2="79,19,81,9,115,53,37,133,94,89,117,86,59" hai3="99,16,69,101,135,130,52,72,63,4,92,3,64"/><T48/><D112/><U67/><E114/><V2/><F115/><W87/><G72/><T126/><D105/><U45/><E111/><V54/><F37/><W58/><G130/><T32/><D32/><U125/><E125/><N who="0" m="47625" /><D108/><U90/><E67/><V106/><F106/><W11/><G135/><T39/><D80/><U93/><E68/><V107/><F107/><W40/><G40/><N who="0" m="22559" /><D13/><U71/><E71/><V28/><F133/><W15/><G87/><T85/><D85/><U61/><E61/><V78/><F117/><W65/><REACH who="3" step="1"/><G69/><REACH who="3" ten="370,210,210,200" step="2"/><T49/><D134/><U76/><E76/><V82/><F79/><W33/><G33/><T124/><D124/><U91/><E84/><V73/><F81/><W5/><G5/><T103/><D6/><U47/><E36/><V98/><F73/><W38/><G38/><T120/><D120/><U18/><E43/><V23/><F78/><W34/><G34/><T128/><D128/><U121/><E121/><V77/><F77/><W22/><AGARI ba="1,1" hai="3,4,11,15,16,22,52,58,63,64,65,92,99,101" machi="22" ten="20,12000,2" yaku="1,1,0,1,7,1,52,1,54,2,53,0" doraHai="97" doraHaiUra="100" who="3" fromWho="3" sc="370,-61,210,-31,210,-31,200,133" /><INIT seed="1,0,0,1,0,112" ten="309,179,179,333" oya="1" hai0="90,60,41,15,102,68,25,133,126,131,32,37,10" hai1="110,93,132,111,46,48,107,75,5,72,86,117,42" hai2="17,51,69,33,31,21,26,1,23,128,24,82,80" hai3="92,13,85,49,20,61,57,29,104,100,59,103,14"/><U35/><E107/><V108/><F69/><W120/><G104/><T96/><D37/><U52/><E35/><V65/><F65/><W99/><G120/><T53/><D41/><U118/><E5/><V135/><F108/><N who="1" m="41513" /><E132/><V0/><F128/><W6/><G103/><T94/><D131/><U83/><E93/><V113/><F113/><W45/><G85/><T122/><D122/><U78/><E42/><V76/><F135/><W16/><G29/><T34/><D34/><U91/><E91/><V18/><F51/><W87/><G87/><T27/><D32/><U81/><E81/><V116/><F80/><W115/><G115/><T8/><D133/><U97/><E97/><V40/><F40/><N who="3" m="24743" /><G61/><T121/><D121/><U47/><E47/><V125/><F82/><W95/><G95/><T70/><D102/><U74/><AGARI ba="0,0" hai="46,48,52,72,74,75,78,83,86,117,118" m="41513" machi="74" ten="40,12000,1" yaku="14,1,10,1,52,2,54,1" doraHai="112" who="1" fromWho="1" sc="309,-40,179,120,179,-40,333,-40" /><INIT seed="1,1,0,3,0,126" ten="269,299,139,293" oya="1" hai0="73,13,11,95,121,22,123,82,6,43,10,78,87" hai1="115,109,132,108,106,116,38,127,131,86,2,41,119" hai2="42,98,63,4,14,37,69,16,25,1,74,54,104" hai3="35,30,20,113,99,110,76,117,8,36,135,80,72"/><U58/><E127/><V112/><F74/><W39/><G113/><T93/><D22/><U129/><E115/><V92/><F104/><W51/><G110/><N who="1" m="42602" /><E132/><V5/><F112/><W7/><G135/><T9/><D43/><U64/><E106/><V84/><F1/><W52/><G117/><N who="1" m="45130" /><E2/><V27/><F84/><W12/><G35/><T56/><D73/><U90/><E41/><V71/><F37/><W47/><REACH who="3" step="1"/><G99/><REACH who="3" ten="269,299,139,283" step="2"/><T59/><D123/><U67/><E38/><V32/><F98/><W124/><G124/><T29/><D121/><U77/><E77/><V89/><F32/><W122/><G122/><T85/><D78/><U105/><E105/><V79/><F79/><W24/><AGARI ba="1,1" hai="7,8,12,20,24,30,36,39,47,51,52,72,76,80" machi="24" ten="30,7900,0" yaku="1,1,0,1,54,1,53,1" doraHai="126" doraHaiUra="45" who="3" fromWho="3" sc="269,-21,299,-40,139,-21,283,92" /><INIT seed="2,0,0,4,4,10" ten="248,259,118,375" oya="2" hai0="71,46,51,32,79,85,42,65,91,17,114,102,107" hai1="76,70,21,101,77,58,103,60,90,109,95,133,39" hai2="0,3,61,113,40,110,56,7,9,31,74,96,87" hai3="26,108,120,24,72,41,117,47,106,126,68,82,38"/><V80/><F113/><W4/><G108/><T18/><D32/><U34/><E34/><V66/><F110/><W105/><G120/><T127/><D114/><U135/><E21/><V37/><F74/><W128/><G117/><T62/><D79/><N who="1" m="30283" /><E70/><V64/><F31/><W122/><G68/><T27/><D127/><U92/><E39/><V33/><F33/><W125/><G122/><T118/><D118/><U75/><E109/><V94/><F64/><W8/><G72/><T5/><D27/><N who="3" m="10281" /><G82/><T22/><D22/><U13/><E13/><V81/><F87/><W78/><G78/><T44/><D5/><U28/><E28/><V20/><F20/><W55/><G55/><T59/><D46/><U52/><E75/><V67/><F3/><W86/><G86/><T111/><D71/><U49/><E95/><V119/><F119/><W97/><G97/><T121/><D121/><U131/><E131/><V130/><F130/><W84/><G84/><T57/><D57/><N who="1" m="32911" /><E135/><V19/><F67/><W88/><G128/><T129/><D129/><U132/><E132/><V99/><F19/><W14/><G106/><T73/><D73/><U98/><E133/><V6/><F6/><W12/><G105/><T15/><D18/><U25/><E25/><V45/><REACH who="2" step="1"/><F99/><REACH who="2" ten="248,259,108,375" step="2"/><W43/><G4/><T36/><D17/><U124/><E124/><V104/><F104/><W115/><G115/><T69/><D107/><U89/><E98/><V123/><F123/><W134/><G134/><T2/><D65/><N who="1" m="39063" /><E92/><V11/><F11/><W29/><G126/><T23/><D111/><U100/><AGARI ba="0,1" hai="89,90,100,101,103" m="39063,32911,30283" machi="100" ten="30,4000,0" yaku="5,1,8,1,54,1" doraHai="10" who="1" fromWho="1" sc="248,-10,259,50,108,-20,375,-10" /><INIT seed="3,0,0,3,1,17" ten="238,309,88,365" oya="3" hai0="122,63,57,81,128,82,46,103,121,120,127,39,45" hai1="16,112,8,132,2,6,72,1,118,131,130,66,44" hai2="85,126,95,76,86,28,53,59,40,68,123,87,104" hai3="24,94,71,26,84,51,70,109,27,55,98,34,92"/><W117/><G117/><T21/><D103/><U99/><E118/><V42/><F104/><W5/><G34/><T13/><D127/><U83/><E112/><V124/><F68/><W41/><G41/><N who="2" m="15977" /><F28/><W25/><G5/><T79/><D39/><U3/><E132/><V60/><F123/><W133/><G133/><T54/><D128/><N who="1" m="49195" /><E66/><V101/><F101/><W58/><G109/><T135/><D135/><U88/><E44/><V77/><F95/><W4/><G4/><T113/><D113/><U37/><E37/><V78/><F124/><W48/><G71/><T93/><D93/><N who="1" m="56743" /><E16/><V10/><F126/><W12/><G70/><T106/><D106/><U49/><E49/><V75/><F75/><W69/><G69/><T29/><D46/><U108/><E108/><V89/><F10/><W7/><G51/><T15/><D45/><U30/><E30/><V33/><F89/><N who="3" m="53287" /><G24/><T74/><REACH who="0" step="1"/><D81/><REACH who="0" ten="228,309,88,365" step="2"/><U90/><E90/><V43/><F43/><W73/><G94/><T56/><D56/><U23/><E83/><V22/><F59/><W105/><G105/><T65/><D65/><U119/><E119/><V116/><F116/><W18/><G58/><T14/><D14/><U32/><E1/><V36/><F36/><W115/><G12/><T38/><D38/><U67/><E2/><V52/><F53/><W20/><G55/><T61/><D61/><U62/><E62/><V9/><F52/><W64/><G64/><T125/><D125/><U19/><E67/><V114/><F60/><W11/><G115/><T96/><D96/><U35/><E3/><V31/><F114/><RYUUKYOKU ba="0,1" sc="228,30,309,-10,88,-10,365,-10" hai0="13,15,21,29,54,57,63,74,79,82,120,121,122" /><INIT seed="4,1,1,1,0,29" ten="258,299,78,355" oya="0" hai0="61,66,5,39,89,57,77,134,78,63,128,106,102" hai1="132,94,115,56,91,114,130,11,113,79,1,26,18" hai2="28,116,101,0,83,70,120,38,16,118,50,17,129" hai3="36,117,62,14,68,127,45,58,22,86,42,8,73"/><T52/><D39/><U7/><E132/><V125/><F120/><W48/><G117/><N who="2" m="45161" /><F38/><W85/><G73/><T9/><D134/><U82/><E130/><V2/><F70/><W4/><G127/><T135/><D128/><U21/><E56/><V100/><F129/><W41/><G41/><T122/><D122/><U87/><REACH who="1" step="1"/><E94/><REACH who="1" ten="258,289,78,355" step="2"/><V43/><F125/><W65/><G22/><T27/><D135/><U46/><E46/><N who="2" m="25951" /><F83/><W76/><G68/><T34/><D106/><U90/><AGARI ba="1,2" hai="1,7,11,18,21,26,79,82,87,90,91,113,114,115" machi="90" ten="40,8000,1" yaku="1,1,0,1,15,1,11,1,53,0" doraHai="29" doraHaiUra="55" who="1" fromWho="1" sc="258,-41,289,103,78,-21,355,-21" /><INIT seed="5,0,0,0,2,35" ten="217,392,57,334" oya="1" hai0="66,25,113,20,40,55,43,87,56,96,106,117,31" hai1="5,133,12,14,49,95,100,54,128,70,51,84,134" hai2="75,32,44,2,122,92,118,15,120,119,33,46,0" hai3="116,108,88,59,18,16,48,62,99,30,60,121,101"/><U27/><E128/><V103/><F75/><W83/><G108/><T97/><D117/><U65/><E27/><V42/><F42/><W91/><G121/><T38/><D113/><U79/><E65/><V63/><F103/><W1/><G1/><T41/><D106/><U126/><E70/><V85/><F85/><W4/><G4/><T89/><D66/><U61/><E126/><V131/><F15/><W6/><G6/><T104/><D104/><U47/><E61/><V13/><F13/><W93/><G30/><T11/><D11/><U17/><E5/><V77/><F92/><W114/><G114/><T58/><D58/><U123/><E123/><V72/><F72/><W21/><G116/><T39/><D38/><U22/><E14/><V107/><F107/><W26/><G18/><T19/><D31/><U24/><E24/><V53/><F53/><N who="3" m="32167" /><G91/><T28/><D28/><U73/><E73/><V8/><F77/><W127/><G127/><T45/><D45/><N who="1" m="27951" /><E79/><V36/><F63/><W109/><G109/><T110/><D39/><U7/><E7/><V3/><F3/><W29/><G29/><T102/><D102/><U132/><E100/><V111/><F36/><W37/><G37/><T86/><D110/><U23/><E23/><V112/><F111/><W67/><G67/><T34/><D34/><U52/><E95/><V10/><F112/><W74/><G74/><T9/><D9/><U94/><E94/><V76/><F76/><W115/><G115/><T69/><D69/><U68/><E68/><V50/><F50/><W80/><G101/><T124/><D124/><RYUUKYOKU ba="0,0" sc="217,-30,392,10,57,10,334,10" hai1="12,17,22,47,51,52,84,132,133,134" hai2="0,2,8,10,32,33,44,46,118,119,120,122,131" hai3="16,21,26,60,62,80,83,88,93,99" /><INIT seed="5,1,0,4,1,12" ten="187,402,67,344" oya="1" hai0="0,22,91,98,97,82,135,115,57,92,129,96,81" hai1="35,85,38,33,111,14,37,34,61,11,21,26,117" hai2="9,65,88,108,27,68,64,121,69,30,49,32,130" hai3="4,59,128,63,123,29,52,110,124,72,103,95,71"/><U73/><E73/><V94/><F108/><W134/><G72/><T116/><D0/><U16/><E117/><V39/><F121/><W75/><G75/><T113/><D116/><U56/><E85/><V48/><F39/><W47/><G123/><T10/><D10/><U119/><E119/><V6/><F130/><W109/><G124/><T23/><D129/><U127/><E127/><V62/><F65/><W15/><G134/><T100/><D135/><U54/><REACH who="1" step="1"/><E111/><REACH who="1" ten="187,392,67,344" step="2"/><V24/><F69/><W41/><G71/><T101/><D115/><U83/><E83/><V86/><REACH who="2" step="1"/><F24/><REACH who="2" ten="187,392,57,344" step="2"/><W31/><G110/><T36/><D113/><U125/><E125/><V79/><F79/><W53/><G109/><T44/><D82/><U60/><E60/><V105/><F105/><W76/><G76/><T20/><D81/><U131/><E131/><V58/><F58/><W84/><G128/><T66/><D57/><U74/><E74/><V13/><AGARI ba="1,2" hai="6,9,13,27,30,32,48,49,62,64,68,86,88,94" machi="13" ten="20,5200,0" yaku="1,1,0,1,7,1,54,1,53,0" doraHai="12" doraHaiUra="78" who="2" fromWho="2" sc="187,-14,392,-27,57,75,344,-14" /><INIT seed="6,0,0,4,0,56" ten="173,365,132,330" oya="2" hai0="122,129,126,111,26,72,78,61,13,86,92,31,71" hai1="49,9,83,119,91,80,110,47,64,68,42,15,66" hai2="38,98,134,88,95,125,14,46,73,94,18,63,121" hai3="39,50,132,118,96,51,43,89,35,34,11,62,99"/><V10/><F121/><W67/><G118/><T17/><D122/><U116/><E110/><V45/><F73/><W104/><G39/><T8/><D111/><U33/><E33/><V44/><F134/><W76/><G76/><T108/><D108/><U84/><E68/><V59/><F125/><W1/><G132/><T97/><D72/><U117/><REACH who="1" step="1"/><E80/><REACH who="1" ten="173,355,132,330" step="2"/><V77/><F77/><W52/><G35/><T69/><D69/><U120/><E120/><V115/><F115/><W41/><G34/><T74/><D126/><U4/><AGARI ba="0,1" hai="4,9,15,42,47,49,64,66,83,84,91,116,117,119" machi="4" ten="30,2000,0" yaku="1,1,0,1,53,0" doraHai="56" doraHaiUra="106" who="1" fromWho="1" sc="173,-5,355,30,132,-10,330,-5" /><INIT seed="7,0,0,2,5,81" ten="168,385,122,325" oya="3" hai0="53,21,2,34,106,127,133,48,79,74,6,19,101" hai1="32,25,52,55,100,87,118,17,78,20,57,0,4" hai2="82,71,119,72,103,59,114,105,134,16,24,93,26" hai3="29,69,1,62,109,46,135,68,120,14,73,39,67"/><W7/><G1/><T104/><D34/><U47/><E32/><V121/><F119/><W89/><G120/><T45/><D101/><U91/><E118/><V49/><F71/><W12/><G73/><T41/><D127/><U15/><E0/><V11/><F105/><W31/><G69/><T129/><D6/><U43/><E100/><V132/><F121/><W90/><G135/><N who="2" m="51753" /><F114/><W42/><G109/><T36/><D2/><U5/><E78/><V125/><F125/><W22/><G7/><N who="1" m="2634" /><E57/><V27/><F93/><W107/><G107/><T75/><D133/><U94/><E25/><N who="2" m="6403" /><V58/><DORA hai="76" /><F103/><W65/><G65/><T130/><D104/><U3/><E3/><V56/><F49/><AGARI ba="0,0" hai="15,17,20,43,47,49,52,55,87,91,94" m="2634" machi="49" ten="30,3900,0" yaku="8,1,52,1,54,1" doraHai="81,76" who="1" fromWho="2" sc="168,0,385,39,122,-39,325,0" owari="168,-23.0,424,52.0,83,-42.0,325,13.0" /></mjloggm>