<mjloggm ver="2.3"><GO type="169" lobby="0"/><UN n0="%E6%B0%B4%E5%93%89%E3%81%AE%E3%83%AC%E3%82%B8%E3%82%A7%E3%83%B3%E3%83%89" n1="%E3%81%B1%E3%82%8B%E3%81%93%E3%81%97" n2="%E9%BA%BA%E5%8D%98%E5%93%81%31" n3="%E3%82%A6%E3%83%AB%E3%83%88%E3%83%A9%E7%AB%8B%E7%9B%B4" dan="16,16,16,19" rate="2093.63,2107.55,2067.22,2338.73" sx="M,M,M,M"/><TAIKYOKU oya="0"/><INIT seed="0,0,0,3,3,115" ten="250,250,250,250" oya="0" hai0="2,113,57,46,55,111,73,133,40,72,105,84,78" hai1="60,87,26,85,13,70,118,95,35,89,30,23,47" hai2="76,48,45,112,109,18,106,44,0,100,39,129,128" hai3="4,6,54,59,104,93,125,22,81,67,92,28,27"/><T131/><D113/><U56/><E70/><V69/><F69/><W65/><G104/><T9/><D105/><U21/><E118/><V86/><F112/><W80/><G125/><T43/><D131/><U61/><E47/><V71/><F71/><W120/><G120/><T83/><D133/><U51/><E85/><V102/><F0/><W31/><G54/><T36/><D43/><U16/><E35/><V132/><F86/><W34/><G34/><T19/><D111/><U24/><E26/><V117/><F106/><W77/><G59/><T119/><D119/><U97/><E97/><V124/><F109/><W88/><G27/><T130/><D130/><U17/><E17/><V20/><F18/><W12/><G12/><T25/><D25/><U135/><E135/><V75/><F132/><W68/><G68/><T38/><D38/><U58/><E56/><V90/><F124/><W103/><G103/><T11/><D11/><U101/><E101/><V96/><F39/><W123/><G123/><T52/><D55/><AGARI ba="0,0" hai="13,16,21,23,24,30,51,55,58,60,61,87,89,95" machi="55" ten="40,8000,1" yaku="25,2,8,1,54,1" doraHai="115" who="1" fromWho="0" sc="250,-80,250,80,250,0,250,0" /><INIT seed="1,0,0,2,2,24" ten="170,330,250,250" oya="1" hai0="128,14,90,57,59,31,52,53,123,13,21,60,84" hai1="12,61,100,23,54,113,47,19,25,30,103,67,15" hai2="99,94,88,97,112,114,85,107,3,56,120,45,72" hai3="5,102,78,35,6,22,37,38,69,75,98,20,62"/><U105/><E113/><N who="2" m="43627" /><F3/><W76/><G35/><T11/><D128/><U16/><E105/><V91/><F45/><W4/><G62/><T26/><D123/><U115/><E115/><V126/><F120/><W122/><G69/><T116/><D116/><U87/><E87/><V125/><F56/><W51/><G51/><T106/><D106/><U28/><E54/><V33/><F33/><W39/><G122/><T0/><D0/><U118/><E47/><V48/><F48/><W81/><REACH who="3" step="1"/><G78/><REACH who="3" ten="170,330,250,240" step="2"/><T131/><D131/><U86/><E118/><V83/><F125/><W109/><G109/><T117/><D117/><U110/><E110/><V63/><F63/><W65/><G65/><T89/><D84/><U42/><E86/><N who="2" m="50271" /><F72/><W40/><G40/><T74/><D74/><U95/><E42/><V44/><F126/><W127/><G127/><T92/><D92/><AGARI ba="0,1" hai="4,5,6,20,22,37,38,39,75,76,81,92,98,102" machi="92" ten="50,8000,1" yaku="1,1,53,3" doraHai="24" doraHaiUra="1" who="3" fromWho="0" sc="170,-80,330,0,250,0,240,90" /><INIT seed="2,0,0,2,3,30" ten="90,330,250,330" oya="2" hai0="56,23,60,123,78,72,3,99,119,132,105,55,36" hai1="133,114,46,25,38,11,129,68,128,112,126,62,37" hai2="67,4,71,12,81,134,90,97,86,19,115,89,20" hai3="24,48,74,63,2,98,33,28,32,135,96,6,7"/><V53/><F115/><W22/><G74/><T92/><D123/><U80/><E11/><V5/><F134/><W124/><G135/><T83/><D132/><U95/><E133/><V94/><REACH who="2" step="1"/><F53/><REACH who="2" ten="90,330,240,330" step="2"/><W108/><G124/><T102/><D119/><U15/><E126/><V27/><F27/><W66/><G108/><T84/><D36/><U57/><E25/><V42/><F42/><W40/><G40/><T103/><D3/><U21/><E38/><V58/><F58/><W75/><G2/><T118/><D118/><U44/><E57/><V59/><F59/><W88/><G24/><T51/><D23/><U122/><E37/><V35/><F35/><W85/><G33/><T61/><REACH who="0" step="1"/><D103/><REACH who="0" ten="80,330,240,330" step="2"/><U16/><E114/><V73/><F73/><W31/><G75/><T130/><D130/><U8/><E112/><V39/><F39/><W64/><G22/><T77/><D77/><U14/><E128/><V91/><F91/><AGARI ba="0,2" hai="51,55,56,60,61,72,78,83,84,91,92,99,102,105" machi="91" ten="40,5200,0" yaku="1,1,24,2,53,0" doraHai="30" doraHaiUra="120" who="0" fromWho="2" sc="80,72,330,0,240,-52,330,0" /><INIT seed="3,0,0,4,5,123" ten="152,330,188,330" oya="3" hai0="63,60,121,17,26,15,98,134,85,38,23,45,110" hai1="61,82,102,128,118,30,129,19,14,65,122,1,106" hai2="36,53,59,91,50,94,88,0,89,54,100,109,8" hai3="133,135,20,127,52,125,43,55,6,2,39,115,64"/><W104/><G104/><T57/><D121/><U35/><E122/><V90/><F36/><W25/><G64/><T81/><D134/><N who="3" m="51209" /><G115/><T107/><D110/><U34/><E1/><V87/><F100/><W78/><G78/><T124/><D124/><N who="3" m="47689" /><G43/><T24/><D107/><U21/><E118/><V31/><F31/><N who="3" m="17831" /><G39/><T92/><D38/><U13/><E106/><V72/><F72/><W93/><G93/><T10/><D92/><U9/><E82/><V48/><F109/><W73/><G73/><T117/><D117/><U95/><E95/><V112/><F112/><W32/><G32/><T131/><D81/><U113/><E113/><V80/><F94/><W5/><G2/><T28/><D85/><U56/><E102/><V126/><F126/><W101/><G101/><T7/><D98/><U99/><E99/><V114/><F114/><W132/><G132/><T67/><D45/><U111/><E111/><V75/><F75/><W58/><G55/><T116/><D116/><U4/><E35/><V33/><F33/><W37/><G37/><T71/><D71/><U86/><E86/><V79/><N who="2" m="23040" /><DORA hai="108" /><V49/><F54/><W47/><G47/><T69/><D69/><U130/><E34/><V51/><F0/><W16/><G16/><T29/><D67/><U105/><E105/><V62/><N who="2" m="12800" /><DORA hai="18" /><V70/><F70/><W42/><G42/><T46/><D46/><U84/><E84/><V3/><F3/><W12/><G12/><T76/><D17/><U83/><E83/><V44/><F44/><W74/><G74/><T119/><D119/><U68/><E68/><RYUUKYOKU ba="0,0" sc="152,-30,330,10,188,10,330,10" hai1="4,9,13,14,19,21,30,56,61,65,128,129,130" hai2="8,53,59,62,79,80,87" hai3="5,6,52,58" /><INIT seed="3,1,0,5,5,99" ten="122,340,198,340" oya="3" hai0="49,16,52,65,132,86,91,70,92,5,112,75,123" hai1="117,7,32,20,108,14,2,44,104,84,3,133,97" hai2="66,69,94,95,90,8,55,72,87,22,89,105,26" hai3="6,53,134,125,15,120,74,111,124,25,129,43,40"/><W82/><G120/><T118/><D118/><U27/><E117/><V102/><F72/><W83/><G129/><T17/><D123/><U48/><E108/><V29/><F8/><N who="3" m="4503" /><G111/><T71/><D75/><U131/><E131/><V21/><F21/><W88/><G134/><T45/><D132/><U33/><E133/><V19/><F29/><W116/><G116/><T23/><D112/><U126/><E126/><N who="3" m="48746" /><G53/><T0/><D65/><U67/><E67/><V122/><F122/><W36/><G36/><T10/><REACH who="0" step="1"/><D17/><REACH who="0" ten="112,340,198,340" step="2"/><N who="1" m="10295" /><E7/><V58/><F66/><W119/><G119/><T59/><D59/><U31/><E44/><V103/><F69/><W56/><G56/><T12/><AGARI ba="1,1" hai="0,5,10,12,16,23,45,49,52,70,71,86,91,92" machi="12" ten="20,8000,1" yaku="1,1,0,1,7,1,54,2,53,0" doraHai="99" doraHaiUra="39" who="0" fromWho="0" sc="112,93,340,-21,198,-21,340,-41" /><INIT seed="4,0,0,3,4,108" ten="205,319,177,299" oya="0" hai0="47,9,87,93,96,95,40,43,46,61,55,78,5" hai1="72,74,38,25,32,80,115,73,107,113,7,85,10" hai2="62,21,81,31,117,28,94,71,56,33,26,59,42" hai3="134,41,132,104,83,53,69,0,102,109,124,66,20"/><T16/><D5/><U60/><E107/><V103/><F117/><W88/><G109/><T100/><D61/><U34/><E38/><V17/><F42/><N who="0" m="15914" /><D55/><U14/><E60/><V122/><F122/><W1/><G66/><T6/><D6/><U79/><REACH who="1" step="1"/><E25/><REACH who="1" ten="205,309,177,299" step="2"/><V123/><F123/><W4/><G134/><T129/><D129/><U68/><E68/><V118/><F71/><W30/><G132/><T99/><D78/><U63/><E63/><V91/><F62/><W125/><G69/><T77/><D77/><U92/><E92/><V121/><F121/><W116/><G104/><T90/><D96/><U130/><E130/><V89/><F118/><W50/><G116/><T86/><D86/><U111/><E111/><V27/><F94/><W131/><G131/><T24/><D24/><U45/><E45/><V82/><F27/><W35/><G50/><T52/><D52/><U97/><E97/><V39/><F39/><W37/><G53/><T51/><D51/><U12/><E12/><AGARI ba="0,1" hai="9,12,16,46,47,87,90,93,95,99,100" m="15914" machi="12" ten="30,2900,0" yaku="8,1,54,1" doraHai="108" who="0" fromWho="1" sc="205,39,309,-29,177,0,299,0" /><INIT seed="4,1,0,5,4,45" ten="244,280,177,299" oya="0" hai0="11,61,133,132,59,84,14,54,8,22,126,21,72" hai1="46,38,31,9,102,89,118,88,103,115,87,66,17" hai2="86,15,10,4,78,50,74,3,27,16,82,12,43" hai3="55,101,56,25,49,39,37,135,95,110,57,77,116"/><T80/><D72/><U0/><E118/><V44/><REACH who="2" step="1"/><F74/><REACH who="2" ten="244,280,167,299" step="2"/><W33/><G116/><T5/><D126/><U127/><E127/><V29/><F29/><W117/><G117/><T18/><D132/><U71/><E31/><V98/><F98/><W58/><G135/><T48/><D133/><U107/><E87/><V53/><F53/><W73/><G55/><T7/><D61/><U129/><E66/><V1/><F1/><W125/><G73/><T36/><D36/><U109/><E0/><V41/><F41/><W124/><G39/><T68/><D68/><U32/><E38/><V123/><F123/><W92/><G37/><T28/><D28/><U70/><E71/><V90/><F90/><W20/><G125/><T121/><D121/><U113/><E88/><V131/><F131/><W97/><G97/><T94/><D84/><U105/><E89/><V42/><F42/><W96/><G96/><T114/><D54/><U81/><E70/><V79/><F79/><W52/><G77/><T100/><D100/><U134/><E129/><V130/><F130/><W13/><G101/><T23/><D114/><U26/><E103/><V62/><F62/><W69/><G69/><T106/><D106/><U47/><E102/><V6/><F6/><W85/><G124/><T30/><D30/><U35/><E115/><V19/><F19/><W93/><G85/><T64/><D18/><U119/><E17/><V120/><F120/><W65/><G65/><T51/><D64/><U60/><E119/><V2/><F2/><W108/><G52/><T104/><D104/><U111/><E107/><RYUUKYOKU ba="1,1" sc="244,-10,280,-10,167,30,299,-10" hai2="3,4,10,12,15,16,27,43,44,50,78,82,86" /><INIT seed="5,2,1,0,4,28" ten="234,270,197,289" oya="1" hai0="66,31,113,123,3,61,132,54,92,74,27,105,106" hai1="50,120,114,84,55,135,78,43,69,79,2,7,10" hai2="4,101,15,87,80,46,75,30,49,86,63,129,130" hai3="91,98,19,125,116,11,100,62,9,56,60,134,40"/><U32/><E120/><V90/><F75/><W20/><G125/><T83/><D3/><U52/><E32/><V121/><F121/><W12/><G134/><T33/><D123/><U77/><E135/><V85/><F101/><W81/><G40/><T17/><D132/><U118/><E118/><V73/><F73/><W18/><G62/><T35/><D113/><U76/><E69/><V96/><F96/><W5/><G91/><T117/><D117/><U112/><E43/><V94/><F30/><W126/><G81/><T16/><D35/><U6/><E6/><V48/><F63/><W59/><G60/><T93/><D54/><U45/><REACH who="1" step="1"/><E55/><REACH who="1" ten="234,260,197,289" step="2"/><V103/><F130/><W29/><G5/><T109/><D33/><U89/><E89/><V119/><F119/><W13/><G116/><T67/><D67/><U21/><E21/><V64/><F129/><W65/><G65/><T68/><D66/><U110/><E110/><V111/><F64/><W95/><G126/><T71/><D71/><U53/><E53/><V128/><F128/><W58/><G20/><T0/><D68/><U115/><E115/><V108/><F111/><W104/><G9/><T39/><D109/><U88/><E88/><V133/><F108/><W8/><G8/><T1/><D39/><U127/><E127/><V107/><F133/><W14/><G11/><T23/><D23/><U34/><E34/><V124/><F124/><W102/><G102/><T131/><D131/><U57/><E57/><V47/><F103/><W44/><G100/><T70/><D70/><U99/><E99/><V122/><F122/><RYUUKYOKU ba="2,2" sc="234,-10,260,30,197,-10,289,-10" hai1="2,7,10,45,50,52,76,77,78,79,84,112,114" /><INIT seed="5,3,2,0,0,5" ten="224,290,187,279" oya="1" hai0="135,30,92,89,7,34,54,3,127,65,104,110,75" hai1="83,44,128,25,62,47,86,73,67,33,72,96,24" hai2="88,49,42,116,1,95,58,100,113,119,28,37,76" hai3="61,22,101,51,4,14,15,122,20,134,106,123,45"/><U32/><E128/><V8/><F37/><W74/><G74/><T63/><D110/><U43/><E96/><V118/><F76/><W111/><G111/><T68/><D75/><U27/><E73/><V107/><F28/><W50/><G61/><T126/><D104/><U91/><E72/><V109/><F109/><W79/><G79/><T131/><D131/><U6/><E6/><V2/><F100/><W69/><G4/><T56/><D135/><U108/><E108/><V64/><F107/><W31/><G45/><T0/><D30/><U9/><E9/><V80/><F80/><W55/><G55/><T46/><D46/><U16/><E16/><V133/><F133/><W77/><G77/><T124/><D34/><U57/><REACH who="1" step="1"/><E44/><REACH who="1" ten="224,280,187,279" step="2"/><V53/><F2/><W39/><G134/><T11/><D3/><U85/><E85/><V120/><F1/><W17/><G17/><T66/><D68/><U23/><E23/><V35/><F35/><W132/><G69/><T90/><D90/><U114/><E114/><V93/><F113/><W102/><G132/><T81/><D81/><U112/><E112/><V59/><F8/><W19/><G19/><T97/><AGARI ba="3,3" hai="0,7,11,54,56,63,65,66,89,92,97,124,126,127" machi="97" ten="30,4000,0" yaku="0,1,18,1,52,1" doraHai="5" who="0" fromWho="0" sc="224,79,280,-23,187,-13,279,-13" /><INIT seed="6,0,0,0,4,30" ten="303,257,174,266" oya="2" hai0="8,47,33,87,51,6,67,70,131,92,122,9,75" hai1="80,26,126,4,14,17,125,54,133,127,13,129,124" hai2="0,32,55,73,132,95,24,27,76,85,130,110,135" hai3="71,59,50,115,100,123,2,16,42,7,18,64,112"/><V68/><F0/><W10/><G123/><T93/><D75/><U102/><E102/><V81/><F68/><W29/><G100/><T82/><D122/><U90/><E127/><V37/><F37/><W88/><G29/><T69/><D33/><U78/><E90/><N who="2" m="53711" /><F110/><W34/><G34/><T107/><D107/><U65/><E65/><V114/><F114/><N who="3" m="43563" /><G71/><T44/><D131/><U57/><E129/><V99/><F130/><W43/><G43/><T1/><D70/><U109/><E109/><V56/><F99/><W101/><G101/><T60/><D9/><U45/><E45/><V121/><F32/><W116/><G116/><T98/><D98/><U35/><E133/><N who="2" m="51275" /><F121/><W86/><G42/><T12/><D1/><U21/><E35/><V66/><F66/><W108/><G108/><T119/><D119/><U39/><E39/><V40/><F40/><W38/><G38/><T31/><D31/><U106/><E106/><V113/><F113/><W120/><G120/><T46/><REACH who="0" step="1"/><D51/><AGARI ba="0,0" hai="24,27,51,55,56,73,76,81" m="51275,53711" machi="51" ten="30,1500,0" yaku="20,1" doraHai="30" who="2" fromWho="0" sc="303,-15,257,0,174,15,266,0" /><INIT seed="6,1,0,4,1,126" ten="288,257,189,266" oya="2" hai0="87,60,133,53,24,5,73,84,122,118,0,46,62" hai1="77,131,112,70,29,90,111,134,36,94,8,66,61" hai2="128,127,11,30,55,23,119,3,88,124,4,2,80" hai3="86,57,25,121,104,63,7,44,74,35,48,27,113"/><V71/><F119/><W52/><G74/><T43/><D122/><U96/><E111/><V91/><F71/><W12/><G104/><T65/><D73/><U31/><E36/><V92/><F2/><W72/><G72/><T42/><D0/><U99/><E112/><V67/><F67/><W76/><G35/><T13/><D133/><U75/><E134/><V39/><F39/><W28/><G28/><T120/><D120/><U95/><E8/><V125/><F128/><W20/><G113/><T14/><D24/><U117/><E117/><V40/><F40/><W115/><G115/><T19/><D5/><U38/><E38/><V68/><F68/><W54/><G121/><T85/><D14/><U6/><E6/><V79/><F55/><W116/><G116/><T108/><D108/><U1/><E1/><V37/><F37/><W109/><G109/><T32/><D32/><U16/><E131/><V106/><F106/><W50/><G50/><N who="0" m="28887" /><D118/><U82/><REACH who="1" step="1"/><E16/><REACH who="1" ten="288,247,189,266" step="2"/><V100/><F30/><W21/><G7/><T83/><D19/><U97/><E97/><N who="2" m="59431" /><F23/><W9/><G21/><T81/><D13/><U33/><E33/><V103/><F103/><AGARI ba="1,1" hai="29,31,61,66,70,75,77,82,90,94,95,96,99,103" machi="103" ten="30,2000,0" yaku="1,1,7,1,53,0" doraHai="126" doraHaiUra="130" who="1" fromWho="2" sc="288,0,247,33,189,-23,266,0" /><INIT seed="7,0,0,0,3,127" ten="288,280,166,266" oya="3" hai0="129,125,52,28,113,78,24,94,22,111,88,40,36" hai1="41,77,119,26,102,8,31,118,1,27,126,58,133" hai2="0,4,69,105,98,49,16,25,23,66,89,134,54" hai3="124,97,59,6,86,44,75,83,12,30,135,99,110"/><W117/><G75/><T65/><D111/><U108/><E108/><V20/><F134/><W104/><G117/><N who="1" m="44554" /><E77/><V112/><F112/><W43/><G124/><T57/><D125/><U29/><E126/><V128/><F66/><W46/><G135/><T100/><D113/><U45/><E102/><V106/><F69/><W55/><G30/><T130/><D78/><U32/><E58/><V50/><F4/><W123/><G123/><T51/><D100/><U2/><E133/><V18/><F0/><W60/><G104/><T96/><D65/><U73/><E73/><V120/><F120/><W15/><G110/><T76/><D76/><U33/><E8/><V67/><F67/><W68/><G68/><T47/><AGARI ba="0,0" hai="22,24,28,36,40,47,51,52,57,88,94,96,129,130" machi="47" ten="30,8000,1" yaku="0,1,52,2,54,2" doraHai="127" who="0" fromWho="0" sc="288,80,280,-20,166,-20,266,-40" owari="368,46.0,260,6.0,146,-35.0,226,-17.0" /></mjloggm>