<mjloggm ver="2.3"><GO type="169" lobby="0"/><UN n0="%4F%4D%41%4E%54%41" n1="%E9%BA%BA%E5%8D%98%E5%93%81%31" n2="%E9%80%8F%E6%98%8E%E9%9A%8E%E6%AE%B5" n3="%E3%82%A6%E3%83%AB%E3%83%88%E3%83%A9%E7%AB%8B%E7%9B%B4" dan="18,16,16,19" rate="2293.62,2086.70,2098.77,2280.87" sx="M,M,M,M"/><TAIKYOKU oya="0"/><INIT seed="0,0,0,4,1,74" ten="250,250,250,250" oya="0" hai0="39,2,66,79,25,85,77,17,0,106,19,81,4" hai1="127,82,53,24,32,80,105,62,16,58,46,36,56" hai2="96,84,122,30,63,65,6,21,42,93,38,129,29" hai3="18,86,15,78,90,48,49,14,43,91,95,52,68"/><T33/><D39/><U104/><E127/><V102/><F122/><W7/><G68/><T72/><D106/><U112/><E112/><V119/><F129/><W89/><G7/><T133/><D133/><U120/><E120/><V92/><F119/><W3/><G3/><T88/><D66/><U117/><E117/><V126/><F126/><W26/><G26/><T98/><D98/><U110/><E110/><V5/><F42/><W47/><G78/><T97/><D97/><U108/><E108/><V31/><F21/><W113/><G113/><T28/><D77/><U9/><E9/><V116/><F38/><W111/><G111/><T125/><D125/><U59/><E36/><V34/><F34/><W61/><G61/><T114/><D114/><U121/><E121/><V51/><F51/><W8/><REACH who="3" step="1"/><G15/><REACH who="3" ten="250,250,250,240" step="2"/><T40/><D40/><U107/><E62/><V22/><F116/><W73/><G73/><T115/><D115/><U132/><E132/><V12/><F63/><W94/><G94/><T23/><D4/><U10/><E107/><V44/><F6/><W60/><G60/><T37/><D37/><U109/><E105/><V70/><F70/><W1/><G1/><T118/><D118/><U100/><E109/><V35/><F65/><W99/><G99/><T135/><D135/><U67/><E104/><V55/><F96/><W131/><G131/><T45/><D17/><U124/><E67/><V83/><F5/><W41/><G41/><T69/><D69/><U50/><E124/><V128/><F128/><W134/><G134/><T20/><D0/><U27/><E27/><RYUUKYOKU ba="0,1" sc="250,-10,250,-10,250,-10,240,30" hai3="8,14,18,43,47,48,49,52,86,89,90,91,95" /><INIT seed="1,1,1,0,0,41" ten="240,240,240,270" oya="1" hai0="86,110,117,47,80,83,69,73,19,71,93,52,107" hai1="92,91,3,9,33,113,121,0,42,65,102,28,10" hai2="79,2,130,125,31,101,111,74,57,115,108,94,134" hai3="135,34,122,1,67,48,5,124,56,89,40,76,64"/><U118/><E121/><V129/><F2/><W66/><G34/><T45/><D117/><U59/><E118/><V35/><F35/><W53/><G76/><T50/><D107/><U81/><E113/><V90/><F31/><W46/><G1/><T44/><D110/><N who="2" m="42026" /><F57/><W63/><G5/><T16/><D71/><U49/><E102/><V23/><F23/><W87/><G122/><T96/><D69/><U114/><E114/><V25/><F25/><W21/><G124/><T14/><D73/><U123/><E123/><V72/><F115/><W128/><G128/><N who="2" m="49257" /><F125/><W62/><G135/><T133/><D133/><U131/><E28/><V39/><F39/><W11/><G21/><N who="0" m="11415" /><D19/><U70/><E70/><V13/><F13/><W97/><G11/><T98/><D80/><U29/><E29/><V15/><F15/><W103/><G63/><T4/><D4/><U85/><E33/><V112/><F112/><W26/><G26/><T106/><D106/><U77/><E3/><V82/><F134/><W20/><G20/><T61/><D61/><N who="1" m="38079" /><E0/><V24/><F24/><W8/><G8/><T17/><D17/><U105/><E105/><V60/><F60/><W37/><G37/><T88/><D98/><N who="1" m="57631" /><E131/><V18/><F18/><W22/><G22/><T6/><D6/><U58/><E9/><V100/><F74/><W116/><G67/><T99/><D99/><AGARI ba="1,1" hai="72,79,82,90,94,99,100,101" m="49257,42026" machi="99" ten="30,7700,0" yaku="14,1,19,1,34,2" doraHai="41" who="2" fromWho="0" sc="240,-80,240,0,240,90,270,0" /><INIT seed="2,0,0,5,4,17" ten="160,240,330,270" oya="2" hai0="64,118,46,61,121,40,37,51,25,23,12,13,1" hai1="5,82,107,83,90,65,19,109,85,36,32,63,8" hai2="3,123,112,58,68,86,124,39,45,125,129,122,131" hai3="75,21,42,100,34,44,92,52,73,11,130,33,88"/><V54/><F68/><W66/><G100/><T69/><D121/><U98/><E36/><V4/><F3/><W120/><G120/><N who="2" m="46121" /><F86/><W72/><G130/><N who="2" m="49673" /><F4/><W9/><G66/><T49/><D1/><U43/><E43/><N who="2" m="22783" /><F112/><W133/><G42/><T70/><D70/><U111/><E5/><V119/><F119/><W81/><G81/><T94/><D118/><U14/><E82/><V128/><F128/><W134/><G73/><T60/><D60/><AGARI ba="0,0" hai="54,58,60,124,125" m="22783,49673,46121" machi="60" ten="30,5800,0" yaku="19,1,34,2" doraHai="17" who="2" fromWho="0" sc="160,-58,240,0,330,58,270,0" /><INIT seed="2,1,0,4,3,109" ten="102,240,388,270" oya="2" hai0="106,43,33,122,92,99,98,68,44,90,35,0,42" hai1="7,64,57,14,93,85,13,131,15,46,103,101,134" hai2="3,29,95,82,1,22,12,10,39,49,2,120,74" hai3="53,96,54,100,130,4,117,129,88,62,6,18,77"/><V31/><F39/><W112/><G77/><T38/><D122/><U133/><E131/><V17/><F95/><W34/><G34/><T121/><D121/><U69/><E69/><V111/><F120/><W124/><G117/><T60/><D0/><U11/><E46/><V48/><F111/><W118/><G118/><T114/><D43/><U16/><E14/><V71/><F71/><W102/><G18/><T25/><D114/><U78/><E78/><V87/><F74/><W135/><G62/><T97/><D106/><U58/><E85/><V59/><F10/><W126/><G135/><N who="1" m="51722" /><E93/><V40/><F40/><W127/><G96/><T51/><D38/><U24/><E24/><V5/><F5/><N who="3" m="2155" /><G88/><T45/><D45/><U36/><E36/><V76/><F3/><W66/><G66/><T32/><REACH who="0" step="1"/><D25/><REACH who="0" ten="92,240,388,270" step="2"/><U119/><E119/><V108/><F108/><W132/><G132/><T50/><D50/><U116/><E116/><V84/><F48/><W41/><G41/><T115/><D115/><U70/><E13/><V110/><F110/><W55/><G112/><T30/><D30/><U26/><E26/><V67/><F2/><W86/><G130/><T73/><D73/><U47/><E47/><V105/><F105/><W20/><G129/><T125/><D125/><U83/><E15/><V75/><F1/><W107/><G107/><T28/><D28/><N who="2" m="10826" /><F49/><W81/><G127/><T56/><D56/><U91/><E58/><V94/><F75/><W104/><G126/><T65/><AGARI ba="1,1" hai="32,33,35,42,44,51,60,65,68,90,92,97,98,99" machi="65" ten="40,5200,0" yaku="1,1,0,1,53,1" doraHai="109" doraHaiUra="61" who="0" fromWho="0" sc="92,65,240,-14,388,-27,270,-14" /><INIT seed="3,0,0,5,0,8" ten="157,226,361,256" oya="3" hai0="70,25,104,41,116,106,20,57,99,85,126,130,72" hai1="125,123,42,50,77,74,12,33,6,3,110,111,17" hai2="83,37,109,120,102,28,127,65,4,79,68,91,73" hai3="87,96,66,44,9,124,22,93,128,118,45,134,54"/><W107/><G118/><T23/><D70/><U56/><E123/><V29/><F120/><W0/><G66/><T30/><D72/><U11/><E33/><V69/><F102/><W95/><G128/><T31/><D116/><U38/><E125/><V115/><F115/><W35/><G35/><T53/><D126/><U82/><E56/><V27/><F127/><W78/><G124/><T10/><D130/><U131/><E50/><V92/><F37/><W18/><G134/><T114/><D41/><U59/><E59/><V58/><F29/><W24/><G107/><T39/><D39/><U26/><E26/><V43/><F43/><W1/><G1/><T5/><D85/><U40/><E131/><V132/><F132/><W16/><G54/><T75/><D75/><U60/><E60/><V21/><F4/><W100/><G0/><T103/><D114/><U119/><E119/><V97/><F109/><N who="1" m="41481" /><E38/><V117/><F117/><W46/><G46/><T101/><D23/><AGARI ba="0,0" hai="3,6,11,12,17,23,40,42,74,77,82" m="41481" machi="23" ten="30,2000,0" yaku="14,1,52,1" doraHai="8" who="1" fromWho="0" sc="157,-20,226,20,361,0,256,0" /><INIT seed="4,0,0,4,5,95" ten="137,246,361,256" oya="0" hai0="87,67,16,61,41,121,3,14,94,78,131,36,25" hai1="26,43,11,86,71,104,106,1,132,2,53,63,107" hai2="109,105,29,128,31,17,54,82,45,0,7,68,8" hai3="75,50,69,127,80,89,116,48,58,64,34,112,52"/><T72/><D121/><U32/><E43/><V98/><F109/><W103/><G34/><T124/><D3/><U55/><E132/><V51/><F128/><W115/><G103/><T77/><D131/><U28/><E86/><V59/><F68/><W96/><G116/><T4/><D124/><U119/><E119/><V108/><F108/><W27/><G127/><T113/><D113/><U62/><E11/><V101/><F82/><W37/><G27/><T38/><D72/><U12/><E12/><V65/><F17/><W35/><G35/><T123/><D123/><U21/><E21/><V10/><F10/><W18/><G18/><T81/><D77/><U66/><E62/><V111/><F111/><W20/><G20/><T74/><D41/><U85/><E85/><V57/><REACH who="2" step="1"/><F65/><REACH who="2" ten="137,246,351,256" step="2"/><W100/><G64/><T83/><D4/><U60/><E66/><V70/><F70/><W15/><G69/><T102/><D81/><U134/><E71/><V120/><F120/><W42/><G80/><T99/><D74/><U49/><E134/><V117/><F117/><W13/><G75/><T125/><D125/><U44/><E28/><AGARI ba="0,1" hai="0,7,8,28,29,31,45,51,54,57,59,98,101,105" machi="28" ten="40,5200,0" yaku="1,1,52,1,53,1" doraHai="95" doraHaiUra="40" who="2" fromWho="1" sc="137,0,246,-52,351,62,256,0" /><INIT seed="5,0,0,0,0,21" ten="137,194,413,256" oya="1" hai0="121,19,124,86,87,96,54,72,83,57,110,8,104" hai1="39,1,95,9,30,122,3,43,134,123,46,78,28" hai2="79,107,109,68,37,42,55,12,88,98,40,44,85" hai3="20,90,108,129,7,5,91,66,47,119,2,84,49"/><U22/><E134/><V32/><F68/><W73/><G73/><T48/><D110/><U18/><E78/><V62/><F109/><W125/><G108/><T94/><D124/><U127/><E127/><V114/><F79/><W35/><G35/><T25/><D121/><U111/><E111/><V13/><F42/><W4/><G125/><T36/><D104/><U77/><E77/><V103/><F32/><W131/><G66/><T80/><D36/><U29/><E95/><V106/><F106/><W15/><G2/><T71/><D71/><U76/><E76/><V10/><F114/><W52/><G119/><T16/><D72/><U63/><E63/><V118/><F118/><W50/><G50/><T11/><D86/><U82/><E82/><N who="0" m="31273" /><D87/><U81/><E81/><V14/><F85/><W64/><G64/><T70/><D70/><U132/><E132/><V105/><F105/><W67/><G67/><T17/><D25/><U89/><E89/><AGARI ba="0,0" hai="8,11,16,17,19,48,54,57,89,94,96" m="31273" machi="89" ten="30,2000,0" yaku="8,1,54,1" doraHai="21" who="0" fromWho="1" sc="137,20,194,-20,413,0,256,0" /><INIT seed="6,0,0,3,4,30" ten="157,174,413,256" oya="2" hai0="55,12,87,67,61,8,103,85,113,15,44,50,91" hai1="134,7,79,128,62,120,135,115,37,43,41,92,59" hai2="29,106,117,83,122,114,4,109,51,36,72,23,119" hai3="22,20,124,107,68,75,80,65,45,25,77,88,94"/><V60/><F51/><W104/><G124/><T34/><D113/><U0/><E115/><V89/><F60/><W71/><G45/><T33/><D103/><U76/><E120/><V57/><F57/><W6/><G6/><T118/><D118/><U27/><E128/><V42/><F89/><W129/><G129/><T100/><D100/><U90/><E27/><N who="2" m="16639" /><F83/><W10/><G10/><T123/><D123/><U13/><E0/><V21/><F72/><W39/><G22/><T47/><D47/><U127/><E127/><V31/><F42/><N who="1" m="15881" /><E37/><V24/><F36/><W112/><G39/><T96/><D96/><N who="1" m="57367" /><E134/><V35/><F106/><W28/><G112/><T18/><D15/><U81/><E81/><V78/><F114/><W66/><G71/><T130/><D130/><U125/><E135/><V131/><F131/><W38/><G38/><T32/><REACH who="0" step="1"/><D91/><REACH who="0" ten="147,174,413,256" step="2"/><U86/><E125/><V26/><F122/><W74/><G88/><T126/><D126/><U56/><E13/><V58/><F119/><W102/><G102/><T14/><D14/><U48/><E7/><V97/><F4/><W3/><G107/><T64/><D64/><N who="1" m="38983" /><E86/><V49/><F117/><W110/><G104/><T101/><D101/><U70/><E70/><AGARI ba="0,1" hai="8,12,18,32,33,34,44,50,55,61,67,70,85,87" machi="70" ten="40,12000,2" yaku="1,1,52,3,53,2" doraHai="30" doraHaiUra="82" who="0" fromWho="1" sc="147,130,174,-120,413,0,256,0" /><INIT seed="7,0,0,2,5,96" ten="277,54,413,256" oya="3" hai0="48,50,53,58,101,114,47,117,89,132,6,99,54" hai1="128,121,75,94,72,111,106,88,56,135,130,29,77" hai2="129,103,10,3,28,15,24,40,49,79,69,5,42" hai3="126,38,68,81,14,95,71,55,78,93,90,7,43"/><W25/><G126/><T26/><D117/><U122/><E56/><V62/><F79/><W37/><G25/><T118/><D118/><U9/><E29/><V34/><F129/><N who="1" m="49769" /><E9/><V109/><F109/><W59/><G7/><T44/><D132/><U33/><E33/><V127/><F127/><W92/><G90/><T27/><D114/><U112/><E111/><V4/><F49/><W83/><G14/><T12/><D89/><U1/><E1/><V52/><F5/><W21/><G21/><T13/><D58/><U102/><E135/><V104/><F15/><W125/><G125/><T123/><D123/><N who="1" m="47115" /><E106/><V74/><F3/><W22/><G22/><T119/><D119/><U2/><E2/><V41/><F10/><W91/><G59/><T60/><D60/><U107/><E107/><V110/><F4/><W45/><G55/><T30/><D6/><U63/><E63/><V35/><F35/><W64/><G64/><T98/><D30/><U84/><E112/><V36/><F110/><W85/><G38/><T66/><D66/><U116/><E116/><V18/><F36/><W82/><G71/><T134/><D134/><U46/><E46/><V97/><F69/><W51/><G68/><T8/><D8/><U133/><E133/><V19/><F52/><W131/><G131/><T16/><D16/><N who="2" m="6186" /><F62/><W65/><G65/><T70/><D70/><U113/><E113/><V100/><F34/><W67/><G67/><T87/><D12/><U73/><E77/><V57/><F57/><W11/><G11/><T124/><D13/><U105/><E105/><V76/><F24/><RYUUKYOKU ba="0,0" sc="277,-10,54,30,413,-10,256,-10" hai1="72,73,75,84,88,94,102" owari="267,7.0,84,-42.0,403,50.0,246,-15.0" /></mjloggm>