<mjloggm ver="2.3"><GO type="169" lobby="0"/><UN n0="%67%73%6B%67%33" n1="%E3%81%82%E3%81%8A%E3%81%8D%E3%82%93%E3%81%90" n2="%E3%82%B8%E3%83%A3%E3%83%83%E3%82%AB%EF%BD%9E%E3%83%AB" n3="%E3%83%88%E3%83%88%E3%83%AA%E5%85%88%E7%94%9F%31%39%E6%AD%B3" dan="17,17,16,19" rate="2157.74,2106.80,2139.56,2279.20" sx="M,M,F,F"/><TAIKYOKU oya="0"/><INIT seed="0,0,0,5,3,32" ten="250,250,250,250" oya="0" hai0="16,77,110,123,49,96,130,34,95,69,132,50,90" hai1="122,6,57,14,45,78,107,72,119,48,98,97,36" hai2="51,83,0,54,29,11,118,38,67,43,70,86,17" hai3="13,79,129,24,113,28,104,88,87,75,59,7,103"/><T46/><D123/><U27/><E122/><V71/><F118/><W91/><G113/><T121/><D121/><U73/><E119/><V105/><F105/><W2/><G129/><T21/><D34/><U35/><E57/><V23/><F29/><W41/><G13/><T76/><D69/><U114/><E36/><V128/><F128/><W102/><G104/><T33/><D33/><U25/><E48/><V10/><F67/><W15/><G15/><T5/><D130/><U74/><E45/><V44/><F10/><W93/><G41/><T42/><D132/><U68/><E14/><V4/><F23/><W8/><G79/><T80/><D5/><U66/><E25/><V55/><F17/><W99/><G75/><T30/><D30/><U82/><E27/><V126/><F126/><W62/><G87/><T109/><D50/><U115/><E68/><V53/><REACH who="2" step="1"/><F38/><REACH who="2" ten="250,250,240,250" step="2"/><W56/><G103/><N who="0" m="60831" /><D16/><U20/><E107/><V125/><F125/><W37/><G37/><T9/><D21/><U101/><E20/><V133/><F133/><W58/><REACH who="3" step="1"/><G62/><REACH who="3" ten="250,250,240,240" step="2"/><T26/><D26/><U117/><E114/><V1/><F1/><W65/><G65/><T120/><D120/><U12/><E66/><V19/><F19/><W39/><G39/><T40/><D9/><U116/><E115/><V124/><F124/><W108/><G108/><N who="0" m="41579" /><D40/><U47/><E116/><V84/><F84/><AGARI ba="0,2" hai="42,46,49,76,77,80,84,90" m="41579,60831" machi="84" ten="30,2900,0" yaku="14,1,10,1" doraHai="32" who="0" fromWho="2" sc="250,49,250,0,240,-29,240,0" /><INIT seed="0,1,0,1,5,124" ten="299,250,211,240" oya="0" hai0="110,35,82,4,125,67,71,100,98,18,84,45,26" hai1="79,38,77,50,121,41,54,95,80,56,116,130,91" hai2="128,76,119,51,123,59,74,131,48,19,75,70,105" hai3="40,42,13,12,61,57,47,133,20,94,88,31,129"/><T89/><D125/><U43/><E116/><V93/><F123/><W107/><G107/><N who="0" m="63895" /><D4/><U16/><E121/><V69/><F105/><W134/><G129/><N who="2" m="49737" /><F119/><W1/><G1/><T99/><D45/><U85/><E130/><V36/><F36/><W132/><G31/><N who="0" m="19959" /><D99/><N who="1" m="57855" /><E38/><V115/><F115/><W135/><N who="3" m="33792" /><DORA hai="23" /><W34/><G34/><T58/><D58/><U96/><E96/><V7/><F7/><W2/><G2/><T86/><D86/><U106/><E106/><V3/><F3/><W62/><G20/><T120/><D120/><U39/><E39/><V111/><F111/><W102/><G61/><N who="0" m="40431" /><D18/><U101/><E101/><V103/><F19/><W10/><G102/><T49/><D49/><N who="2" m="19018" /><F59/><W81/><G47/><T11/><D11/><U27/><E16/><V127/><F127/><W53/><G10/><T32/><D110/><U60/><E56/><V33/><F33/><AGARI ba="1,0" hai="32,33,82,84,89" m="40431,19959,63895" machi="33" ten="30,2900,0" yaku="25,1,52,1" doraHai="124,23" who="0" fromWho="2" sc="299,32,250,0,211,-32,240,0" /><INIT seed="0,2,0,4,1,45" ten="331,250,179,240" oya="0" hai0="104,8,105,44,60,135,125,115,48,47,9,89,119" hai1="43,126,102,53,23,36,51,133,128,32,42,49,87" hai2="66,120,52,121,50,6,83,67,68,123,127,109,16" hai3="24,114,100,91,12,124,27,5,84,77,82,106,11"/><T31/><D115/><U17/><E32/><V18/><F109/><W108/><G114/><T110/><D119/><U75/><E75/><V97/><F127/><W131/><G108/><T101/><D110/><U19/><E36/><V98/><F6/><W130/><G124/><T22/><D89/><U107/><E126/><V70/><F83/><W41/><G106/><T103/><D60/><U2/><E2/><V28/><F28/><W129/><G100/><T14/><D125/><U80/><E133/><V111/><F111/><W13/><G13/><T61/><D61/><U79/><E128/><V94/><F67/><W56/><G56/><T62/><D62/><U64/><E64/><V90/><F98/><W25/><REACH who="3" step="1"/><G41/><REACH who="3" ten="331,250,179,230" step="2"/><T1/><D14/><U34/><E102/><V74/><F66/><W96/><G96/><T122/><D103/><U132/><E107/><V58/><REACH who="2" step="1"/><F74/><REACH who="2" ten="331,250,169,230" step="2"/><W71/><G71/><AGARI ba="2,2" hai="16,18,50,52,58,68,70,71,90,94,97,120,121,123" machi="71" ten="50,16000,3" yaku="1,1,2,1,52,1,54,2,53,3" doraHai="45" doraHaiUra="65" who="2" fromWho="3" sc="331,0,250,0,169,186,230,-166" /><INIT seed="1,0,0,1,3,39" ten="331,250,355,64" oya="1" hai0="81,59,61,54,89,32,35,76,40,21,69,42,78" hai1="107,51,121,17,62,127,112,25,9,94,14,118,92" hai2="27,72,26,96,23,124,3,73,53,63,130,113,10" hai3="122,68,2,44,22,114,133,57,65,110,90,34,33"/><U104/><E112/><V134/><F113/><W105/><G114/><T49/><D69/><U125/><E118/><V67/><F124/><N who="1" m="47689" /><E121/><V46/><F130/><W108/><G122/><T66/><D35/><U31/><E62/><V11/><F134/><W52/><G2/><T129/><D32/><N who="1" m="20591" /><E51/><V100/><F72/><W77/><G133/><T4/><D129/><U132/><E132/><V79/><F3/><W131/><G131/><T80/><D4/><U55/><E55/><V28/><F79/><N who="0" m="30250" /><D21/><U24/><E24/><V101/><F73/><W83/><G22/><T117/><D117/><U126/><N who="1" m="47697" /><U16/><DORA hai="0" /><E17/><V111/><F27/><W119/><G119/><T38/><D38/><U93/><AGARI ba="0,0" hai="9,14,16,92,93,94,104,107" m="20591,47697" machi="93" ten="50,4800,0" yaku="18,1,54,1" doraHai="39,0" who="1" fromWho="1" sc="331,-16,250,48,355,-16,64,-16" /><INIT seed="1,1,0,3,2,129" ten="315,298,339,48" oya="1" hai0="86,84,37,135,126,36,21,38,79,13,123,3,89" hai1="68,53,97,132,66,34,57,91,27,125,83,108,7" hai2="110,49,58,32,103,128,113,25,116,90,85,101,35" hai3="98,12,106,2,52,23,81,44,41,118,46,121,10"/><U4/><E68/><V54/><F116/><W92/><G121/><T87/><D3/><U67/><E34/><V82/><F128/><W51/><G118/><T6/><D79/><U71/><E27/><V76/><F110/><W134/><G106/><T74/><D74/><U14/><E108/><V100/><F113/><W99/><G2/><T39/><D39/><U88/><E91/><V0/><F0/><W107/><G107/><T127/><D89/><U17/><E71/><V18/><F35/><W104/><G104/><T120/><D135/><U115/><E132/><V16/><REACH who="2" step="1"/><F76/><REACH who="2" ten="315,298,329,48" step="2"/><W20/><G134/><T114/><D114/><U11/><E115/><V75/><F75/><W24/><G81/><T48/><D123/><U122/><E122/><V19/><F19/><W93/><G93/><T105/><D105/><U29/><E83/><V43/><F43/><W133/><G133/><T63/><D120/><U30/><E17/><V73/><F73/><W42/><G42/><T65/><D6/><U69/><E7/><V96/><F96/><W55/><G98/><T111/><D111/><U5/><E5/><V1/><F1/><W45/><G92/><T124/><D124/><U80/><E125/><V15/><F15/><W70/><G99/><T94/><D94/><U72/><E72/><V61/><F61/><W62/><G41/><T95/><D95/><U28/><E97/><V102/><N who="2" m="25600" /><DORA hai="130" /><V26/><F26/><W109/><G109/><T47/><D127/><U33/><E80/><V50/><F50/><W8/><G24/><T40/><D126/><U78/><E78/><RYUUKYOKU ba="1,1" sc="315,-10,298,-10,329,30,48,-10" hai2="16,18,25,32,49,54,58,82,85,90" /><INIT seed="2,2,1,3,0,9" ten="305,288,359,38" oya="2" hai0="126,42,12,8,2,85,97,30,124,89,112,119,25" hai1="45,105,13,100,46,3,111,76,33,38,11,69,14" hai2="16,116,1,91,67,5,60,68,41,99,114,65,118" hai3="131,133,125,132,72,44,40,104,128,50,10,74,61"/><V86/><F114/><W70/><G104/><T53/><D112/><U103/><E33/><V23/><F41/><W77/><G10/><T115/><D115/><U17/><E69/><V122/><F122/><W87/><G87/><T98/><D42/><U29/><E3/><V92/><F67/><N who="3" m="41327" /><G77/><T59/><D2/><U52/><E38/><V120/><F120/><W19/><G19/><N who="0" m="8583" /><D119/><U102/><E105/><V62/><F62/><W95/><G95/><N who="0" m="54703" /><D59/><U32/><E32/><V83/><F5/><W21/><G21/><N who="0" m="15663" /><D53/><U127/><E52/><V36/><F36/><W27/><G27/><T47/><D47/><U43/><E46/><V94/><F1/><W134/><G72/><T90/><D90/><U106/><E45/><V135/><F135/><W88/><G88/><T96/><D126/><U75/><E43/><V15/><REACH who="2" step="1"/><F94/><REACH who="2" ten="305,288,349,38" step="2"/><W110/><G74/><T63/><D63/><U101/><E75/><V93/><F93/><W129/><G110/><T56/><D124/><AGARI ba="2,2" hai="40,44,50,124,125,128,129,131,132,133,134" m="41327" machi="124" ten="40,12000,2" yaku="30,2,19,1,20,1,34,2" doraHai="9" who="3" fromWho="0" sc="305,-126,288,0,349,0,38,146" /><INIT seed="3,0,0,4,0,26" ten="179,288,349,184" oya="3" hai0="37,75,36,107,68,110,125,132,11,43,130,74,60" hai1="96,67,9,45,29,42,117,100,17,53,44,93,70" hai2="2,114,118,113,10,81,88,62,76,52,59,33,129" hai3="32,0,41,77,134,121,46,120,54,72,124,34,48"/><W63/><G0/><T112/><D11/><U73/><E73/><V108/><F108/><W20/><G134/><T1/><D43/><U13/><E117/><V82/><F118/><W31/><G124/><T87/><D87/><U57/><E42/><V8/><F33/><W97/><G20/><T30/><D30/><U15/><E70/><V109/><F109/><W7/><G7/><T5/><D60/><U66/><E29/><V47/><F129/><W39/><G97/><T126/><D75/><U98/><E98/><V61/><F61/><W35/><G31/><T105/><D37/><U92/><E92/><V64/><F2/><W19/><G19/><T123/><D5/><U135/><E135/><V22/><F22/><W23/><G23/><T103/><D103/><U18/><E15/><V119/><F119/><W79/><G63/><T116/><D125/><U69/><E18/><V94/><F114/><W84/><G72/><T24/><D24/><U80/><E80/><N who="2" m="30827" /><F76/><W115/><G115/><T122/><D122/><U104/><E104/><V28/><F28/><W12/><G12/><T133/><D133/><U127/><E69/><V55/><F113/><W101/><G101/><T71/><D71/><U56/><E127/><V49/><F64/><W85/><G79/><T21/><D21/><U6/><E17/><V40/><F40/><W89/><G77/><T27/><D27/><U90/><E67/><V50/><F62/><W4/><G4/><T38/><D107/><U99/><E66/><V128/><F128/><W16/><G16/><T51/><D51/><U83/><E6/><RYUUKYOKU ba="0,0" sc="179,15,288,-15,349,15,184,-15" hai0="1,36,38,68,74,105,110,112,116,123,126,130,132" hai2="8,10,47,49,50,52,55,59,88,94" /><INIT seed="4,1,0,2,4,89" ten="194,273,364,169" oya="0" hai0="91,5,2,126,125,39,53,109,129,75,4,28,0" hai1="85,99,68,104,8,113,10,86,96,67,6,131,128" hai2="21,115,134,26,88,16,46,130,38,1,105,82,74" hai3="23,62,117,103,14,122,78,133,34,94,119,52,56"/><T44/><D75/><U59/><E68/><V95/><F105/><W61/><G34/><T114/><D114/><U40/><E40/><V120/><F120/><W81/><G122/><T77/><D77/><U18/><E18/><V124/><F1/><N who="0" m="618" /><D91/><U58/><E6/><N who="0" m="2665" /><D53/><U100/><E100/><V127/><F115/><W24/><G133/><T73/><D73/><U84/><E84/><V20/><F134/><W112/><G112/><T30/><D44/><U33/><E33/><V69/><F69/><W63/><G14/><T9/><D39/><U123/><E113/><V12/><F130/><W83/><G119/><T132/><D132/><U116/><E123/><V31/><F38/><W118/><G118/><T110/><D9/><U93/><E116/><V50/><F82/><N who="3" m="31243" /><G78/><T70/><D70/><U7/><E104/><V47/><F74/><W11/><G11/><T72/><D72/><U36/><E36/><V76/><F76/><W80/><N who="3" m="31251" /><W37/><DORA hai="102" /><G37/><T71/><D71/><U79/><E7/><V25/><F12/><W60/><G117/><T41/><D129/><U108/><E79/><V106/><F106/><W48/><N who="3" m="15360" /><DORA hai="42" /><W65/><G65/><T29/><D41/><U51/><E67/><V55/><REACH who="2" step="1"/><F46/><REACH who="2" ten="194,273,354,169" step="2"/><W15/><G15/><T13/><D13/><U97/><E131/><V66/><F66/><W22/><G24/><T54/><D54/><U3/><E128/><V43/><F43/><W45/><G45/><T35/><D35/><U64/><E3/><V27/><F27/><W57/><G57/><T121/><D121/><U98/><E59/><RYUUKYOKU ba="1,1" sc="194,10,273,-30,354,10,169,10" hai0="28,29,30,109,110,125,126" hai2="16,20,21,25,26,31,47,50,55,88,95,124,127" hai3="22,23,48,52,56,94,103" /><INIT seed="4,2,1,0,5,7" ten="204,243,364,179" oya="0" hai0="113,58,124,94,73,29,28,26,53,91,61,76,51" hai1="62,42,9,64,34,127,96,20,72,57,46,55,38" hai2="83,123,48,126,21,125,92,116,40,135,60,37,121" hai3="36,16,2,54,1,44,120,15,82,122,56,109,47"/><T115/><D124/><N who="2" m="47722" /><F116/><W107/><G109/><T67/><D76/><U66/><E127/><V39/><F83/><W68/><G68/><T87/><D73/><U35/><E72/><V65/><F92/><W130/><G107/><T63/><D63/><U50/><E20/><V10/><F21/><N who="3" m="11423" /><G82/><T45/><REACH who="0" step="1"/><D26/><REACH who="0" ten="194,243,364,179" step="2"/><U24/><E24/><V78/><F78/><W41/><G130/><T19/><D19/><U99/><E62/><V105/><F121/><N who="3" m="46699" /><G47/><T70/><D70/><U128/><E46/><V117/><F123/><W101/><G101/><T14/><D14/><U22/><E128/><V59/><F59/><W74/><G74/><T18/><D18/><U49/><E57/><V6/><F117/><W4/><G4/><T93/><D93/><U112/><E112/><AGARI ba="2,2" hai="28,29,45,51,53,58,61,67,87,91,94,112,113,115" machi="112" ten="40,3900,0" yaku="1,1,15,1,53,0" doraHai="7" doraHaiUra="133" who="0" fromWho="1" sc="194,65,243,-45,364,0,179,0" /><INIT seed="4,3,0,3,0,105" ten="259,198,364,179" oya="0" hai0="135,115,99,84,98,3,13,128,49,28,108,74,24" hai1="1,101,50,37,25,123,26,114,112,15,38,66,22" hai2="32,42,97,129,81,19,5,61,73,46,77,121,17" hai3="12,67,76,120,18,52,16,20,23,111,89,134,102"/><T27/><D3/><U86/><E123/><V69/><F121/><W71/><G120/><T33/><D115/><N who="1" m="44075" /><E1/><V64/><F32/><W56/><G111/><T39/><D39/><N who="1" m="14859" /><E101/><V47/><F129/><W59/><G134/><T9/><D84/><U107/><E107/><V21/><F5/><W57/><G71/><T126/><D98/><U45/><E66/><V54/><F97/><W63/><G102/><T90/><D99/><U78/><E78/><V124/><F124/><W132/><G132/><T94/><D90/><U10/><E22/><V91/><F91/><W4/><G4/><T85/><D85/><U110/><E86/><V127/><F127/><W0/><G0/><T133/><D126/><U70/><E70/><V72/><F72/><W55/><G89/><T131/><D74/><U82/><E82/><V68/><F68/><W31/><G31/><T118/><D28/><U80/><E80/><V104/><F104/><W96/><G96/><T95/><D131/><U93/><E93/><V113/><F113/><W60/><G76/><T43/><D95/><U88/><E88/><V122/><F122/><W34/><G34/><T14/><D33/><U100/><E110/><V119/><F21/><W40/><G40/><T7/><D108/><U117/><E117/><V125/><F119/><W75/><G75/><T2/><D118/><U58/><E58/><N who="3" m="22634" /><G60/><T116/><D116/><U106/><E100/><V130/><F130/><W51/><G51/><T87/><D128/><U30/><E106/><V103/><F103/><W53/><G67/><T8/><D133/><U92/><E30/><RYUUKYOKU ba="3,0" sc="259,-10,198,-10,364,-10,179,30" hai3="12,16,18,20,23,52,53,55,59,63" /><INIT seed="5,4,0,1,3,112" ten="249,188,354,209" oya="1" hai0="122,97,95,82,73,116,56,1,86,37,114,25,111" hai1="36,81,88,24,60,101,4,17,34,92,53,99,78" hai2="83,65,87,124,67,12,121,107,126,77,71,42,44" hai3="20,48,38,74,80,62,85,84,72,117,109,15,131"/><U35/><E36/><V19/><F107/><W104/><G109/><T133/><D56/><N who="1" m="34831" /><E4/><V45/><F121/><W14/><G38/><T52/><D1/><U54/><E54/><V40/><F45/><W6/><G104/><T66/><D66/><N who="2" m="25098" /><F71/><W46/><G131/><T68/><D73/><N who="1" m="43215" /><E101/><V135/><F44/><W119/><G62/><T108/><D68/><U27/><E27/><V100/><F100/><W90/><G84/><T96/><D25/><U47/><E47/><V130/><F130/><W26/><G72/><T7/><D7/><U0/><E0/><V23/><F135/><W134/><G74/><T41/><D133/><U51/><E51/><V10/><F10/><W28/><G134/><T98/><D41/><U103/><E103/><V110/><F110/><W63/><G63/><T132/><D132/><U59/><E59/><V3/><F3/><W120/><G120/><T75/><D122/><U57/><E57/><V115/><F115/><W33/><G33/><T9/><D114/><U18/><E18/><V31/><F31/><W118/><G6/><T113/><D113/><U55/><E55/><AGARI ba="4,0" hai="14,15,20,26,28,46,48,55,80,85,90,117,118,119" machi="55" ten="40,8000,1" yaku="12,1,52,3" doraHai="112" who="3" fromWho="1" sc="249,0,188,-92,354,0,209,92" /><INIT seed="6,0,0,3,1,53" ten="249,96,354,301" oya="2" hai0="2,9,5,32,20,133,126,115,90,95,132,13,87" hai1="80,70,14,25,91,12,60,92,117,105,119,6,50" hai2="121,49,83,72,111,104,125,106,57,40,44,82,69" hai3="51,101,116,46,107,120,39,30,18,66,34,0,68"/><V41/><F121/><W113/><G116/><T64/><D115/><U130/><E105/><V65/><F125/><W94/><G120/><T135/><D126/><U54/><E130/><V33/><F33/><W110/><G110/><T76/><D32/><U123/><E123/><V118/><F118/><W98/><G39/><T124/><D124/><U35/><E80/><V134/><F111/><W11/><G113/><T23/><D64/><U43/><E43/><V4/><F69/><W56/><G68/><T78/><D2/><U99/><E35/><V97/><F40/><W21/><G34/><T31/><D31/><U26/><E119/><V61/><F134/><W3/><G107/><T55/><D55/><U103/><E117/><V114/><F114/><W47/><G18/><T74/><D74/><U27/><E6/><V48/><F48/><W29/><G29/><T36/><D36/><U16/><E14/><V38/><F97/><W22/><G22/><AGARI ba="0,0" hai="5,9,13,20,22,23,76,78,87,90,95,132,133,135" machi="22" ten="40,1300,0" yaku="20,1" doraHai="53" who="0" fromWho="3" sc="249,13,96,0,354,0,301,-13" /><INIT seed="7,0,0,5,2,98" ten="262,96,354,288" oya="3" hai0="23,134,108,81,50,63,38,101,104,125,73,52,9" hai1="45,6,37,89,110,44,77,2,109,39,112,103,7" hai2="118,47,80,121,40,0,76,88,61,51,33,90,130" hai3="27,53,58,56,60,67,66,28,84,32,100,131,16"/><W116/><G116/><T29/><D38/><U102/><E77/><V34/><F118/><W54/><G131/><T15/><D108/><U68/><E112/><V25/><F0/><W20/><G84/><T114/><D125/><U117/><E2/><V57/><F130/><W1/><G1/><T132/><D73/><U93/><E117/><V5/><F5/><W24/><REACH who="3" step="1"/><G100/><REACH who="3" ten="262,96,354,278" step="2"/><T8/><D114/><U85/><E85/><V86/><F121/><W111/><G111/><T97/><D81/><U49/><E68/><V22/><F34/><W74/><G74/><T133/><D63/><AGARI ba="0,1" hai="16,20,24,27,28,32,53,54,56,58,60,63,66,67" machi="63" ten="30,18000,2" yaku="1,1,7,1,9,1,54,1,53,2" doraHai="98" doraHaiUra="59" who="3" fromWho="0" sc="262,-180,96,0,354,0,278,190" owari="82,-42.0,96,-30.0,354,15.0,468,57.0" /></mjloggm>