<mjloggm ver="2.3"><GO type="169" lobby="0"/><UN n0="%E3%81%86%E3%81%95%E3%81%8E%E3%83%95%E3%82%A1%E3%83%B3%E3%82%B7%E3%83%BC" n1="%74%6F%6D%75%74%6F%6D%69" n2="%E3%82%A6%E3%83%AB%E3%83%88%E3%83%A9%E7%AB%8B%E7%9B%B4" n3="%63%75%72%72%65%6E%74" dan="16,17,18,16" rate="2158.57,2152.24,2241.94,2094.43" sx="F,M,M,M"/><TAIKYOKU oya="0"/><INIT seed="0,0,0,3,1,29" ten="250,250,250,250" oya="0" hai0="80,40,46,74,69,105,52,81,18,64,62,95,116" hai1="12,45,4,112,129,113,56,130,122,123,7,58,63" hai2="6,61,100,0,104,53,31,118,51,10,65,99,119" hai3="27,94,103,109,57,25,121,9,42,78,43,76,54"/><T124/><D116/><U107/><E107/><V15/><F15/><W36/><G109/><T126/><D105/><U35/><E45/><V73/><F73/><W47/><G121/><T88/><D18/><U111/><E12/><V8/><F8/><W131/><G131/><N who="1" m="50186" /><E63/><V3/><F3/><W1/><G1/><T108/><D108/><U135/><E111/><V41/><F41/><N who="3" m="15371" /><G9/><T110/><D110/><U86/><E86/><V128/><F128/><W34/><G47/><T75/><D75/><U92/><E92/><V79/><F79/><N who="3" m="30251" /><G34/><T125/><D74/><U77/><E77/><V66/><F61/><N who="3" m="36023" /><G36/><N who="0" m="21767" /><D52/><U59/><E135/><V98/><F53/><W114/><G114/><N who="1" m="44138" /><E35/><V17/><F104/><W91/><G103/><T71/><D71/><U67/><E67/><V39/><F100/><W120/><G120/><AGARI ba="0,0" hai="4,7,56,58,59,120,122,123" m="44138,50186" machi="120" ten="40,8000,1" yaku="28,2,19,1,11,1" doraHai="29" who="1" fromWho="3" sc="250,0,250,80,250,0,250,-80" /><INIT seed="1,0,0,3,2,114" ten="250,330,250,170" oya="1" hai0="106,16,109,51,105,61,41,3,21,84,20,119,82" hai1="65,116,58,29,130,9,13,37,107,127,64,91,14" hai2="88,67,23,135,72,123,102,24,79,69,32,121,108" hai3="110,75,10,92,83,1,86,68,70,118,56,129,38"/><U74/><E107/><V57/><F69/><W85/><G38/><T0/><D109/><U80/><E37/><V113/><F32/><W115/><G75/><T6/><D61/><U60/><E116/><V89/><F108/><W81/><G92/><T124/><D124/><U120/><E120/><V53/><F67/><W96/><G96/><T42/><D6/><U39/><E39/><V5/><F135/><W94/><G94/><T103/><D51/><U128/><E29/><V66/><F66/><W2/><G110/><T54/><D54/><U19/><E65/><V77/><F113/><W99/><G99/><T22/><D103/><U126/><E14/><V44/><F102/><W12/><G115/><T48/><D48/><U33/><E33/><V59/><F5/><W17/><G56/><T7/><D7/><U25/><E25/><V90/><F44/><W112/><G118/><T134/><D134/><U49/><E49/><V34/><F59/><W55/><G55/><T40/><D119/><U97/><E97/><V62/><F34/><W104/><G104/><T18/><D105/><U131/><REACH who="1" step="1"/><E74/><REACH who="1" ten="250,320,250,170" step="2"/><V125/><F72/><W87/><G112/><T47/><D106/><U27/><E27/><V43/><F123/><W15/><G12/><T93/><D3/><U26/><E26/><V4/><F121/><W31/><G31/><T117/><D0/><U8/><E8/><V63/><F63/><W132/><G2/><T46/><D117/><U45/><E45/><V78/><F62/><W98/><G1/><T100/><D47/><U71/><E71/><V50/><F50/><RYUUKYOKU ba="0,1" sc="250,-10,320,30,250,-10,170,-10" hai1="9,13,19,58,60,64,80,91,126,127,128,130,131" /><INIT seed="1,1,1,1,0,20" ten="240,350,240,160" oya="1" hai0="81,97,30,84,69,93,80,8,26,57,58,6,118" hai1="47,124,94,64,55,73,85,27,104,103,95,101,88" hai2="10,44,59,121,70,129,67,11,83,89,68,25,99" hai3="71,135,0,115,53,34,39,50,43,35,9,96,42"/><U91/><E64/><V5/><F121/><W1/><G71/><T112/><D69/><U14/><E73/><V72/><F129/><W109/><G109/><T114/><D118/><U54/><E104/><V76/><F11/><W4/><G135/><T108/><D108/><U63/><E14/><V31/><F59/><W48/><G0/><T33/><D114/><U110/><E124/><V41/><F67/><W119/><G50/><T65/><D112/><U60/><E110/><V127/><F89/><W29/><G115/><T79/><D81/><U46/><E85/><V45/><F45/><W37/><G119/><T90/><REACH who="0" step="1"/><D65/><REACH who="0" ten="230,350,240,160" step="2"/><U15/><REACH who="1" step="1"/><E15/><AGARI ba="1,2" hai="6,8,15,26,30,33,57,58,79,80,84,90,93,97" machi="15" ten="30,7700,0" yaku="1,1,2,1,7,1,52,1,53,0" doraHai="20" doraHaiUra="105" who="0" fromWho="1" sc="230,100,350,-80,240,0,160,0" /><INIT seed="2,0,0,3,0,5" ten="330,270,240,160" oya="2" hai0="129,62,70,50,58,99,27,114,84,106,109,1,85" hai1="132,83,79,37,66,95,127,89,61,73,94,102,6" hai2="32,113,35,110,101,108,63,3,11,42,41,38,30" hai3="52,47,72,80,93,103,10,15,123,131,117,18,19"/><V45/><F42/><W56/><G123/><T57/><D1/><U43/><E132/><V20/><F113/><W111/><G117/><T105/><D114/><U91/><E127/><V71/><F101/><W40/><G131/><T115/><D115/><U126/><E126/><V60/><F20/><W64/><G64/><T133/><D133/><U31/><E31/><V76/><F76/><W112/><G111/><N who="2" m="42537" /><F30/><W68/><G68/><T96/><D129/><U119/><E119/><V130/><F130/><W39/><G112/><T77/><D70/><U33/><E33/><N who="2" m="12875" /><F71/><W36/><G36/><T122/><D77/><U78/><E102/><V16/><F3/><W104/><G104/><T134/><D134/><U69/><E78/><V120/><F120/><W29/><G29/><T118/><D118/><U98/><E37/><V13/><AGARI ba="0,0" hai="11,13,16,38,41,45,60,63" m="12875,42537" machi="13" ten="40,12000,1" yaku="14,1,10,1,52,1,54,1" doraHai="5" who="2" fromWho="2" sc="330,-40,270,-40,240,120,160,-40" /><INIT seed="2,1,0,3,1,65" ten="290,230,360,120" oya="2" hai0="110,26,39,9,132,121,4,68,22,41,63,37,85" hai1="78,66,16,59,74,108,82,86,71,127,5,28,105" hai2="0,94,95,55,104,10,19,79,30,44,33,102,49" hai3="101,133,11,3,8,17,130,134,34,70,56,18,83"/><V89/><F79/><W81/><G101/><T99/><D121/><U60/><E108/><V103/><F104/><W51/><G51/><T24/><D110/><U106/><E127/><V124/><F124/><W75/><G56/><T88/><D99/><U123/><E5/><V53/><F33/><W1/><G75/><T120/><D120/><U46/><E28/><V47/><F30/><W118/><G34/><T54/><D132/><U13/><E123/><V64/><F64/><W126/><G126/><T52/><D26/><U57/><E46/><V20/><F10/><W43/><G43/><T15/><D41/><U77/><E77/><V50/><F0/><W76/><G76/><T61/><D61/><U119/><E119/><V35/><F35/><W87/><G87/><T100/><D100/><U67/><E59/><V42/><F42/><W23/><G23/><T135/><D135/><U131/><E131/><V25/><REACH who="2" step="1"/><F95/><REACH who="2" ten="290,230,350,120" step="2"/><W62/><G118/><T27/><D9/><U6/><E106/><V114/><F114/><W21/><G8/><T96/><D4/><U2/><E105/><V109/><F109/><W90/><G11/><T122/><D122/><U117/><E6/><V116/><F116/><W92/><G133/><T69/><D22/><U32/><E2/><V58/><F58/><W48/><G134/><T112/><D112/><U80/><E32/><V36/><F36/><W98/><G21/><T31/><D39/><U38/><E38/><V93/><F93/><W12/><G92/><T125/><D37/><U7/><E7/><V111/><F111/><W40/><G3/><RYUUKYOKU ba="1,1" sc="290,-10,230,-10,350,30,120,-10" hai2="19,20,25,44,47,49,50,53,55,89,94,102,103" /><INIT seed="2,2,1,5,1,115" ten="280,220,380,110" oya="2" hai0="10,124,18,74,12,4,119,90,123,106,72,85,82" hai1="47,128,126,27,100,101,32,103,25,68,83,65,76" hai2="111,121,29,48,14,3,104,16,2,71,55,134,79" hai3="112,59,7,66,97,60,37,109,8,5,80,45,94"/><V131/><F121/><W1/><G109/><T130/><D123/><U129/><E126/><V107/><F71/><W15/><G112/><T56/><D106/><U0/><E0/><V122/><F122/><W26/><G80/><T19/><D124/><U6/><E6/><V20/><F79/><W13/><G7/><T30/><D130/><N who="1" m="50283" /><E47/><V88/><F131/><W110/><G110/><T99/><D30/><U75/><E32/><V78/><F78/><W120/><G120/><T35/><D35/><U117/><E117/><V41/><F41/><W64/><G64/><T113/><D113/><U116/><E116/><V53/><F53/><W17/><G45/><T118/><D56/><U86/><E75/><N who="0" m="28713" /><D99/><U89/><E76/><V114/><F29/><W39/><G26/><T77/><D77/><U73/><E73/><V11/><F114/><W91/><REACH who="3" step="1"/><G1/><REACH who="3" ten="280,220,380,100" step="2"/><T28/><D82/><U63/><AGARI ba="2,2" hai="25,27,63,65,68,83,86,89,100,101,103" m="50283" machi="63" ten="40,1500,0" yaku="19,1" doraHai="115" who="1" fromWho="1" sc="280,-6,220,41,380,-9,100,-6" /><INIT seed="3,0,0,1,5,5" ten="274,261,371,94" oya="3" hai0="47,36,67,17,116,82,90,92,66,87,9,76,20" hai1="35,86,96,6,3,99,80,131,70,28,48,94,24" hai2="119,84,51,112,19,38,4,83,0,134,61,39,123" hai3="132,106,75,85,8,10,27,93,78,64,1,14,130"/><W77/><G75/><T97/><D116/><U46/><E131/><V114/><F119/><W37/><G37/><T95/><D36/><U110/><E70/><V13/><F4/><W105/><G1/><T101/><D47/><U124/><E124/><V45/><F0/><W115/><G115/><T129/><D129/><U12/><E110/><V121/><F61/><W52/><G130/><T72/><D9/><N who="3" m="3689" /><G105/><T31/><D31/><U135/><E135/><V40/><F134/><W102/><G106/><T33/><D33/><U98/><E3/><V127/><F127/><W50/><G132/><T11/><D11/><U22/><E12/><AGARI ba="0,0" hai="12,17,20,66,67,72,76,82,87,90,92,95,97,101" machi="12" ten="30,1000,0" yaku="7,1" doraHai="5" who="0" fromWho="1" sc="274,10,261,-10,371,0,94,0" /><INIT seed="4,0,0,5,3,51" ten="284,251,371,94" oya="0" hai0="116,34,8,4,62,124,50,13,56,26,105,69,132" hai1="90,14,84,103,135,118,83,65,24,27,106,43,42" hai2="100,79,23,25,111,45,107,115,99,91,89,73,87" hai3="94,123,113,36,15,104,54,75,109,117,110,3,134"/><T130/><D116/><U39/><E118/><V67/><F111/><W112/><G15/><T88/><D105/><U128/><E128/><V81/><F115/><W93/><G54/><N who="0" m="34071" /><D34/><U121/><E135/><V33/><F33/><W12/><G12/><T35/><D35/><U80/><E121/><V16/><F67/><W86/><G36/><T44/><D69/><U28/><E65/><V122/><F122/><W48/><G48/><T53/><D132/><U2/><E2/><V102/><F102/><W57/><G57/><T22/><D130/><U59/><E39/><V55/><F73/><W133/><G3/><T85/><D124/><U19/><E103/><V18/><F18/><W17/><G17/><T108/><D108/><N who="3" m="41577" /><G117/><T126/><D126/><U32/><E106/><V71/><F71/><W60/><G60/><T52/><D53/><U7/><E7/><V98/><F55/><W29/><G29/><T37/><D37/><U74/><E59/><V10/><F16/><W120/><G104/><T47/><D47/><U38/><E38/><V92/><F45/><W6/><G6/><T66/><D66/><U129/><E129/><V64/><F64/><W114/><G75/><T11/><D13/><U125/><E27/><V21/><F25/><W49/><G49/><T41/><D41/><U1/><E1/><V9/><F107/><W58/><G58/><T82/><D4/><U0/><E0/><V127/><F127/><W61/><G61/><T96/><D96/><U101/><E125/><V20/><F99/><W131/><G131/><T68/><D68/><U70/><E70/><RYUUKYOKU ba="0,0" sc="284,15,251,-15,371,15,94,-15" hai0="8,11,22,26,44,50,52,82,85,88" hai2="9,10,20,21,23,79,81,87,89,91,92,98,100" /><INIT seed="4,1,0,2,0,112" ten="299,236,386,79" oya="0" hai0="28,127,51,25,86,106,9,8,71,83,114,85,103" hai1="133,68,63,59,15,18,69,34,44,57,118,58,27" hai2="80,5,29,48,130,53,134,43,3,135,78,87,40" hai3="62,33,111,128,37,52,12,100,0,67,36,4,46"/><T75/><D71/><U97/><E133/><N who="2" m="50699" /><F130/><W55/><G33/><T89/><D114/><U11/><E44/><N who="2" m="27783" /><F29/><W49/><G0/><T10/><D127/><U123/><E123/><V38/><F38/><W79/><G111/><T39/><D39/><U16/><E97/><V117/><F117/><W101/><G128/><T14/><D75/><U92/><E92/><V70/><F70/><W126/><G126/><T47/><D103/><U90/><E90/><V65/><F65/><W99/><G79/><T35/><D106/><U31/><E118/><V115/><F115/><W32/><G32/><T76/><D86/><U74/><E74/><V56/><F56/><W23/><G101/><T95/><D95/><U1/><E63/><V24/><F24/><W7/><G55/><T91/><REACH who="0" step="1"/><D14/><REACH who="0" ten="289,236,386,79" step="2"/><U64/><E64/><V119/><F119/><W104/><G37/><T30/><D30/><U109/><E109/><V122/><F122/><W45/><G36/><T98/><D98/><U13/><REACH who="1" step="1"/><E1/><REACH who="1" ten="289,226,386,79" step="2"/><V93/><F93/><W132/><G132/><T54/><AGARI ba="1,2" hai="8,9,10,25,28,35,47,51,54,76,83,85,89,91" machi="54" ten="30,6000,0" yaku="1,1,0,1,53,1" doraHai="112" doraHaiUra="77" who="0" fromWho="0" sc="289,83,226,-21,386,-21,79,-21" /><INIT seed="4,2,0,1,2,23" ten="372,205,365,58" oya="0" hai0="2,9,11,95,109,72,115,24,89,12,46,50,90" hai1="123,77,76,5,38,60,61,42,122,53,108,57,91" hai2="32,86,39,85,104,25,62,48,114,128,34,129,40" hai3="110,65,7,120,44,45,22,56,66,14,88,116,13"/><T101/><D115/><U98/><E108/><V124/><F39/><W54/><G110/><T75/><D109/><U49/><E5/><V41/><F104/><W83/><G116/><T43/><D2/><U96/><E38/><V79/><F114/><W8/><G120/><T64/><D64/><U28/><E42/><N who="2" m="16491" /><F48/><W69/><G69/><T1/><D1/><U31/><E49/><V67/><F79/><W92/><G83/><T134/><D134/><U121/><E91/><V17/><F17/><N who="3" m="10551" /><G65/><T125/><D125/><U68/><E68/><V10/><F10/><W135/><G66/><T99/><D11/><U126/><E126/><V4/><F4/><W6/><G6/><N who="0" m="3127" /><D75/><U97/><REACH who="1" step="1"/><E61/><REACH who="1" ten="372,195,365,58" step="2"/><V130/><F124/><W112/><G112/><T80/><D90/><U70/><E70/><V107/><F62/><N who="3" m="36119" /><G135/><T131/><D50/><U82/><E82/><V111/><F111/><W132/><G132/><T15/><D80/><U74/><E74/><V133/><F133/><W106/><G106/><T47/><D72/><U29/><AGARI ba="2,1" hai="28,29,31,53,57,60,76,77,96,97,98,121,122,123" machi="29" ten="40,12000,2" yaku="1,1,0,1,29,2,53,3" doraHai="23" doraHaiUra="118" who="1" fromWho="1" sc="372,-62,195,136,365,-32,58,-32" /><INIT seed="5,0,0,0,5,3" ten="310,331,333,26" oya="1" hai0="7,9,96,10,85,86,0,8,72,37,134,103,28" hai1="2,4,26,42,117,65,20,106,35,54,47,1,111" hai2="58,107,32,25,83,18,62,130,132,82,70,93,64" hai3="19,100,126,88,118,29,61,34,71,114,67,45,89"/><U113/><E106/><V14/><F93/><W52/><G114/><T56/><D37/><U46/><E117/><V87/><F58/><W69/><G118/><T39/><D39/><U6/><E35/><V128/><F107/><W74/><G74/><T30/><D72/><U22/><E113/><V75/><F75/><W66/><G126/><T97/><D134/><U78/><E65/><V73/><F73/><W51/><G100/><T53/><D30/><U38/><E78/><V79/><F83/><W119/><G119/><T17/><D28/><U50/><E111/><V36/><F36/><W15/><G29/><T105/><D97/><U59/><E46/><V115/><F25/><W98/><G34/><T68/><D68/><U48/><E38/><V102/><F102/><W101/><G67/><T80/><D17/><N who="1" m="12559" /><E2/><V43/><F32/><W92/><REACH who="3" step="1"/><G71/><REACH who="3" ten="310,331,333,16" step="2"/><T63/><REACH who="0" step="1"/><D86/><REACH who="0" ten="300,331,333,16" step="2"/><U16/><E1/><V131/><F115/><W94/><G94/><T133/><D133/><U90/><E90/><AGARI ba="0,2" hai="0,7,8,9,10,53,56,63,80,85,90,96,103,105" machi="90" ten="30,3900,0" yaku="1,1,7,1,52,1,53,0" doraHai="3" doraHaiUra="44" who="0" fromWho="1" sc="300,59,331,-39,333,0,16,0" /><INIT seed="6,0,0,0,1,124" ten="359,292,333,16" oya="2" hai0="116,75,89,120,107,7,56,3,39,10,59,126,134" hai1="86,127,27,87,118,62,102,81,32,69,18,14,71" hai2="26,4,78,93,8,115,95,105,1,82,51,77,121" hai3="64,99,135,88,106,122,23,65,94,84,54,100,15"/><V85/><F115/><W58/><G122/><T125/><D120/><U109/><E118/><V2/><F121/><W74/><G74/><T111/><D111/><U55/><E109/><V103/><F2/><W91/><G135/><T76/><D107/><U98/><E127/><N who="0" m="48649" /><D134/><U63/><E32/><V50/><F78/><W119/><G119/><T68/><D68/><U13/><E27/><V52/><F51/><W73/><G73/><T35/><D35/><U79/><E13/><V44/><REACH who="2" step="1"/><F26/><REACH who="2" ten="359,292,323,16" step="2"/><W110/><G110/><T101/><D76/><U67/><E63/><V70/><F70/><W123/><G123/><T104/><D116/><U49/><E71/><V90/><F90/><W20/><G91/><T129/><D89/><U21/><E79/><V61/><F61/><W60/><REACH who="3" step="1"/><G15/><REACH who="3" ten="359,292,323,6" step="2"/><T43/><D3/><U132/><E132/><V0/><F0/><W113/><G113/><T83/><D75/><U92/><REACH who="1" step="1"/><E81/><REACH who="1" ten="359,282,323,6" step="2"/><V16/><F16/><W66/><AGARI ba="0,3" hai="20,23,54,58,60,64,65,66,84,88,94,99,100,106" machi="66" ten="30,4000,0" yaku="1,1,0,1,54,1,53,0" doraHai="124" doraHaiUra="22" who="3" fromWho="3" sc="359,-10,282,-10,323,-20,6,70" /><INIT seed="7,0,0,5,2,16" ten="349,272,303,76" oya="3" hai0="40,55,89,38,125,53,7,35,93,83,123,43,0" hai1="37,18,24,113,119,128,72,109,69,111,50,28,8" hai2="4,64,36,67,80,44,118,120,95,121,116,81,26" hai3="41,49,96,47,6,110,86,91,124,27,133,56,59"/><W135/><G110/><T134/><D123/><N who="2" m="47178" /><F4/><W114/><G124/><T73/><D35/><U3/><E50/><V100/><F26/><W1/><G114/><T14/><D125/><U90/><E90/><V15/><F15/><W74/><G74/><T66/><D66/><N who="2" m="25130" /><F95/><W130/><G130/><T70/><D70/><U11/><E37/><V63/><F63/><W29/><G96/><T115/><D115/><U9/><E69/><V19/><F19/><W132/><G6/><T25/><D73/><U97/><E97/><V99/><F99/><W52/><G1/><T42/><D0/><U51/><E51/><V108/><F100/><W30/><G59/><T106/><D38/><U2/><E72/><V79/><F79/><W54/><G56/><T33/><D83/><N who="2" m="31818" /><F108/><N who="1" m="41545" /><E113/><V5/><F5/><W65/><G65/><T12/><D93/><U48/><E48/><V10/><F10/><N who="1" m="2561" /><U68/><DORA hai="34" /><E68/><V117/><F36/><W32/><REACH who="3" step="1"/><G30/><REACH who="3" ten="349,272,303,66" step="2"/><T131/><D7/><U62/><E128/><V46/><AGARI ba="0,1" hai="44,46,116,117,118" m="31818,25130,47178" machi="46" ten="40,5200,0" yaku="28,2,13,1" doraHai="16,34" who="2" fromWho="2" sc="349,-13,272,-13,303,62,66,-26" owari="336,14.0,259,-14.0,365,46.0,40,-46.0" /></mjloggm>