<mjloggm ver="2.3"><GO type="169" lobby="0"/><UN n0="%E3%83%95%E3%83%BC%E3%82%AC" n1="%E7%90%B4%E6%B5%A6%E6%98%A5%E9%A6%99" n2="%E7%A7%8B%E7%94%B0%E3%81%AE%E3%81%AB%E3%82%93%E3%81%AB%E3%81%8F" n3="%E3%83%88%E3%83%88%E3%83%AA%E5%85%88%E7%94%9F%31%39%E6%AD%B3" dan="18,17,17,19" rate="2239.77,2165.53,2232.58,2307.01" sx="M,F,M,F"/><TAIKYOKU oya="0"/><INIT seed="0,0,0,2,1,55" ten="250,250,250,250" oya="0" hai0="82,1,19,50,15,25,20,11,9,78,123,53,85" hai1="65,2,16,21,33,131,121,99,46,124,31,17,3" hai2="27,83,91,69,89,37,135,54,51,12,128,61,5" hai3="94,66,76,77,47,117,58,28,62,112,104,90,116"/><T126/><D123/><U114/><E121/><V48/><F37/><W8/><G112/><T113/><D113/><U79/><E114/><V111/><F111/><W67/><G104/><T134/><D134/><U45/><E79/><V109/><F109/><W6/><G28/><T119/><D119/><U96/><E131/><V29/><F128/><W132/><G132/><T71/><D71/><U70/><E31/><V32/><F135/><W44/><G116/><T4/><D126/><U103/><E33/><V22/><F83/><W26/><G26/><T64/><D64/><U100/><E124/><V36/><F36/><W57/><G117/><T118/><D118/><U105/><E65/><V102/><F102/><W95/><G8/><T108/><D108/><U59/><E70/><V88/><F69/><W0/><G6/><T35/><D35/><U81/><E81/><V13/><F32/><W41/><G0/><T115/><D115/><U97/><E97/><V106/><F106/><W52/><G66/><T127/><D127/><U10/><E59/><N who="2" m="35063" /><F12/><W92/><G90/><T101/><D101/><U80/><E80/><V30/><F30/><W93/><N who="3" m="23552" /><DORA hai="68" /><W87/><G87/><T120/><D120/><U23/><E105/><V18/><F29/><W86/><G86/><T72/><D85/><U75/><REACH who="1" step="1"/><E10/><AGARI ba="0,0" hai="5,10,13,18,22,27,48,51,88,89,91" m="35063" machi="10" ten="30,3900,0" yaku="8,1,52,1,54,1" doraHai="55,68" who="2" fromWho="1" sc="250,0,250,-39,250,39,250,0" /><INIT seed="1,0,0,3,1,13" ten="250,211,289,250" oya="1" hai0="0,28,58,61,93,120,67,102,98,49,104,33,73" hai1="15,118,77,34,9,107,8,83,5,50,37,10,110" hai2="6,129,95,131,39,80,82,112,17,99,60,79,130" hai3="35,29,65,3,132,23,1,85,42,56,109,14,41"/><U135/><E37/><V7/><F39/><W108/><G35/><T38/><D38/><U121/><E107/><V63/><F112/><W94/><G132/><T31/><D120/><U84/><E34/><V97/><F17/><N who="3" m="10679" /><G29/><T115/><D115/><U2/><E118/><V44/><F44/><W55/><G65/><T57/><D73/><U12/><E121/><V27/><F27/><W74/><G74/><T78/><D0/><U117/><E117/><V127/><F127/><W71/><G71/><T105/><D78/><U72/><E135/><V128/><F128/><W32/><G32/><T62/><D49/><U96/><E96/><N who="2" m="36939" /><F95/><W76/><G1/><T123/><D123/><U114/><E114/><V134/><F134/><W124/><G3/><T86/><D33/><U52/><E110/><N who="3" m="42602" /><G124/><T89/><REACH who="0" step="1"/><D105/><REACH who="0" ten="240,211,289,250" step="2"/><U46/><E2/><V54/><F79/><W68/><G76/><T100/><D100/><U103/><E103/><V21/><F131/><W51/><G68/><T125/><D125/><U92/><E5/><V40/><F6/><W30/><G30/><T53/><AGARI ba="0,1" hai="28,31,53,57,58,61,62,67,86,89,93,98,102,104" machi="53" ten="20,2700,0" yaku="1,1,0,1,7,1,53,0" doraHai="13" doraHaiUra="122" who="0" fromWho="0" sc="240,37,211,-13,289,-7,250,-7" /><INIT seed="2,0,0,0,1,106" ten="277,198,282,243" oya="2" hai0="88,113,61,91,41,77,35,122,120,33,96,4,82" hai1="70,7,87,40,14,101,19,76,135,5,11,28,78" hai2="59,57,21,60,73,117,43,39,63,27,86,22,104" hai3="6,98,118,99,49,8,121,127,62,52,126,42,129"/><V67/><F117/><W107/><G118/><T134/><D113/><U20/><E70/><V30/><F104/><W29/><G121/><T47/><D134/><U46/><E135/><V75/><F39/><W24/><G42/><T94/><D91/><U130/><E130/><V31/><F43/><W9/><G62/><T100/><D4/><U115/><E115/><V65/><F86/><W95/><G107/><T69/><D100/><U80/><E101/><V44/><F44/><W74/><G74/><T12/><D12/><U34/><E34/><V1/><F1/><W72/><G72/><T132/><D132/><U54/><E54/><V23/><F23/><N who="3" m="15519" /><G129/><T128/><D128/><U85/><E28/><V17/><F30/><W97/><G6/><T109/><D109/><U18/><E87/><V55/><F55/><W56/><G95/><T102/><D102/><U119/><E78/><V103/><F103/><W105/><G105/><T36/><D120/><U71/><E71/><V58/><F59/><W81/><G81/><T111/><D111/><U48/><REACH who="1" step="1"/><E119/><REACH who="1" ten="277,188,282,243" step="2"/><V90/><REACH who="2" step="1"/><F90/><REACH who="2" ten="277,188,272,243" step="2"/><W124/><AGARI ba="0,2" hai="8,9,49,52,56,97,98,99,124,126,127" m="15519" machi="124" ten="40,2700,0" yaku="18,1,54,1" doraHai="106" who="3" fromWho="3" sc="277,-7,188,-7,272,-13,243,47" /><INIT seed="3,0,0,5,4,10" ten="270,181,259,290" oya="3" hai0="131,90,16,81,102,26,105,20,75,73,91,7,9" hai1="93,5,89,132,129,56,69,92,24,115,48,36,77" hai2="57,59,74,68,61,40,103,45,38,130,31,134,32" hai3="33,64,49,71,126,19,82,119,100,88,44,111,23"/><W133/><G119/><T21/><D131/><U4/><E36/><V87/><F74/><W43/><G33/><T128/><D128/><U98/><E69/><V96/><F130/><W86/><G133/><T94/><D21/><U28/><E115/><V25/><F134/><W14/><G126/><T18/><D18/><U6/><E129/><V109/><F109/><W3/><G3/><T72/><D105/><U127/><E77/><V95/><F68/><W53/><G111/><T67/><D67/><U76/><E76/><V12/><F61/><W51/><G100/><T13/><REACH who="0" step="1"/><D81/><REACH who="0" ten="260,181,259,290" step="2"/><U97/><E132/><V121/><F121/><W125/><G125/><T41/><D41/><U58/><E127/><V70/><F70/><W17/><G71/><T85/><D85/><U50/><E50/><V55/><F87/><W27/><G64/><T107/><D107/><U42/><E42/><V78/><F55/><W83/><G83/><T79/><D79/><U47/><E28/><V11/><REACH who="2" step="1"/><F78/><REACH who="2" ten="260,181,249,290" step="2"/><W124/><G124/><T54/><D54/><N who="1" m="29983" /><E24/><V30/><F30/><W52/><G51/><T113/><D113/><U123/><E123/><V8/><F8/><AGARI ba="0,2" hai="8,14,17,19,23,27,43,44,49,52,53,82,86,88" machi="8" ten="30,12000,1" yaku="7,1,8,1,52,1,54,2" doraHai="10" who="3" fromWho="2" sc="260,0,181,0,249,-120,290,140" /><INIT seed="3,1,0,0,4,48" ten="260,181,129,430" oya="3" hai0="42,69,45,22,99,64,105,52,57,29,74,130,72" hai1="13,84,60,18,78,2,51,115,107,97,104,121,39" hai2="46,65,81,71,79,88,54,36,11,53,103,32,91" hai3="94,15,82,118,93,19,44,75,77,61,113,62,132"/><W80/><G113/><T31/><D130/><U129/><E39/><V9/><F32/><W37/><G118/><T4/><D4/><U83/><E2/><V6/><F103/><W124/><G132/><T85/><D85/><U14/><E121/><V122/><F122/><W49/><G37/><T41/><D41/><U56/><E115/><V134/><F134/><W34/><G34/><T96/><D64/><U95/><E51/><V98/><F65/><W125/><G82/><T68/><D69/><U33/><E33/><V70/><F98/><W73/><G73/><T17/><D68/><U21/><E14/><V106/><F106/><W133/><G133/><T27/><D72/><U1/><E1/><V114/><F114/><W30/><G30/><T40/><D74/><U123/><E123/><V66/><F66/><W47/><G94/><T92/><D105/><U20/><E20/><V26/><F36/><W5/><G93/><T8/><D96/><U3/><E3/><V63/><F81/><W102/><G102/><T100/><D45/><U55/><REACH who="1" step="1"/><E129/><REACH who="1" ten="260,171,129,430" step="2"/><V59/><F9/><N who="3" m="6639" /><G49/><N who="0" m="30863" /><D31/><U38/><E38/><V111/><F6/><W24/><G5/><T10/><D8/><U101/><AGARI ba="1,1" hai="13,18,21,55,56,60,78,83,84,95,97,101,104,107" machi="101" ten="20,5200,0" yaku="1,1,0,1,7,1,52,1,53,0" doraHai="48" doraHaiUra="135" who="1" fromWho="1" sc="260,-14,171,65,129,-14,430,-27" /><INIT seed="4,0,0,1,0,26" ten="246,236,115,403" oya="0" hai0="84,65,129,123,73,118,130,35,0,58,38,71,7" hai1="127,23,8,44,79,95,31,88,49,14,92,76,60" hai2="50,109,59,112,20,55,97,28,1,48,104,64,126" hai3="52,102,25,12,70,87,11,51,42,74,33,19,27"/><T46/><D118/><U101/><E127/><V30/><F109/><W78/><G74/><T103/><D123/><U22/><E101/><V122/><F122/><W17/><G70/><T77/><D35/><U5/><E60/><V9/><F126/><W114/><G114/><T121/><D121/><U16/><E92/><V54/><F112/><W115/><G115/><T13/><D13/><U82/><E82/><V69/><F20/><W133/><G133/><T83/><D58/><U107/><E107/><V120/><F120/><W62/><G42/><N who="0" m="22871" /><D84/><U117/><E117/><V37/><F37/><W134/><G134/><T2/><D103/><U94/><E94/><V110/><F110/><W99/><G62/><N who="0" m="40375" /><D7/><U105/><E105/><V124/><F124/><W67/><G67/><T15/><D15/><N who="1" m="5519" /><E23/><V116/><F116/><W96/><G102/><T100/><D100/><U18/><E18/><V72/><F97/><N who="3" m="37451" /><G19/><T3/><AGARI ba="0,0" hai="0,2,3,73,77,83,129,130" m="40375,22871" machi="3" ten="40,2100,0" yaku="23,1" doraHai="26" who="0" fromWho="0" sc="246,21,236,-7,115,-7,403,-7" /><INIT seed="4,1,0,1,3,36" ten="267,229,108,396" oya="0" hai0="84,92,39,119,34,100,110,45,127,99,58,97,89" hai1="5,81,102,17,115,14,61,67,60,128,12,31,27" hai2="106,9,83,72,118,38,26,4,37,123,114,133,86" hai3="87,25,94,104,8,41,132,90,16,15,103,85,79"/><T112/><D119/><U76/><E128/><V80/><F123/><W125/><G132/><T117/><D117/><U24/><E115/><V11/><F118/><W121/><G125/><T63/><D127/><U57/><E5/><V30/><F133/><W113/><G113/><T124/><D124/><U2/><E2/><V77/><F114/><W122/><G41/><T73/><D34/><U131/><E131/><V13/><F11/><W46/><G46/><T65/><D112/><U1/><E1/><V48/><F106/><W32/><G104/><T91/><D73/><U93/><E60/><V21/><REACH who="2" step="1"/><F48/><REACH who="2" ten="267,229,98,396" step="2"/><W134/><G134/><T75/><D39/><U78/><E78/><AGARI ba="1,1" hai="4,9,13,21,26,30,37,38,72,77,78,80,83,86" machi="78" ten="30,7700,0" yaku="1,1,2,1,7,1,53,1" doraHai="36" doraHaiUra="10" who="2" fromWho="1" sc="267,0,229,-80,98,90,396,0" /><INIT seed="5,0,0,0,2,134" ten="267,149,188,396" oya="1" hai0="9,21,105,131,98,94,4,84,81,126,24,120,61" hai1="118,92,87,86,72,41,103,54,111,121,123,55,14" hai2="76,130,43,22,27,93,8,39,49,46,101,109,36" hai3="100,35,83,2,71,96,67,79,59,106,52,23,108"/><U12/><E72/><V38/><F109/><W89/><G108/><T29/><D131/><U33/><E33/><V37/><F130/><W63/><G35/><T97/><D120/><U114/><E118/><V53/><F76/><W58/><G2/><T102/><D61/><U66/><E114/><V113/><F113/><W45/><G89/><T64/><D64/><U28/><E28/><V60/><F60/><W112/><G112/><T116/><D116/><U6/><E41/><V17/><F8/><W125/><G125/><T62/><D62/><U16/><E6/><V82/><F82/><W133/><G133/><T99/><D126/><U115/><E66/><V129/><F129/><W51/><REACH who="3" step="1"/><G23/><REACH who="3" ten="267,149,188,386" step="2"/><T78/><D105/><U110/><E115/><V25/><F22/><W31/><G31/><T26/><D26/><U7/><E7/><V107/><F25/><W15/><G15/><AGARI ba="0,1" hai="4,9,15,21,24,29,78,81,84,94,97,98,99,102" machi="15" ten="30,2000,0" yaku="7,1,8,1" doraHai="134" who="0" fromWho="3" sc="267,30,149,0,188,0,386,-20" /><INIT seed="6,0,0,4,5,48" ten="297,149,188,366" oya="2" hai0="49,13,89,11,0,133,99,126,87,107,28,123,128" hai1="41,106,94,52,129,46,14,79,86,10,91,98,42" hai2="5,90,125,18,74,20,115,127,81,61,60,34,77" hai3="119,23,3,35,9,124,109,85,50,117,102,24,114"/><V112/><F34/><W75/><G109/><T118/><D123/><U40/><E129/><V97/><F5/><N who="3" m="1215" /><G50/><T38/><D38/><U31/><E31/><V78/><F78/><W73/><G85/><T68/><D68/><U54/><E46/><V103/><F90/><W131/><G131/><T72/><D72/><N who="3" m="27721" /><G23/><T71/><D71/><U19/><E106/><N who="2" m="63855" /><F60/><W100/><G100/><T116/><D128/><U39/><E39/><V29/><F61/><W113/><G124/><N who="2" m="47689" /><F29/><N who="3" m="19879" /><G102/><T95/><D107/><U27/><E27/><AGARI ba="0,0" hai="18,20,27,74,77,81,112,115" m="47689,63855" machi="27" ten="30,1500,0" yaku="18,1" doraHai="48" who="2" fromWho="1" sc="297,0,149,-15,188,15,366,0" /><INIT seed="6,1,0,3,5,83" ten="297,134,203,366" oya="2" hai0="41,65,19,108,99,16,9,53,106,1,135,117,35" hai1="6,78,103,85,51,52,92,95,112,64,73,29,55" hai2="125,133,66,131,67,10,31,28,102,96,100,32,104" hai3="72,2,71,110,87,121,90,94,27,33,23,5,0"/><V30/><F32/><W37/><G110/><T89/><D108/><U44/><E112/><V132/><F104/><W130/><G121/><T124/><D35/><U39/><E73/><V88/><F10/><W74/><G37/><T115/><D115/><U126/><E126/><V122/><F122/><W113/><G71/><T69/><D124/><U93/><E64/><N who="2" m="24619" /><F125/><W24/><G113/><T116/><D41/><U13/><E39/><V118/><F118/><W119/><G119/><T12/><D1/><U57/><E29/><V14/><F14/><W59/><G130/><T42/><D42/><U58/><E103/><N who="2" m="39467" /><F131/><W114/><G114/><T7/><D106/><U123/><E123/><V109/><F109/><W97/><G33/><T34/><D34/><U81/><E55/><V84/><F96/><W26/><G72/><T43/><D53/><U77/><E77/><V45/><F45/><W86/><G74/><T91/><D43/><U46/><E46/><V20/><F20/><W61/><G2/><T15/><D117/><U80/><E80/><AGARI ba="1,0" hai="28,30,31,80,84,88,132,133" m="39467,24619" machi="80" ten="30,11600,0" yaku="26,2,52,1,54,1" doraHai="83" who="2" fromWho="1" sc="297,0,134,-119,203,119,366,0" /><INIT seed="6,2,0,3,5,96" ten="297,15,322,366" oya="2" hai0="36,39,64,56,128,40,75,21,55,85,109,18,92" hai1="7,116,97,110,2,54,86,67,130,28,20,103,106" hai2="23,129,84,59,91,83,117,47,133,123,60,108,44" hai3="98,70,104,45,81,49,48,42,9,38,89,15,58"/><V11/><F117/><W16/><G70/><T29/><D75/><U77/><E116/><V131/><F123/><W34/><G34/><T8/><D109/><U69/><E110/><V122/><F122/><W88/><G38/><T43/><D128/><N who="2" m="49226" /><F108/><W14/><G104/><T125/><D125/><U135/><E130/><V94/><F133/><W120/><G120/><T3/><D64/><U6/><E135/><V17/><F11/><N who="3" m="6239" /><G98/><T118/><D118/><U105/><E105/><V13/><F94/><W33/><G33/><T50/><D39/><U10/><E7/><V124/><F124/><W22/><G22/><T63/><D36/><U126/><E126/><V31/><F31/><W78/><G78/><T121/><D121/><U68/><E67/><AGARI ba="2,0" hai="13,17,23,44,47,59,60,67,83,84,91" m="49226" machi="67" ten="30,1500,0" yaku="19,1" doraHai="96" who="2" fromWho="1" sc="297,0,15,-21,322,21,366,0" owari="297,-10.0,-6,-51.0,343,14.0,366,47.0" /></mjloggm>