<mjloggm ver="2.3"><GO type="169" lobby="0"/><UN n0="%44%2D%4C%65%61%72%6E" n1="%E9%81%8A%E8%B5%B0" n2="%E3%83%88%E3%83%88%E3%83%AA%E5%85%88%E7%94%9F%31%39%E6%AD%B3" n3="%72%61%69%72%75%40%54%4B" dan="16,17,19,16" rate="2051.75,2193.73,2282.99,2155.75" sx="M,F,F,M"/><TAIKYOKU oya="0"/><INIT seed="0,0,0,0,0,68" ten="250,250,250,250" oya="0" hai0="115,5,61,82,43,123,25,124,11,55,20,39,8" hai1="23,66,3,33,78,118,53,89,110,34,50,114,121" hai2="65,96,42,56,131,122,101,45,126,95,120,6,69" hai3="29,30,37,132,117,38,133,19,63,13,54,32,4"/><T24/><D115/><U119/><E3/><V46/><F69/><W41/><G117/><T0/><D123/><U26/><E121/><V76/><F131/><W86/><G41/><T70/><D124/><U75/><E114/><V1/><F126/><W59/><G4/><T111/><D111/><U22/><E66/><V74/><F46/><W125/><G125/><T64/><D55/><U79/><E110/><V81/><F56/><W135/><G86/><T40/><D11/><U88/><E50/><V112/><F65/><W71/><G71/><T84/><D25/><U16/><E53/><V129/><F129/><W36/><G32/><T12/><D0/><U116/><E75/><V130/><F130/><W87/><G87/><T62/><D62/><U14/><E34/><V49/><F112/><W93/><G93/><T77/><REACH who="0" step="1"/><D39/><REACH who="0" ten="240,250,250,250" step="2"/><U58/><E33/><V113/><F113/><W15/><G15/><T80/><D80/><U97/><E116/><V60/><F60/><W44/><G44/><T48/><D48/><U106/><E119/><V10/><AGARI ba="0,1" hai="1,6,10,42,45,49,74,76,81,95,96,101,120,122" machi="10" ten="30,1100,0" yaku="0,1" doraHai="68" who="2" fromWho="2" sc="240,-5,250,-3,250,21,250,-3" /><INIT seed="1,0,0,0,2,41" ten="235,247,271,247" oya="1" hai0="74,92,87,117,78,48,34,5,66,116,30,12,4" hai1="38,77,28,11,106,25,40,103,70,62,129,37,79" hai2="14,63,131,33,110,81,134,68,0,23,17,60,112" hai3="64,39,128,71,18,107,109,31,132,114,61,54,125"/><U53/><E129/><V104/><F33/><W21/><G128/><T55/><D66/><U86/><E11/><V123/><F123/><W133/><G114/><T24/><D74/><U93/><E93/><V36/><F0/><W20/><G107/><T47/><D12/><U82/><E79/><V102/><F131/><W100/><G100/><T90/><REACH who="0" step="1"/><D78/><REACH who="0" ten="225,247,271,247" step="2"/><U7/><E7/><AGARI ba="0,1" hai="4,5,7,24,30,34,47,48,55,87,90,92,116,117" machi="7" ten="40,8000,1" yaku="1,1,2,1,52,1,53,1" doraHai="41" doraHaiUra="91" who="0" fromWho="1" sc="225,90,247,-80,271,0,247,0" /><INIT seed="2,0,0,4,2,14" ten="315,167,271,247" oya="2" hai0="72,134,29,77,64,66,133,108,111,124,1,123,48" hai1="130,74,71,51,27,49,35,85,30,129,13,120,92" hai2="132,76,84,89,17,102,82,7,57,117,41,52,67" hai3="15,128,5,20,32,116,12,105,113,6,61,8,45"/><V106/><F117/><W60/><G116/><T22/><D1/><U93/><E74/><V2/><F132/><N who="0" m="50794" /><D123/><U36/><E36/><V94/><F41/><W96/><G32/><T47/><D124/><U114/><E114/><V3/><F67/><N who="0" m="25642" /><D77/><U28/><E71/><V101/><F7/><W24/><G113/><T119/><D72/><U54/><E120/><V0/><F17/><W11/><G128/><T126/><D126/><U107/><E107/><V63/><REACH who="2" step="1"/><F106/><REACH who="2" ten="315,167,261,247" step="2"/><W121/><G121/><T4/><D4/><U40/><E130/><V70/><F70/><W21/><G105/><T83/><D119/><U103/><E129/><V110/><F110/><W44/><REACH who="3" step="1"/><G24/><REACH who="3" ten="315,167,261,237" step="2"/><T34/><D111/><U73/><E27/><V69/><F69/><W16/><G16/><T98/><D108/><U127/><E127/><V109/><F109/><W90/><G90/><T42/><D29/><U68/><E68/><V23/><F23/><W104/><G104/><T115/><D22/><U80/><E28/><V79/><F79/><W33/><G33/><T56/><D34/><U122/><E30/><V65/><F65/><W87/><G87/><AGARI ba="0,2" hai="0,2,3,52,57,63,76,82,84,87,89,94,101,102" machi="87" ten="40,3900,0" yaku="1,1,54,1,53,0" doraHai="14" doraHaiUra="95" who="2" fromWho="3" sc="315,0,167,0,261,59,237,-39" /><INIT seed="2,1,0,3,1,98" ten="315,167,320,198" oya="2" hai0="81,64,80,90,12,126,55,60,110,135,134,5,109" hai1="63,41,89,37,84,52,19,113,9,27,121,82,127" hai2="58,74,117,25,129,66,91,45,62,4,68,76,65" hai3="105,42,112,61,44,132,49,71,32,28,13,85,130"/><V83/><F117/><W100/><G130/><T24/><D24/><U11/><E113/><V69/><F129/><W51/><G112/><T94/><D55/><U48/><E127/><V72/><F72/><W122/><G122/><T115/><D115/><U125/><E125/><V78/><F78/><W31/><G132/><N who="0" m="50731" /><D126/><U22/><E121/><V2/><F65/><W75/><G75/><T106/><D106/><U87/><E63/><V38/><F91/><W6/><G85/><N who="0" m="52559" /><D12/><U33/><E33/><V111/><F25/><W7/><G31/><T120/><D5/><U131/><E131/><V96/><F96/><N who="3" m="61575" /><G13/><T118/><D120/><U20/><E37/><V119/><F111/><N who="0" m="42506" /><D118/><U124/><E124/><V108/><F108/><W102/><G28/><T21/><D21/><U10/><E41/><N who="2" m="22711" /><F119/><W86/><G32/><T35/><D35/><U54/><E22/><V18/><F18/><W103/><G6/><T128/><D128/><U8/><N who="1" m="2048" /><DORA hai="39" /><U50/><REACH who="1" step="1"/><E84/><REACH who="1" ten="315,157,320,198" step="2"/><N who="2" m="48231" /><F4/><W93/><G7/><T16/><D16/><U73/><E73/><V26/><F74/><W15/><G86/><T53/><D60/><U107/><E107/><V92/><F62/><W34/><G34/><T97/><D64/><U99/><E99/><V40/><F66/><W36/><G61/><T1/><D97/><U116/><E116/><V67/><F67/><W57/><G36/><T95/><D53/><AGARI ba="1,1" hai="19,20,27,48,50,52,53,54,82,87,89" m="2048" machi="53" ten="50,8000,1" yaku="1,1,8,1,54,1,53,2" doraHai="98,39" doraHaiUra="14,17" who="1" fromWho="0" sc="315,-83,157,93,320,0,198,0" /><INIT seed="3,0,0,2,0,20" ten="232,250,320,198" oya="3" hai0="99,15,9,94,110,85,104,129,105,48,40,67,73" hai1="24,16,55,71,26,7,43,41,4,109,78,135,63" hai2="124,116,112,81,111,75,76,92,29,57,53,31,36" hai3="34,58,83,123,74,47,30,106,103,125,87,119,54"/><W117/><G123/><T70/><D73/><U32/><E109/><V3/><F112/><W100/><G74/><T128/><D110/><U79/><E135/><V108/><F116/><W91/><G125/><T82/><D67/><U88/><E32/><V93/><F3/><W133/><G133/><T0/><D70/><U84/><E71/><V127/><F36/><W96/><G100/><T21/><D0/><U13/><E55/><V38/><F38/><W22/><G47/><T107/><D21/><N who="1" m="11407" /><E63/><V50/><F111/><W44/><G44/><T89/><D48/><U59/><E59/><V39/><F39/><W68/><G34/><T121/><D40/><N who="1" m="15435" /><E79/><V95/><REACH who="2" step="1"/><F108/><REACH who="2" ten="232,250,310,198" step="2"/><W23/><G117/><T2/><D2/><U11/><E11/><V66/><F66/><W65/><G119/><T25/><D121/><U10/><E10/><V98/><F98/><W113/><G113/><T51/><D99/><U8/><E8/><V118/><F118/><W62/><REACH who="3" step="1"/><G30/><AGARI ba="0,1" hai="29,30,31,50,53,57,75,76,81,92,93,95,124,127" machi="30" ten="40,1300,0" yaku="1,1,53,0" doraHai="20" doraHaiUra="12" who="2" fromWho="3" sc="232,0,250,0,310,23,198,-13" /><INIT seed="4,0,0,4,4,10" ten="232,250,333,185" oya="0" hai0="9,113,132,75,84,44,5,18,30,110,48,103,3" hai1="93,37,55,83,126,105,6,68,129,32,108,14,56" hai2="86,80,70,24,97,104,2,13,134,22,31,102,52" hai3="21,28,35,127,7,63,66,76,98,119,78,43,118"/><T0/><D75/><U90/><E68/><V111/><F111/><W100/><G127/><T25/><D110/><U125/><E108/><V62/><F134/><W121/><G121/><T82/><D132/><U130/><E32/><V53/><F2/><W23/><G43/><T69/><D113/><U106/><E83/><V54/><F70/><W133/><G7/><T8/><D69/><U99/><E37/><V94/><F104/><N who="1" m="40041" /><E14/><V49/><F62/><W47/><G47/><T40/><D103/><U4/><E4/><V27/><F27/><W74/><G133/><T65/><D65/><U39/><E6/><V33/><F33/><W59/><G23/><T120/><D120/><U112/><E39/><V95/><F95/><W11/><G11/><T85/><D3/><U36/><E36/><V88/><F13/><W26/><G35/><T29/><D85/><U91/><E112/><V109/><F109/><W61/><G61/><T135/><D135/><U116/><E116/><V46/><AGARI ba="0,0" hai="22,24,31,46,49,52,53,54,80,86,88,94,97,102" machi="46" ten="20,8000,1" yaku="0,1,7,1,8,1,54,2" doraHai="10" who="2" fromWho="2" sc="232,-40,250,-20,333,80,185,-20" /><INIT seed="5,0,0,3,3,77" ten="192,230,413,165" oya="1" hai0="21,125,29,51,48,44,19,100,16,12,133,130,82" hai1="70,55,87,118,11,15,63,46,61,83,123,18,17" hai2="5,66,111,3,78,45,54,50,75,128,37,131,49" hai3="65,105,2,47,113,84,132,14,74,129,58,35,114"/><U24/><E123/><V94/><F111/><W26/><G74/><T56/><D125/><U96/><E118/><V69/><F94/><W81/><G2/><T85/><D133/><U7/><E96/><V60/><F49/><W117/><G132/><T134/><D134/><U42/><E70/><V102/><F102/><W62/><G117/><T32/><D32/><U86/><E86/><V80/><F37/><W53/><G105/><T34/><D34/><U64/><E64/><V1/><F5/><W90/><G129/><AGARI ba="0,0" hai="1,3,45,50,54,60,66,69,75,78,80,128,129,131" machi="129" ten="40,2600,0" yaku="19,1,52,1" doraHai="77" who="2" fromWho="3" sc="192,0,230,0,413,26,165,-26" /><INIT seed="6,0,0,4,1,63" ten="192,230,439,139" oya="2" hai0="7,92,122,129,58,40,102,110,28,118,26,48,23" hai1="55,124,19,116,78,17,106,89,119,115,52,88,29" hai2="8,82,43,76,34,33,68,80,71,45,125,64,61" hai3="15,14,123,50,54,32,13,84,96,128,44,10,38"/><V94/><F125/><W51/><G123/><T93/><D122/><U91/><E124/><V95/><F71/><W131/><G38/><T57/><D110/><U59/><E115/><V100/><F82/><W22/><G32/><T73/><D73/><U12/><E29/><V107/><F95/><W127/><G127/><T83/><D129/><U37/><E37/><N who="2" m="21743" /><F94/><W77/><G96/><N who="0" m="59655" /><D118/><U6/><E78/><V121/><F121/><W24/><G128/><T113/><D83/><U67/><E106/><V120/><F120/><W72/><G72/><T18/><D113/><U85/><E85/><V101/><F8/><W47/><G131/><T31/><D93/><U53/><E6/><V86/><F86/><W87/><G77/><T35/><D7/><U75/><E75/><N who="2" m="43039" /><F101/><W30/><REACH who="3" step="1"/><G10/><REACH who="3" ten="192,230,439,129" step="2"/><T70/><D35/><U108/><E119/><V66/><F100/><W2/><G2/><T79/><D79/><U27/><E116/><V42/><F33/><W90/><G90/><T130/><D130/><U36/><E36/><V25/><F34/><W1/><G1/><T81/><D40/><AGARI ba="0,1" hai="13,14,15,22,24,30,40,44,47,50,51,54,84,87" machi="40" ten="40,2600,0" yaku="1,1,8,1,53,0" doraHai="63" doraHaiUra="98" who="3" fromWho="0" sc="192,-26,230,0,439,0,129,36" /><INIT seed="7,0,0,0,2,2" ten="166,230,439,165" oya="3" hai0="52,38,104,61,49,94,112,12,17,79,63,68,76" hai1="15,29,115,37,18,16,32,75,44,82,106,22,80" hai2="1,70,56,123,7,133,3,130,131,24,100,54,126" hai3="23,110,92,6,45,27,102,35,74,31,73,58,132"/><W128/><G128/><T19/><D104/><U21/><E106/><V14/><F70/><W47/><G132/><T108/><D38/><U60/><E115/><V83/><F133/><W20/><G110/><T57/><D108/><U0/><E0/><V42/><F126/><W26/><G35/><T33/><D33/><U66/><E75/><V34/><F123/><W93/><G58/><N who="0" m="33039" /><D68/><U117/><E117/><V55/><F100/><W120/><G120/><T13/><D63/><U119/><E119/><V121/><F121/><W87/><G102/><T107/><D107/><U122/><E122/><V36/><F83/><W109/><G109/><T39/><D39/><U129/><E129/><N who="2" m="49163" /><F54/><W25/><G25/><T62/><D62/><U135/><E135/><V5/><F14/><N who="0" m="5738" /><D112/><U9/><E32/><V86/><F86/><W43/><G87/><T125/><D125/><U114/><E114/><V78/><F78/><N who="0" m="29738" /><D94/><U99/><E37/><V113/><F1/><W8/><G8/><T65/><AGARI ba="0,0" hai="17,19,57,61,65" m="29738,5738,33039" machi="65" ten="30,2000,0" yaku="8,1,54,1" doraHai="2" who="0" fromWho="0" sc="166,20,230,-5,439,-5,165,-10" owari="186,-21.0,225,3.0,434,52.0,155,-34.0" /></mjloggm>