<mjloggm ver="2.3"><GO type="169" lobby="0"/><UN n0="%E3%83%88%E3%83%88%E3%83%AA%E5%85%88%E7%94%9F%31%39%E6%AD%B3" n1="%E5%BE%8C%E8%97%A4%E4%BF%A1%E5%BA%B7" n2="%E3%81%A4%E3%81%8D%E3%82%92%E3%81%8F%E3%81%A0%E3%81%95%E3%81%84" n3="%7A%65%52%6F" dan="19,16,16,18" rate="2305.24,2015.55,2082.14,2185.12" sx="F,M,F,M"/><TAIKYOKU oya="0"/><INIT seed="0,0,0,1,4,80" ten="250,250,250,250" oya="0" hai0="86,129,93,135,87,35,43,99,22,91,111,23,127" hai1="18,81,63,55,122,10,130,90,79,85,49,73,71" hai2="125,36,11,77,14,31,121,3,115,98,75,54,44" hai3="89,51,17,50,74,64,92,58,123,128,97,4,16"/><T26/><D129/><U1/><E130/><V0/><F121/><W112/><G112/><T56/><D135/><U133/><E133/><V101/><F125/><W72/><G128/><T29/><D127/><U88/><E122/><V82/><F31/><W62/><G123/><T8/><D111/><U9/><E1/><V66/><F66/><W84/><G72/><T116/><D116/><U65/><E18/><N who="3" m="7274" /><G74/><T6/><D43/><U28/><E28/><V24/><F24/><W59/><G4/><T46/><D46/><U38/><E38/><V25/><F25/><W96/><G59/><T39/><D39/><U53/><E90/><V131/><F115/><W47/><G51/><T2/><REACH who="0" step="1"/><D56/><REACH who="0" ten="240,250,250,250" step="2"/><U104/><E71/><V34/><F131/><W118/><G118/><T107/><D107/><U67/><E104/><V105/><F36/><W32/><G32/><T48/><D48/><U134/><E134/><V83/><F34/><W78/><G78/><T109/><D109/><U68/><E79/><V94/><F44/><W60/><G62/><T61/><D61/><U70/><E70/><V132/><F132/><W45/><G47/><T103/><D103/><U119/><E119/><V27/><F105/><W33/><G33/><T41/><D41/><AGARI ba="0,1" hai="41,45,50,58,60,64,84,89,92,96,97" m="7274" machi="41" ten="30,3900,0" yaku="8,1,52,1,54,1" doraHai="80" who="3" fromWho="0" sc="240,-39,250,0,250,0,250,49" /><INIT seed="1,0,0,4,0,30" ten="201,250,250,299" oya="1" hai0="117,111,89,48,41,128,3,108,6,36,38,98,118" hai1="127,63,62,55,122,133,66,42,29,26,99,15,91" hai2="110,123,45,51,32,126,90,12,94,50,22,64,130" hai3="83,68,96,125,7,21,39,87,81,44,0,100,5"/><U131/><E122/><V58/><F123/><W132/><G68/><T120/><D120/><U20/><E42/><V113/><F130/><W60/><G125/><T40/><D98/><U56/><E131/><V121/><F126/><W8/><G132/><T72/><D6/><U103/><E133/><V1/><F1/><W24/><G7/><T80/><D80/><U119/><E119/><N who="0" m="45577" /><D89/><U43/><E43/><N who="0" m="16457" /><D3/><U37/><E37/><N who="0" m="14441" /><D72/><U73/><E73/><V61/><F121/><W49/><G39/><T70/><D128/><U76/><E76/><V9/><F113/><W116/><G116/><T47/><D70/><U53/><E127/><V17/><F110/><N who="0" m="42026" /><D48/><U65/><E91/><V115/><F51/><W84/><G60/><T102/><D47/><U18/><E62/><V129/><F129/><W71/><G71/><T79/><D79/><U59/><E59/><V86/><F115/><W34/><G83/><T135/><D135/><U10/><REACH who="1" step="1"/><E66/><REACH who="1" ten="201,240,250,299" step="2"/><V23/><REACH who="2" step="1"/><F32/><REACH who="2" ten="201,240,240,299" step="2"/><W95/><G34/><T105/><D102/><U57/><E57/><V4/><F4/><W25/><G100/><T88/><D88/><U107/><AGARI ba="0,2" hai="10,15,18,20,26,29,53,55,56,63,65,99,103,107" machi="107" ten="20,7800,0" yaku="1,1,0,1,7,1,53,1" doraHai="30" doraHaiUra="14" who="1" fromWho="1" sc="201,-26,240,98,240,-26,299,-26" /><INIT seed="1,1,0,1,1,76" ten="175,338,214,273" oya="1" hai0="30,111,8,102,27,55,31,28,37,73,110,106,25" hai1="65,60,81,108,12,117,85,91,89,126,62,53,32" hai2="123,70,26,5,101,24,14,16,75,29,57,0,42" hai3="10,124,45,6,2,46,68,133,19,41,52,92,59"/><U122/><E117/><V109/><F70/><W131/><G68/><T33/><D37/><U63/><E122/><V54/><F123/><W120/><G120/><T35/><D73/><U61/><E32/><N who="0" m="12361" /><D55/><U49/><E126/><V39/><F75/><W34/><G124/><T129/><D102/><U104/><E104/><V7/><F101/><W72/><G34/><T44/><D44/><U87/><E12/><V40/><F109/><N who="0" m="41482" /><D106/><U115/><E115/><V56/><F29/><W43/><G72/><T116/><D116/><U105/><E105/><V113/><F0/><W82/><G46/><T84/><D84/><U95/><E108/><V21/><F39/><W88/><G133/><T97/><D97/><U96/><E96/><V99/><F113/><W67/><G67/><T47/><D47/><U107/><E107/><V1/><F1/><W86/><G131/><T90/><D90/><U18/><E18/><V127/><F99/><W38/><G43/><N who="2" m="16425" /><F56/><W4/><G19/><T13/><D129/><U64/><E63/><V50/><F127/><W15/><G2/><T98/><D98/><U66/><E66/><V23/><F23/><W112/><G112/><T11/><D11/><U78/><E78/><V77/><F77/><W93/><G6/><AGARI ba="1,0" hai="6,8,13,25,27,28,30,31" m="41482,12361" machi="6" ten="40,5200,0" yaku="14,1,34,2" doraHai="76" who="0" fromWho="3" sc="175,55,338,0,214,0,273,-55" /><AGARI ba="1,0" hai="5,6,7,14,16,21,24,26,50,54,57" m="16425" machi="6" ten="30,2000,0" yaku="8,1,54,1" doraHai="76" who="2" fromWho="3" sc="230,0,338,0,214,20,218,-20" /><INIT seed="2,0,0,3,2,53" ten="230,338,234,198" oya="2" hai0="40,13,4,124,91,108,69,129,28,134,80,12,49" hai1="78,15,20,102,59,60,130,74,3,45,62,116,70" hai2="90,32,35,47,84,6,121,111,43,127,67,46,16" hai3="112,68,97,113,120,55,117,98,101,109,9,27,93"/><V87/><F121/><W2/><G117/><T94/><D69/><U132/><E116/><V118/><F118/><W99/><G120/><T125/><D108/><U114/><E114/><N who="3" m="44138" /><G109/><T85/><D129/><U128/><E3/><V123/><F6/><N who="3" m="1239" /><G68/><T73/><D134/><U23/><E132/><V48/><F111/><W135/><G135/><T63/><D28/><U119/><E119/><V110/><F67/><W5/><G5/><T8/><D63/><U37/><E70/><V65/><F65/><W36/><G36/><T14/><D40/><U103/><E37/><V104/><F104/><W24/><G55/><T131/><D49/><U11/><E45/><V17/><F127/><N who="0" m="48714" /><D131/><U64/><E64/><V81/><F123/><W44/><G44/><T57/><D57/><U86/><E59/><V30/><F87/><W83/><G83/><T66/><D66/><U52/><E86/><V38/><F110/><W105/><G99/><N who="0" m="57823" /><D73/><U31/><E74/><V82/><F81/><W71/><G71/><T50/><D50/><U33/><E130/><V77/><F77/><AGARI ba="0,0" hai="4,8,12,13,14,77,80,85" m="57823,48714" machi="77" ten="30,1000,0" yaku="18,1" doraHai="53" who="0" fromWho="2" sc="230,10,338,0,234,-10,198,0" /><INIT seed="3,0,0,4,0,133" ten="240,338,224,198" oya="3" hai0="98,104,96,106,77,50,25,97,87,12,15,42,129" hai1="116,75,9,121,29,11,14,132,20,89,103,128,61" hai2="125,88,18,52,81,10,70,73,55,82,51,6,80" hai3="68,64,33,131,119,56,69,110,13,86,49,23,65"/><W84/><G119/><T112/><D129/><U113/><E132/><V24/><F70/><W117/><G117/><T101/><D112/><U30/><E128/><V83/><F125/><W19/><G131/><T58/><D25/><U100/><E113/><V2/><F73/><W94/><G33/><T130/><D130/><U107/><E116/><V32/><F55/><N who="3" m="31855" /><G69/><T59/><D104/><U78/><E107/><V120/><F120/><W36/><G36/><T28/><D28/><U124/><E124/><V5/><F5/><W74/><G74/><T114/><D101/><U16/><E121/><V38/><F38/><W91/><G68/><T126/><D106/><U63/><E75/><V43/><F43/><W71/><G71/><T108/><D108/><U54/><E54/><V31/><F18/><W115/><G115/><T90/><D77/><U48/><E78/><V99/><F99/><N who="0" m="37962" /><D126/><U4/><E48/><V109/><F109/><W76/><G110/><T35/><D98/><U46/><E89/><V111/><F111/><W72/><G72/><T41/><D35/><U105/><E105/><V60/><F60/><W39/><G39/><T66/><D114/><U67/><E63/><V1/><F1/><W118/><G118/><T92/><D59/><U7/><E61/><V44/><REACH who="2" step="1"/><F80/><AGARI ba="0,0" hai="13,19,23,64,65,76,80,84,86,91,94" m="31855" machi="80" ten="30,2900,0" yaku="25,1,8,1" doraHai="133" who="3" fromWho="2" sc="240,0,338,0,224,-29,198,29" /><INIT seed="3,1,0,3,5,56" ten="240,338,195,227" oya="3" hai0="6,76,43,63,37,120,0,126,71,21,134,4,69" hai1="64,2,59,78,94,113,66,22,77,128,82,112,50" hai2="34,39,18,100,108,32,107,73,17,87,70,48,15" hai3="33,92,91,98,16,52,131,8,53,114,46,20,88"/><W124/><G114/><T36/><D120/><U54/><E2/><V26/><F39/><W49/><G33/><T115/><D115/><U119/><E112/><V95/><F73/><W96/><G124/><T79/><D21/><U133/><E113/><V93/><F70/><W61/><G131/><T106/><D0/><U117/><E128/><V89/><F108/><W65/><G8/><T103/><D103/><U130/><E130/><V7/><F7/><W47/><G65/><T101/><D101/><U44/><E133/><V19/><F107/><W38/><G38/><T9/><D9/><U90/><E22/><V28/><F48/><N who="3" m="28695" /><G61/><T123/><D106/><U97/><E44/><V45/><F45/><W62/><G62/><T122/><D63/><U31/><E31/><V42/><F42/><W72/><G72/><T74/><D74/><U12/><E119/><V83/><F34/><W109/><G109/><T25/><D43/><U55/><E117/><V75/><F75/><W85/><G91/><T127/><D134/><U60/><E82/><V13/><F100/><W102/><G102/><T24/><AGARI ba="1,0" hai="4,6,24,25,36,37,69,71,76,79,122,123,126,127" machi="24" ten="25,3200,0" yaku="0,1,22,2" doraHai="56" who="0" fromWho="0" sc="240,35,338,-9,195,-9,227,-17" /><INIT seed="4,0,0,3,0,42" ten="275,329,186,210" oya="0" hai0="0,39,31,109,76,83,12,62,110,132,57,127,63" hai1="117,90,43,46,51,74,64,79,72,15,5,118,48" hai2="99,89,81,106,19,78,37,96,68,101,53,85,49" hai3="102,36,6,23,104,77,27,86,134,107,10,61,128"/><T103/><D0/><U124/><E124/><V26/><F68/><W120/><G36/><T1/><D1/><U7/><E64/><V40/><F37/><W66/><G134/><T30/><D132/><U58/><E90/><V28/><F40/><W112/><G112/><T55/><D39/><U38/><E38/><V11/><F96/><W133/><G133/><T131/><D127/><U125/><E125/><V111/><F111/><N who="0" m="42506" /><D131/><U100/><E100/><V94/><F11/><W116/><G116/><T22/><D103/><U82/><E72/><V8/><F8/><W3/><G128/><T60/><D12/><U130/><E130/><V108/><F19/><W129/><G129/><T2/><D2/><U119/><E15/><V13/><F13/><W54/><G120/><T84/><D22/><U18/><E18/><V71/><F71/><W75/><G75/><T47/><D47/><U88/><E88/><V52/><F49/><AGARI ba="0,0" hai="30,31,49,55,57,60,62,63,76,83,84" m="42506" machi="49" ten="30,1500,0" yaku="10,1" doraHai="42" who="0" fromWho="2" sc="275,15,329,0,186,-15,210,0" /><INIT seed="4,1,0,4,1,48" ten="290,329,171,210" oya="0" hai0="77,20,44,42,107,9,67,30,131,35,118,68,88" hai1="56,121,24,41,99,3,90,114,86,60,33,89,133" hai2="70,117,125,16,25,94,84,85,96,73,47,116,53" hai3="50,8,23,66,7,58,129,101,135,0,69,19,14"/><T130/><D118/><N who="2" m="45674" /><F73/><W83/><G135/><T128/><D107/><U22/><E133/><V123/><F70/><W113/><G129/><T52/><D77/><U10/><E121/><V29/><F29/><W57/><G113/><T6/><D35/><U31/><E114/><V61/><F125/><W54/><G101/><T81/><D67/><U26/><E41/><V65/><F65/><W43/><G43/><T4/><D68/><U63/><E3/><V112/><F47/><W109/><G109/><T28/><D20/><U13/><E99/><V64/><F64/><W122/><G122/><T92/><D81/><U72/><E72/><V97/><F97/><W51/><G83/><T124/><D124/><U71/><E71/><V98/><F98/><W115/><G115/><T36/><D28/><U106/><E106/><V126/><F126/><W40/><G69/><T59/><D30/><U80/><E33/><V18/><F18/><W17/><G17/><T132/><D9/><U134/><E24/><V55/><F61/><W21/><G21/><T27/><D27/><U38/><E134/><V127/><F127/><W75/><G75/><T5/><D132/><U119/><E119/><V110/><F110/><W37/><G37/><T102/><D102/><U93/><E38/><V105/><F105/><W79/><G79/><T1/><D1/><U103/><E103/><N who="2" m="60823" /><F123/><W11/><G23/><T120/><D120/><U62/><E93/><V100/><F100/><W111/><G111/><T87/><D5/><N who="1" m="3279" /><E90/><V15/><F112/><W34/><G34/><T45/><D45/><U39/><E39/><RYUUKYOKU ba="1,0" sc="290,15,329,15,171,-15,210,-15" hai0="4,6,36,42,44,52,59,87,88,92,128,130,131" hai1="22,26,31,56,60,62,63,80,86,89" /><INIT seed="4,2,0,1,5,61" ten="305,344,156,195" oya="0" hai0="57,127,134,56,35,70,128,40,6,114,44,110,118" hai1="64,106,103,82,104,36,97,79,26,131,133,65,42" hai2="78,67,81,50,112,25,99,30,100,107,71,111,53" hai3="80,95,34,122,10,98,27,29,120,21,22,113,124"/><T49/><D35/><U91/><E36/><V4/><F4/><W0/><G80/><T39/><D6/><U75/><E42/><V108/><F112/><W7/><G113/><T54/><D114/><U102/><E133/><V1/><F1/><W105/><G105/><T90/><D118/><U9/><E131/><V8/><F8/><W84/><G84/><T33/><D33/><U73/><E9/><V94/><F94/><W51/><G51/><T116/><D116/><U101/><E73/><V76/><F76/><W119/><G119/><T32/><D32/><U62/><E91/><V13/><F13/><W58/><G58/><T117/><D117/><U31/><E64/><V59/><F81/><W115/><G115/><T2/><D2/><U66/><E66/><V45/><F45/><W23/><REACH who="3" step="1"/><G124/><REACH who="3" ten="305,344,156,185" step="2"/><T19/><D127/><U20/><E106/><V83/><F83/><W123/><G123/><T85/><D56/><AGARI ba="2,1" hai="20,26,31,56,62,65,75,79,82,97,101,102,103,104" machi="56" ten="30,2000,0" yaku="7,1,52,1" doraHai="61" who="1" fromWho="0" sc="305,-26,344,36,156,0,185,0" /><INIT seed="5,0,0,1,1,103" ten="279,380,156,185" oya="1" hai0="43,70,24,18,116,6,111,109,8,78,32,86,62" hai1="65,21,127,75,123,55,5,41,49,37,124,120,35" hai2="47,73,46,85,36,76,53,68,114,112,12,121,15" hai3="125,59,40,122,27,134,2,50,89,84,133,30,90"/><U128/><E35/><V63/><F121/><W42/><G122/><T51/><D116/><U14/><E75/><V7/><F73/><W93/><G2/><T34/><D70/><U69/><E123/><V79/><F68/><W60/><G125/><N who="1" m="48202" /><E120/><V87/><F63/><W57/><G90/><T135/><D62/><N who="1" m="40119" /><E5/><V44/><F53/><W22/><G59/><T117/><D86/><N who="2" m="32778" /><F36/><W58/><G58/><T20/><D51/><U25/><E14/><N who="2" m="5163" /><F7/><W100/><G100/><T98/><D78/><AGARI ba="0,0" hai="44,46,47,76,78,79,112,114" m="5163,32778" machi="78" ten="40,2600,0" yaku="28,2" doraHai="103" who="2" fromWho="0" sc="279,-26,380,0,156,26,185,0" /><INIT seed="6,0,0,2,5,53" ten="253,380,182,185" oya="2" hai0="33,124,89,129,108,38,66,4,83,82,90,125,29" hai1="85,20,97,80,67,42,81,55,104,5,70,47,16" hai2="121,65,61,78,79,131,23,77,43,36,9,49,40" hai3="58,73,134,44,86,84,71,48,92,110,135,21,46"/><V122/><F131/><W18/><G110/><T107/><D108/><U103/><E5/><V59/><F36/><W54/><G73/><T31/><D107/><U109/><E109/><V52/><F9/><W22/><G71/><T11/><D38/><U3/><E3/><V114/><F114/><W119/><G119/><T28/><D33/><U112/><E112/><V19/><F122/><W34/><G34/><T74/><D66/><U95/><E67/><V72/><F72/><W26/><G22/><T32/><D32/><U115/><E70/><V0/><F0/><W35/><G35/><T96/><D129/><U75/><E115/><V117/><F117/><W113/><G113/><T76/><D96/><U98/><E75/><V51/><F51/><W68/><G68/><T56/><D56/><U87/><E55/><V99/><F99/><W102/><G102/><T6/><D83/><U1/><E1/><V116/><F116/><W45/><REACH who="3" step="1"/><G92/><REACH who="3" ten="253,380,182,175" step="2"/><T127/><D11/><U60/><E95/><V118/><F118/><W132/><AGARI ba="0,1" hai="18,21,26,44,45,46,48,54,58,84,86,132,134,135" machi="132" ten="40,8000,1" yaku="1,1,2,1,0,1,20,1,52,1,53,0" doraHai="53" doraHaiUra="39" who="3" fromWho="3" sc="253,-20,380,-20,182,-40,175,90" /><INIT seed="7,0,0,3,4,75" ten="233,360,142,265" oya="3" hai0="7,18,100,45,82,39,59,49,131,102,81,65,70" hai1="12,51,76,9,101,128,13,113,14,99,27,20,30" hai2="62,134,23,123,135,24,122,110,29,116,37,32,108" hai3="35,10,107,104,91,85,98,112,36,28,42,133,89"/><W109/><G112/><T25/><D131/><U79/><E113/><V84/><F37/><W96/><G133/><N who="2" m="50697" /><F84/><W111/><G10/><T16/><D70/><U88/><E128/><V31/><F62/><W38/><G28/><N who="2" m="10825" /><F32/><W53/><G35/><T0/><D39/><U87/><E9/><V1/><F1/><W44/><G85/><T118/><D0/><U126/><E126/><V6/><F6/><W77/><G42/><N who="0" m="24759" /><D118/><U67/><E67/><V83/><F83/><N who="0" m="31754" /><D7/><U78/><E87/><V4/><F4/><W117/><G117/><T58/><D16/><U66/><E66/><V69/><F69/><W93/><G38/><T8/><D65/><U40/><E101/><N who="0" m="39017" /><D25/><U121/><E121/><N who="2" m="46091" /><F116/><W97/><G36/><T64/><D64/><U68/><E68/><V43/><F43/><W46/><G97/><T5/><D5/><U73/><E73/><V94/><F94/><W72/><G93/><T124/><D124/><U92/><E40/><V19/><AGARI ba="0,0" hai="19,23,24,108,110" m="46091,10825,50697" machi="19" ten="40,8000,1" yaku="20,1,13,1,34,2" doraHai="75" who="2" fromWho="2" sc="233,-20,360,-20,142,80,265,-40" owari="213,-29.0,340,44.0,222,-18.0,225,3.0" /></mjloggm>