<mjloggm ver="2.3"><GO type="169" lobby="0"/><UN n0="%E5%A4%A7%E8%A6%9A%E3%82%A2%E3%82%AD%E3%83%A9%E6%A7%98" n1="%E3%82%A6%E3%83%AB%E3%83%88%E3%83%A9%E7%AB%8B%E7%9B%B4" n2="%E3%82%84%E3%82%81%E3%81%A6%E3%81%91%E3%82%8C%EF%BC%94" n3="%E3%83%95%E3%83%AA%E3%83%86%E3%83%B3" dan="16,18,16,18" rate="2092.77,2229.13,2108.17,2281.12" sx="M,M,F,M"/><TAIKYOKU oya="0"/><INIT seed="0,0,0,2,3,29" ten="250,250,250,250" oya="0" hai0="62,53,119,76,0,46,28,104,31,49,54,12,33" hai1="36,68,90,93,17,57,110,84,2,85,55,114,115" hai2="69,38,39,64,133,25,82,60,19,27,92,118,6" hai3="67,109,32,41,26,70,89,21,126,15,8,24,103"/><T94/><D119/><U5/><E68/><V116/><F133/><W88/><G109/><T131/><D0/><U86/><E36/><V52/><F6/><W100/><G126/><T20/><D104/><U34/><E110/><V129/><F129/><W77/><G77/><T83/><D131/><U10/><E17/><V40/><F82/><W43/><G67/><T113/><D113/><U96/><REACH who="1" step="1"/><E34/><REACH who="1" ten="250,240,250,250" step="2"/><V102/><F19/><W132/><G70/><T44/><D33/><U16/><E16/><V65/><F39/><W63/><G32/><T58/><D31/><U59/><E59/><V7/><F116/><W121/><G132/><T13/><D28/><U66/><E66/><V23/><F65/><W122/><G21/><T81/><D20/><U97/><E97/><V111/><F23/><W3/><G8/><T80/><D44/><U35/><E35/><V51/><F111/><W87/><G121/><T124/><D124/><U117/><E117/><V37/><F118/><W99/><G122/><T56/><D56/><U45/><E45/><V108/><F108/><W61/><G99/><T78/><D78/><U50/><AGARI ba="0,1" hai="2,5,10,50,55,57,84,85,86,90,93,96,114,115" machi="50" ten="30,2000,0" yaku="1,1,0,1,53,0" doraHai="29" doraHaiUra="14" who="1" fromWho="1" sc="250,-10,240,30,250,-5,250,-5" /><INIT seed="1,0,0,5,2,125" ten="240,270,245,245" oya="1" hai0="114,86,68,131,76,107,116,113,66,33,115,18,30" hai1="11,61,63,57,132,134,70,4,124,41,58,12,52" hai2="82,133,122,65,39,102,84,42,83,3,130,67,89" hai3="78,123,96,105,121,80,118,97,92,109,26,9,17"/><U111/><E70/><V100/><F122/><W43/><G109/><T110/><D116/><U10/><E124/><V104/><F3/><W27/><G118/><T108/><D107/><U99/><E111/><N who="0" m="42537" /><D68/><U126/><E126/><V60/><F133/><W40/><G105/><T56/><D33/><U13/><E99/><V81/><F67/><W21/><G9/><T7/><D30/><U112/><E41/><V69/><F104/><W74/><G97/><T37/><D37/><U29/><E29/><V46/><REACH who="2" step="1"/><F130/><REACH who="2" ten="240,270,235,245" step="2"/><W93/><G123/><T47/><D131/><U28/><E112/><V101/><AGARI ba="0,1" hai="39,42,46,60,65,69,81,82,83,84,89,100,101,102" machi="101" ten="30,4000,0" yaku="1,1,2,1,0,1,53,0" doraHai="125" doraHaiUra="1" who="2" fromWho="2" sc="240,-10,270,-20,235,50,245,-10" /><INIT seed="2,0,0,0,1,5" ten="230,250,285,235" oya="2" hai0="76,108,105,65,135,126,116,0,3,36,25,31,118" hai1="72,4,88,109,107,83,102,115,132,96,50,70,97" hai2="131,71,130,33,62,129,8,18,56,114,58,35,120" hai3="127,84,21,125,75,23,82,46,68,61,47,123,9"/><V103/><F120/><W110/><G110/><T94/><D105/><U14/><E70/><V40/><F114/><W77/><G123/><T87/><D36/><U99/><E115/><V69/><F103/><W124/><G75/><T121/><D121/><U28/><E109/><V26/><F40/><W119/><G119/><N who="0" m="45611" /><D108/><U60/><E132/><V106/><F106/><W67/><REACH who="3" step="1"/><G9/><REACH who="3" ten="230,250,285,225" step="2"/><T22/><D135/><U34/><E72/><V54/><F8/><W112/><G112/><T66/><D126/><U53/><E107/><V80/><F129/><W133/><G133/><T55/><D0/><U19/><E99/><V79/><F130/><W104/><G104/><T85/><D3/><U27/><E97/><V30/><F131/><W43/><G43/><T44/><D76/><U6/><E96/><V13/><F79/><W111/><G111/><T113/><D113/><U45/><E102/><V74/><F74/><W12/><G12/><T1/><D1/><U37/><E37/><V91/><F13/><W17/><G17/><T32/><D31/><U86/><E60/><V48/><F18/><W41/><G41/><T98/><D98/><U15/><E15/><V128/><F128/><W39/><G39/><T59/><D25/><U92/><REACH who="1" step="1"/><E92/><REACH who="1" ten="230,240,285,225" step="2"/><V89/><F62/><W57/><G57/><T64/><D59/><U7/><E7/><V78/><F58/><W52/><G52/><T49/><D55/><U134/><E134/><V11/><F69/><W16/><G16/><T51/><D94/><U81/><E81/><V24/><F71/><W63/><G63/><T20/><D85/><RYUUKYOKU ba="0,2" sc="230,-15,240,15,285,-15,225,15" hai1="4,6,14,19,27,28,34,45,50,53,83,86,88" hai3="21,23,46,47,61,67,68,77,82,84,124,125,127" /><INIT seed="3,1,2,0,0,97" ten="215,255,270,240" oya="3" hai0="25,63,31,21,6,83,14,2,60,1,66,9,98" hai1="20,55,45,86,87,116,125,43,70,103,119,56,30" hai2="115,75,128,29,13,16,81,32,73,59,133,64,58" hai3="77,95,24,122,38,65,41,111,102,8,96,124,107"/><W22/><G122/><T94/><D83/><U33/><E33/><V27/><F115/><W57/><G124/><T28/><D28/><U126/><E70/><V0/><F0/><W47/><G111/><T85/><D85/><N who="1" m="32267" /><E103/><V4/><F4/><W76/><G107/><T100/><REACH who="0" step="1"/><D60/><REACH who="0" ten="205,255,270,240" step="2"/><N who="1" m="35871" /><E30/><V35/><F29/><N who="3" m="17559" /><G8/><T12/><D12/><U11/><E11/><V135/><F13/><W88/><G88/><T112/><D112/><U10/><E10/><V93/><F35/><W79/><G79/><T132/><D132/><U118/><E20/><V84/><F32/><W36/><G38/><AGARI ba="1,3" hai="38,43,45,116,118,119,125,126" m="35871,32267" machi="38" ten="40,1300,0" yaku="12,1" doraHai="97" who="1" fromWho="3" sc="205,0,255,46,270,0,240,-16" /><INIT seed="4,0,0,5,3,41" ten="205,301,270,224" oya="0" hai0="9,71,132,29,46,23,126,113,3,15,42,115,87" hai1="2,0,112,93,84,122,101,121,69,105,43,85,38" hai2="22,35,51,128,86,68,67,107,14,49,12,131,134" hai3="102,72,58,63,57,114,6,117,118,77,55,95,21"/><T53/><D71/><U94/><E69/><V108/><F35/><W52/><G114/><T10/><D132/><U81/><E43/><V79/><F134/><W111/><G111/><T65/><D65/><U61/><E61/><V32/><F32/><W7/><G72/><T54/><D126/><U36/><E81/><V129/><F107/><W97/><G77/><T70/><D70/><U56/><E56/><V100/><F100/><W90/><G117/><T135/><D135/><U1/><E101/><V48/><F108/><W103/><G118/><T24/><D87/><N who="1" m="33355" /><E105/><V125/><F125/><W82/><G82/><T96/><D96/><U20/><E20/><V99/><F99/><W28/><G102/><T62/><D3/><U27/><E27/><V78/><F86/><W75/><G103/><T39/><D9/><U16/><E16/><N who="2" m="10503" /><F14/><W4/><G75/><T60/><D60/><AGARI ba="0,0" hai="48,49,51,60,67,68,78,79,128,129,131" m="10503" machi="60" ten="40,2600,0" yaku="19,1,54,1" doraHai="41" who="2" fromWho="0" sc="205,-26,301,0,270,26,224,0" /><INIT seed="5,0,0,5,2,26" ten="179,301,296,224" oya="1" hai0="68,27,71,131,36,5,50,134,102,74,103,121,45" hai1="34,10,77,86,87,2,12,40,58,46,101,115,112" hai2="51,63,124,20,53,98,66,54,84,52,95,111,32" hai3="1,96,81,28,6,120,47,44,80,14,35,127,65"/><U3/><E101/><V13/><F32/><W75/><G120/><T8/><D74/><U22/><E22/><V105/><F111/><W49/><G1/><T67/><D131/><U125/><E58/><N who="2" m="37239" /><F105/><W76/><G127/><T133/><D121/><U114/><E34/><V59/><F124/><W122/><G122/><T135/><D27/><U31/><E31/><V42/><F42/><W93/><G65/><T132/><N who="0" m="33792" /><DORA hai="108" /><T70/><D36/><N who="1" m="21767" /><E125/><V56/><F84/><N who="1" m="32297" /><E77/><V29/><F51/><W17/><G80/><T123/><D67/><U18/><AGARI ba="0,0" hai="2,3,10,12,18,112,114,115" m="32297,21767" machi="18" ten="40,12000,1" yaku="15,1,52,3" doraHai="26,108" who="1" fromWho="1" sc="179,-40,301,120,296,-40,224,-40" /><INIT seed="5,1,0,5,1,17" ten="139,421,256,184" oya="1" hai0="30,133,59,109,34,4,100,61,43,10,102,23,7" hai1="77,38,134,105,13,51,68,126,122,0,28,71,41" hai2="76,6,117,24,21,15,89,46,130,31,98,37,67" hai3="95,5,56,112,85,127,1,107,16,40,32,87,123"/><U70/><E0/><V121/><F121/><W74/><G123/><T3/><D109/><U27/><E38/><V92/><F117/><W29/><G107/><T69/><D69/><U90/><E122/><V104/><F130/><W22/><G74/><T57/><D133/><U42/><E77/><V129/><F129/><W79/><G112/><T113/><D43/><U118/><E118/><V82/><F67/><W39/><G79/><T131/><D131/><U99/><E134/><V11/><F104/><W66/><G95/><T44/><D113/><U19/><E51/><V65/><F65/><W54/><G66/><T93/><D44/><U73/><E73/><V53/><F37/><W110/><G127/><T55/><D7/><U58/><E58/><V119/><F119/><W12/><G40/><T9/><D9/><U84/><E99/><V86/><F46/><W48/><G39/><T94/><D34/><U78/><E78/><V20/><F53/><W25/><G110/><T132/><D132/><U115/><E105/><V8/><F8/><AGARI ba="1,0" hai="1,5,8,12,16,22,25,29,32,48,54,56,85,87" machi="8" ten="40,8000,1" yaku="24,2,52,1,54,1" doraHai="17" who="3" fromWho="2" sc="139,0,421,0,256,-83,184,83" /><INIT seed="6,0,0,3,5,17" ten="139,421,173,267" oya="2" hai0="95,6,78,60,120,22,51,113,94,42,112,118,41" hai1="8,70,57,74,71,127,109,104,24,64,80,114,40" hai2="59,97,18,122,68,72,44,132,50,107,14,85,96" hai3="102,53,37,21,32,52,134,105,62,98,7,103,125"/><V47/><F122/><W106/><G32/><T34/><D120/><U110/><E104/><V33/><F68/><W99/><G134/><T25/><D118/><U46/><E57/><V55/><F72/><W101/><G125/><T77/><D60/><U135/><E114/><N who="0" m="44137" /><D6/><U129/><E129/><V26/><F132/><W12/><G37/><T121/><D121/><U88/><E64/><V15/><F107/><W10/><G103/><T131/><D34/><U116/><E116/><V3/><F3/><W56/><REACH who="3" step="1"/><G21/><REACH who="3" ten="139,421,173,257" step="2"/><T1/><D131/><U128/><E127/><V75/><F33/><W126/><G126/><T5/><D77/><U65/><E128/><V45/><F26/><W19/><G19/><N who="0" m="12511" /><D78/><U92/><E24/><V73/><F15/><W66/><AGARI ba="0,1" hai="7,10,12,52,53,56,62,66,98,99,101,102,105,106" machi="66" ten="20,8000,1" yaku="1,1,0,1,7,1,9,1,54,1,53,0" doraHai="17" doraHaiUra="39" who="3" fromWho="3" sc="139,-20,421,-20,173,-40,257,90" /><INIT seed="7,0,0,2,1,10" ten="119,401,133,347" oya="3" hai0="117,128,48,66,92,112,18,29,0,118,79,70,65" hai1="21,106,125,60,87,59,35,7,76,132,33,82,80" hai2="54,49,28,2,122,68,110,85,115,95,113,93,88" hai3="50,11,51,53,61,135,58,84,123,71,131,91,77"/><W8/><G123/><T99/><D0/><U5/><E106/><V1/><F122/><W127/><G127/><T67/><D79/><U90/><E132/><V13/><F110/><W86/><G135/><T134/><D134/><U25/><E125/><V83/><F68/><W114/><G114/><N who="2" m="43529" /><F28/><W26/><G131/><T45/><D112/><U17/><E35/><V97/><F13/><W116/><G116/><T46/><D128/><U57/><E33/><V89/><F83/><N who="3" m="47215" /><G71/><T41/><D29/><U129/><E129/><V120/><F120/><W52/><G26/><T16/><D70/><U31/><E31/><V40/><F40/><W78/><G78/><T96/><D46/><AGARI ba="0,0" hai="1,2,46,49,54,85,88,89,93,95,97" m="43529" machi="46" ten="30,2000,0" yaku="15,1,54,1" doraHai="10" who="2" fromWho="0" sc="119,-20,401,0,133,20,347,0" owari="99,-40.0,401,50.0,153,-25.0,347,15.0" /></mjloggm>