<mjloggm ver="2.3"><GO type="169" lobby="0"/><UN n0="%E3%82%A6%E3%83%AB%E3%83%88%E3%83%A9%E7%AB%8B%E7%9B%B4" n1="%79%65%61%72%6C%69%67%68" n2="%6F%6B%64%77" n3="%43%61%70" dan="18,17,16,16" rate="2255.48,2165.14,2053.11,2096.26" sx="M,M,M,M"/><TAIKYOKU oya="0"/><INIT seed="0,0,0,0,5,60" ten="250,250,250,250" oya="0" hai0="73,109,101,6,104,108,98,49,97,2,130,25,22" hai1="63,118,96,107,17,74,129,125,54,13,32,42,45" hai2="67,16,57,31,121,89,76,92,43,134,26,114,91" hai3="24,88,135,52,14,53,84,77,79,71,116,44,68"/><T47/><D73/><U103/><E118/><V19/><F121/><W5/><G116/><T37/><D37/><U70/><E129/><V7/><F114/><W119/><G119/><T0/><D98/><U58/><E125/><V95/><F7/><W100/><G100/><T39/><D39/><U105/><E32/><V55/><F43/><W126/><G126/><T15/><D15/><U115/><E74/><V38/><F76/><W128/><G128/><T4/><D130/><U87/><E87/><V120/><F134/><W90/><G24/><T36/><D36/><U93/><E70/><V65/><F38/><W94/><G68/><T131/><D131/><U80/><E80/><V29/><F26/><W99/><G71/><T124/><D124/><U102/><E103/><V23/><F23/><W86/><G99/><T18/><D4/><U30/><E30/><N who="2" m="11275" /><F89/><W69/><G69/><T66/><D66/><N who="2" m="25098" /><F92/><W72/><G72/><T40/><REACH who="0" step="1"/><D6/><REACH who="0" ten="240,250,250,250" step="2"/><U78/><E107/><V20/><F120/><W61/><G5/><T48/><D48/><U111/><E105/><V64/><F64/><W113/><G113/><T51/><D51/><U133/><E115/><V11/><F11/><W117/><G117/><T59/><D59/><U127/><E58/><V35/><F35/><W1/><G14/><T27/><D27/><U112/><E13/><V3/><F20/><W56/><G56/><T34/><D34/><U83/><E127/><V12/><F12/><W85/><G85/><T28/><D28/><U9/><E112/><V122/><F122/><W41/><G84/><T10/><D10/><RYUUKYOKU ba="0,1" sc="240,30,250,-10,250,-10,250,-10" hai0="0,2,18,22,25,40,47,49,97,101,104,108,109" /><INIT seed="0,1,1,3,4,44" ten="270,240,240,240" oya="0" hai0="22,91,38,87,48,26,113,5,58,23,60,76,99" hai1="81,95,52,103,15,102,89,28,16,115,24,43,2" hai2="45,118,133,51,132,68,109,121,53,78,30,97,107" hai3="122,71,82,35,134,124,131,66,69,108,105,74,88"/><T90/><D38/><U114/><E2/><V20/><F121/><W46/><RYUUKYOKU type="yao9" ba="1,1" sc="270,0,240,0,240,0,240,0" hai3="35,46,66,69,71,74,82,88,105,108,122,124,131,134" /><INIT seed="0,2,1,1,3,110" ten="270,240,240,240" oya="0" hai0="103,68,128,32,21,69,73,132,89,106,70,24,123" hai1="105,58,120,87,13,131,56,12,61,96,22,9,84" hai2="99,25,7,76,10,130,92,30,97,126,113,59,33" hai3="77,40,53,124,102,16,79,122,85,19,72,104,49"/><T65/><D123/><U114/><E120/><V60/><F126/><W3/><G72/><T83/><D128/><U41/><E131/><V2/><F130/><W134/><G3/><T135/><D32/><U129/><E129/><V133/><F133/><N who="0" m="51274" /><D103/><U5/><E41/><V8/><F113/><W119/><G102/><T28/><D106/><U35/><E35/><V95/><F76/><W37/><G104/><T86/><D73/><U94/><E105/><V121/><F121/><W4/><G77/><T98/><D98/><U47/><E47/><V125/><F125/><W17/><G124/><T101/><D101/><N who="1" m="60567" /><E114/><V71/><F71/><W62/><G122/><T43/><D43/><U64/><E58/><V74/><F74/><W81/><G119/><T29/><D29/><U112/><E112/><V127/><F127/><W115/><G115/><T63/><AGARI ba="2,1" hai="21,24,28,63,65,68,69,70,83,86,89" m="51274" machi="63" ten="30,1500,0" yaku="20,1" doraHai="110" who="0" fromWho="0" sc="270,31,240,-7,240,-7,240,-7" /><INIT seed="0,3,0,1,3,53" ten="301,233,233,233" oya="0" hai0="71,97,125,78,82,12,89,106,100,66,1,87,115" hai1="40,112,81,65,5,34,92,95,77,117,16,6,13" hai2="64,132,9,57,67,42,48,55,60,113,134,129,10" hai3="41,116,19,111,79,30,110,126,99,131,56,122,4"/><T28/><D1/><U128/><E117/><V130/><F113/><W11/><G116/><T61/><D115/><U32/><E112/><V94/><F94/><W127/><G131/><N who="2" m="50185" /><F42/><W93/><G79/><T44/><D125/><N who="3" m="47625" /><G30/><T25/><D12/><U18/><E40/><V3/><F67/><W37/><G19/><T75/><D44/><U20/><E65/><V103/><F103/><W51/><G37/><T88/><REACH who="0" step="1"/><D75/><REACH who="0" ten="291,233,233,233" step="2"/><U73/><E128/><V108/><F108/><W21/><G122/><T124/><D124/><U102/><E73/><V133/><F3/><W68/><G111/><T70/><D70/><AGARI ba="3,1" hai="9,10,48,55,57,60,64,70,132,133,134" m="50185" machi="70" ten="40,5200,0" yaku="20,1,19,1,52,1" doraHai="53" who="2" fromWho="0" sc="291,-61,233,0,233,71,233,0" /><INIT seed="1,0,0,5,5,90" ten="230,233,304,233" oya="1" hai0="65,100,72,78,36,42,22,30,32,26,132,40,2" hai1="125,29,12,61,135,44,24,25,7,53,64,75,47" hai2="67,63,1,59,109,128,10,82,117,79,23,91,8" hai3="122,31,19,33,85,97,54,110,62,69,127,106,14"/><U123/><E75/><V76/><F117/><W73/><G73/><T112/><D112/><U81/><E123/><V89/><F109/><W119/><G122/><T21/><D132/><U108/><E135/><V113/><F128/><W92/><G110/><T11/><D65/><U131/><E131/><V71/><F113/><W60/><G127/><T0/><D100/><U28/><E125/><V18/><F71/><W48/><G106/><T74/><D32/><U56/><E81/><V88/><F1/><W20/><G69/><T15/><D15/><U84/><E84/><V87/><REACH who="2" step="1"/><F79/><REACH who="2" ten="230,233,294,233" step="2"/><W66/><G119/><T70/><D70/><U37/><E108/><V121/><F121/><W86/><G33/><T107/><D0/><U105/><E29/><V16/><F16/><W80/><G31/><T118/><D30/><U95/><E28/><V3/><F3/><W96/><G19/><T130/><D2/><U120/><E120/><V58/><F58/><W116/><G116/><T93/><D118/><U124/><E124/><V49/><F49/><W35/><G48/><T114/><D78/><U46/><E56/><V39/><F39/><W98/><G35/><T103/><D36/><U17/><E37/><V52/><F52/><W111/><G54/><T102/><D130/><U55/><E17/><V41/><F41/><W101/><G111/><T126/><D42/><U13/><E55/><V4/><F4/><W27/><G62/><T94/><D40/><U104/><E53/><V5/><F5/><W83/><G60/><T6/><D6/><U50/><E7/><V133/><F133/><RYUUKYOKU ba="0,1" sc="230,-10,233,-10,294,30,233,-10" hai2="8,10,18,23,59,63,67,76,82,87,88,89,91" /><INIT seed="2,1,1,5,0,22" ten="220,223,324,223" oya="2" hai0="76,9,68,65,117,93,125,105,55,54,3,130,71" hai1="15,39,126,85,83,88,101,74,113,4,57,41,112" hai2="47,52,32,95,26,86,63,98,35,2,10,66,124" hai3="0,34,62,110,7,108,64,61,87,132,104,72,49"/><V80/><F124/><W97/><G72/><T115/><D105/><U92/><E126/><V19/><F2/><W20/><G34/><T58/><D115/><U14/><E57/><V109/><F109/><W118/><G118/><T37/><D125/><U50/><E39/><V25/><F35/><W67/><G0/><T6/><D65/><U82/><E74/><V5/><F5/><W8/><G7/><T30/><D55/><U81/><E101/><N who="2" m="60639" /><F32/><W99/><G8/><T42/><D30/><U60/><E60/><V51/><F63/><W134/><G20/><T21/><D21/><U106/><E106/><V89/><F66/><W129/><G49/><N who="0" m="31055" /><D93/><U73/><E73/><V78/><F78/><W111/><G104/><T59/><D76/><U94/><E113/><V45/><F45/><W102/><G102/><T38/><D59/><U40/><E112/><V1/><F1/><W53/><G53/><T123/><D123/><U116/><E41/><V36/><F36/><W12/><G64/><T120/><D120/><U119/><E119/><V17/><F10/><W56/><G56/><T91/><D117/><U127/><E116/><V69/><F69/><W44/><G67/><T31/><D71/><U75/><E75/><V90/><F90/><W29/><G110/><T23/><D91/><N who="1" m="53359" /><E127/><V16/><AGARI ba="1,1" hai="16,17,19,25,26,47,51,52,80,86,89" m="60639" machi="16" ten="30,12000,1" yaku="8,1,52,2,54,2" doraHai="22" who="2" fromWho="2" sc="220,-41,223,-41,324,133,223,-41" /><INIT seed="2,2,0,5,3,122" ten="179,182,457,182" oya="2" hai0="73,39,111,13,126,28,36,70,9,95,2,25,45" hai1="17,108,130,52,121,14,0,78,64,90,1,50,10" hai2="26,53,8,37,60,110,77,35,117,92,4,65,133" hai3="61,20,51,96,54,115,86,106,99,59,129,29,128"/><V107/><F117/><W116/><G116/><T98/><D70/><U93/><E121/><V81/><F53/><W66/><G106/><T31/><D73/><U47/><E130/><N who="3" m="50282" /><G115/><T89/><D2/><U21/><E64/><V69/><F92/><W105/><G105/><T114/><D114/><U34/><E34/><V113/><F113/><W84/><G29/><T74/><D74/><U23/><E78/><V80/><F37/><W103/><G20/><T100/><D126/><U75/><E75/><N who="2" m="43071" /><F81/><W40/><G40/><T135/><D135/><U88/><E108/><V112/><F112/><W30/><G30/><T62/><D111/><U123/><E123/><V120/><F107/><N who="3" m="63975" /><G99/><T42/><D100/><U44/><E44/><AGARI ba="2,0" hai="44,51,54,59,61,66,84,86" m="63975,50282" machi="44" ten="30,1000,0" yaku="19,1" doraHai="122" who="3" fromWho="1" sc="179,0,182,-16,457,0,182,16" /><INIT seed="3,0,0,0,1,88" ten="179,166,457,198" oya="3" hai0="45,67,47,4,114,110,107,42,14,2,118,70,61" hai1="101,108,33,1,130,133,16,119,84,19,34,63,89" hai2="8,59,27,56,98,125,46,92,49,121,43,36,106" hai3="74,13,128,17,90,66,76,94,62,112,99,87,22"/><W9/><G112/><T40/><D14/><U11/><E108/><V0/><F106/><W52/><G128/><T35/><D35/><U127/><E130/><V131/><F131/><W20/><G74/><T18/><D18/><U39/><E39/><V95/><F125/><W129/><G129/><T86/><D86/><U15/><E127/><V85/><F121/><W71/><REACH who="3" step="1"/><G52/><REACH who="3" ten="179,166,457,188" step="2"/><T6/><D114/><U31/><E119/><V82/><F36/><W81/><AGARI ba="0,1" hai="9,13,17,20,22,62,66,71,76,81,87,90,94,99" machi="81" ten="30,12000,1" yaku="1,1,2,1,0,1,52,1,53,1" doraHai="88" doraHaiUra="93" who="3" fromWho="3" sc="179,-40,166,-40,457,-40,188,130" /><INIT seed="3,1,0,2,0,44" ten="139,126,417,318" oya="3" hai0="23,26,52,98,124,75,116,63,47,61,76,29,4" hai1="87,104,130,90,77,50,39,81,129,7,45,13,134" hai2="135,114,119,67,71,88,2,128,100,122,113,53,97" hai3="126,16,32,12,25,58,83,94,117,65,14,41,35"/><W106/><G106/><T33/><D116/><U34/><E34/><V15/><F2/><W1/><G1/><T11/><D124/><U84/><E104/><V133/><F119/><W8/><G117/><T54/><D75/><U93/><E39/><V102/><F128/><W85/><G41/><T96/><D76/><U86/><E134/><N who="2" m="51211" /><F122/><W3/><G3/><T112/><D33/><U51/><E87/><V5/><F67/><W68/><G68/><T9/><D112/><U69/><E69/><V43/><F71/><W72/><G72/><T127/><D127/><U18/><E7/><V19/><F5/><W92/><G32/><T120/><D120/><U36/><E36/><V24/><F24/><W70/><G70/><T101/><D4/><U62/><E62/><V66/><F66/><W125/><G125/><T73/><D73/><U108/><E108/><V20/><F53/><W49/><G25/><T38/><D38/><U37/><E37/><V48/><F100/><W105/><G35/><T31/><D26/><U30/><E30/><V28/><F102/><W132/><G105/><T55/><D101/><U79/><E77/><V59/><F28/><W99/><G126/><T131/><D55/><N who="1" m="30159" /><E130/><V42/><F42/><W10/><G65/><T91/><D131/><U115/><E115/><V64/><F64/><W95/><G132/><T60/><D60/><U110/><E129/><V109/><F109/><W56/><G12/><T103/><D47/><U6/><E110/><V121/><F121/><W57/><G14/><T118/><D118/><U17/><E13/><V123/><F123/><RYUUKYOKU ba="1,0" sc="139,0,126,0,417,0,318,0" /><INIT seed="4,2,0,4,0,83" ten="139,126,417,318" oya="0" hai0="101,98,116,12,20,123,0,128,61,74,36,87,70" hai1="125,107,28,55,118,97,59,112,92,39,129,60,80" hai2="32,113,17,34,23,25,58,89,38,50,64,10,33" hai3="103,115,43,19,134,86,22,106,49,96,7,15,52"/><T30/><D116/><U76/><E118/><V47/><F38/><W127/><G127/><T133/><D123/><U18/><E125/><V88/><F113/><W67/><G115/><T68/><D74/><U95/><E39/><V27/><F10/><W75/><G75/><T26/><D0/><U110/><E110/><V108/><F108/><W1/><G43/><T111/><D111/><U53/><E129/><V9/><F9/><W130/><G67/><T31/><D36/><U93/><E28/><V46/><F46/><W63/><G63/><T71/><D133/><U81/><E81/><V11/><F11/><W72/><G72/><T29/><D128/><U24/><E55/><V132/><F132/><W120/><G120/><T13/><D61/><U91/><E107/><V44/><F44/><W45/><G130/><T69/><N who="0" m="17408" /><DORA hai="77" /><T6/><D87/><N who="1" m="48519" /><E112/><V109/><F58/><W105/><G7/><T84/><D84/><U73/><E73/><V82/><F64/><W114/><G1/><T5/><D5/><U99/><E97/><V117/><F82/><W126/><G114/><T104/><REACH who="0" step="1"/><D6/><REACH who="0" ten="129,126,417,318" step="2"/><U78/><E78/><V90/><F109/><W65/><G134/><T131/><D131/><U8/><E8/><V62/><F62/><W4/><G4/><T94/><D94/><U48/><E60/><V42/><REACH who="2" step="1"/><F117/><REACH who="2" ten="129,126,407,318" step="2"/><W37/><G37/><T100/><D100/><U124/><E124/><V121/><F121/><W41/><G126/><T14/><AGARI ba="2,2" hai="12,13,14,20,26,29,30,31,98,101,104" m="17408" machi="14" ten="60,6000,0" yaku="1,1,0,1,53,0" doraHai="83,77" doraHaiUra="135,122" who="0" fromWho="0" sc="129,86,126,-22,407,-22,318,-22" /><INIT seed="4,3,0,5,1,85" ten="215,104,385,296" oya="0" hai0="72,68,25,0,15,117,122,74,32,61,53,113,83" hai1="4,5,20,64,114,41,102,89,10,16,109,55,9" hai2="40,34,124,60,14,75,76,48,110,121,108,99,23" hai3="51,107,69,39,7,36,106,19,31,47,18,21,17"/><T63/><D117/><U111/><E102/><V1/><F121/><W134/><G69/><T118/><D118/><U86/><E64/><V24/><F60/><W3/><G134/><T44/><D0/><U27/><E114/><V131/><F1/><W30/><G3/><T119/><D122/><U127/><E127/><V103/><F34/><W66/><G66/><T77/><D119/><U120/><E120/><V90/><F14/><W104/><G7/><N who="1" m="2634" /><E41/><V92/><F124/><W95/><G95/><T88/><D74/><U29/><E111/><V87/><F131/><W130/><G130/><T79/><D113/><U52/><E109/><V98/><F98/><W96/><G96/><T12/><D72/><U49/><E29/><V33/><F33/><W37/><G21/><T135/><D68/><U100/><E100/><V13/><F13/><W125/><REACH who="3" step="1"/><G125/><REACH who="3" ten="215,104,385,286" step="2"/><T11/><D32/><U115/><E115/><V80/><F23/><W45/><G45/><T28/><D44/><N who="1" m="27687" /><E55/><AGARI ba="3,1" hai="17,18,19,30,31,36,37,39,47,51,55,104,106,107" machi="55" ten="50,6400,0" yaku="1,1,29,2,53,0" doraHai="85" doraHaiUra="94" who="3" fromWho="1" sc="215,0,104,-73,385,0,286,83" /><INIT seed="5,0,0,4,1,46" ten="215,31,385,369" oya="1" hai0="117,19,41,134,66,31,98,82,100,72,44,16,50" hai1="7,118,83,99,27,123,32,26,18,90,28,79,112" hai2="87,64,1,73,8,81,76,23,97,60,106,61,63" hai3="22,54,129,74,133,55,114,11,38,101,135,89,39"/><U57/><E123/><V59/><F23/><W37/><G74/><T126/><D117/><U52/><E118/><V65/><F1/><W125/><G101/><T70/><D126/><U62/><E112/><V3/><F3/><W17/><G114/><T84/><D72/><U105/><E7/><V4/><F73/><W77/><G77/><T110/><D110/><U127/><E127/><V13/><F106/><W104/><G104/><T102/><D134/><N who="3" m="51209" /><G129/><T0/><D0/><U85/><E105/><V91/><F65/><W56/><G11/><T80/><D31/><U116/><E116/><V107/><F107/><W29/><G29/><T47/><D70/><U10/><E10/><V122/><F122/><W92/><G125/><T88/><D66/><U119/><E119/><V128/><F128/><W95/><G55/><T30/><D30/><U43/><E43/><V42/><F42/><W120/><G120/><T15/><D82/><U93/><REACH who="1" step="1"/><E27/><REACH who="1" ten="215,21,385,369" step="2"/><V48/><F4/><W9/><G9/><T94/><D41/><U124/><E124/><V132/><F132/><W131/><G131/><T25/><D25/><U24/><E24/><V108/><F8/><W49/><G38/><T68/><D15/><U53/><E53/><N who="2" m="32167" /><F13/><W71/><G37/><T36/><D36/><U33/><E33/><V21/><F21/><W34/><G39/><T86/><D19/><AGARI ba="0,1" hai="18,19,26,28,32,52,57,62,79,83,85,90,93,99" machi="19" ten="40,3900,0" yaku="1,1,54,1,53,0" doraHai="46" doraHaiUra="5" who="1" fromWho="0" sc="215,-39,21,49,385,0,369,0" /><INIT seed="5,1,0,5,5,89" ten="176,70,385,369" oya="1" hai0="111,60,41,65,0,116,55,71,36,15,61,39,6" hai1="75,58,79,94,103,98,90,81,30,8,118,73,113" hai2="17,99,119,107,48,11,64,52,77,22,44,34,101" hai3="91,122,14,87,37,54,18,70,83,19,82,69,85"/><U115/><E30/><V63/><F119/><W20/><G37/><T67/><D111/><U23/><E23/><V43/><F34/><W88/><G122/><T12/><D116/><U47/><E118/><V5/><F77/><W105/><G105/><T49/><D0/><U40/><E8/><V38/><F5/><W102/><G102/><T109/><D109/><U1/><E1/><V26/><F11/><W92/><G54/><T21/><D6/><U84/><E58/><V4/><F4/><W127/><G127/><T42/><D15/><U134/><E134/><V51/><F52/><W108/><G108/><T96/><D96/><U110/><E110/><V126/><F126/><W57/><G57/><AGARI ba="1,0" hai="17,22,26,38,43,44,48,51,57,63,64,99,101,107" machi="57" ten="30,1000,0" yaku="7,1" doraHai="89" who="2" fromWho="3" sc="176,0,70,0,385,13,369,-13" /><INIT seed="6,0,0,1,1,82" ten="176,70,398,356" oya="2" hai0="35,49,125,124,77,112,131,73,118,3,59,63,40" hai1="9,123,31,68,114,51,41,12,67,5,56,80,103" hai2="25,108,93,24,96,119,0,85,43,26,105,102,89" hai3="72,74,128,66,36,55,87,38,15,110,4,94,75"/><V50/><F119/><W79/><G110/><T48/><D35/><U95/><E123/><V129/><F0/><W58/><G66/><T120/><D3/><U65/><E114/><V107/><F108/><W60/><G128/><T37/><D77/><U91/><E31/><V54/><F43/><W117/><G117/><T135/><D73/><U7/><E68/><V101/><F129/><W28/><G28/><T116/><D131/><U29/><E29/><V16/><F102/><W44/><G44/><T11/><D11/><U90/><E5/><V45/><REACH who="2" step="1"/><F16/><REACH who="2" ten="176,70,388,356" step="2"/><W32/><G36/><T69/><D37/><U33/><E41/><V109/><F109/><W127/><G38/><T34/><D40/><U84/><E103/><V21/><F21/><W17/><G32/><T122/><D34/><U70/><E33/><V98/><F98/><W83/><G4/><T10/><D118/><U52/><E70/><V27/><N who="2" m="6656" /><DORA hai="115" /><V134/><F134/><W6/><G6/><T62/><D69/><U71/><E71/><V81/><AGARI ba="0,1" hai="45,50,54,81,85,89,93,96,101,105,107" m="6656" machi="81" ten="40,24000,3" yaku="1,1,0,1,52,1,53,5" doraHai="82,115" doraHaiUra="22,88" who="2" fromWho="2" sc="176,-80,70,-80,388,250,356,-80" owari="96,-30.0,-10,-51.0,638,73.0,276,8.0" /></mjloggm>