<mjloggm ver="2.3"><GO type="169" lobby="0"/><UN n0="%E6%A0%97%E7%94%B0%E6%81%AD%E5%AE%8F" n1="%E3%83%88%E3%83%88%E3%83%AA%E5%85%88%E7%94%9F%31%39%E6%AD%B3" n2="%72%61%6E%75%2D" n3="%E8%B7%AF%E5%9C%B0%E8%A3%8F%E3%81%AE%E3%81%B2%E3%81%BE%E3%82%8F%E3%82%8A" dan="18,19,16,16" rate="2307.93,2328.04,2145.43,2117.81" sx="M,F,M,M"/><TAIKYOKU oya="0"/><INIT seed="0,0,0,1,1,102" ten="250,250,250,250" oya="0" hai0="4,78,28,97,32,22,127,62,31,57,63,86,68" hai1="89,45,96,17,23,105,108,0,88,5,37,82,81" hai2="38,90,14,98,84,27,100,24,99,119,133,77,7" hai3="52,72,55,54,9,115,128,116,91,67,123,33,109"/><T107/><D127/><U48/><E37/><V69/><F38/><W87/><G72/><T59/><D68/><U104/><E108/><V56/><F69/><W113/><G116/><T74/><D74/><U25/><E0/><V120/><F119/><W117/><G117/><T83/><D4/><U103/><E5/><V132/><F120/><W111/><G128/><T26/><D32/><U29/><E104/><V50/><F77/><W118/><G118/><T30/><D107/><U6/><E6/><V40/><F7/><W66/><G9/><T35/><D35/><U51/><E51/><V126/><F14/><W3/><G33/><T18/><REACH who="0" step="1"/><D97/><REACH who="0" ten="240,250,250,250" step="2"/><U122/><E122/><V20/><F126/><W125/><G123/><T21/><D21/><U2/><E2/><V41/><F20/><W114/><G3/><T39/><D39/><U73/><E29/><V61/><F98/><W58/><G125/><T71/><D71/><U53/><REACH who="1" step="1"/><E73/><REACH who="1" ten="240,240,250,250" step="2"/><V85/><F132/><W16/><G111/><T79/><D79/><U65/><E65/><V1/><F133/><W8/><G109/><T106/><D106/><U13/><E13/><V43/><F1/><W135/><G135/><T124/><D124/><U64/><E64/><V94/><F50/><W121/><G121/><T93/><D93/><U44/><E44/><V75/><F75/><W47/><G47/><T95/><D95/><U70/><E70/><V134/><F134/><W49/><G67/><T12/><D12/><U42/><E42/><V19/><F41/><W92/><G66/><T76/><D76/><U130/><E130/><RYUUKYOKU ba="0,2" sc="240,10,240,10,250,-30,250,10" hai0="18,22,26,28,30,31,57,59,62,63,78,83,86" hai1="17,23,25,45,48,53,81,82,88,89,96,103,105" hai3="8,16,49,52,54,55,58,87,91,92,113,114,115" /><INIT seed="0,1,2,5,4,117" ten="250,250,220,260" oya="0" hai0="94,36,85,41,96,80,58,92,82,129,131,27,11" hai1="61,31,30,32,44,84,26,18,73,133,53,65,6" hai2="119,74,7,93,37,10,64,72,2,21,9,110,115" hai3="100,8,19,59,127,62,86,29,114,20,25,42,34"/><T120/><D36/><U123/><E73/><V95/><F119/><W79/><G114/><T15/><D41/><U49/><E133/><V102/><F115/><W39/><G100/><T121/><D27/><U63/><E123/><N who="0" m="47177" /><D58/><U101/><E6/><V132/><F132/><W126/><G8/><T106/><D15/><U76/><E101/><V38/><F110/><W43/><G43/><T12/><D11/><U13/><E31/><V98/><F64/><W99/><G42/><T54/><D12/><U109/><E109/><V88/><F21/><W0/><G0/><T51/><D54/><U108/><E108/><V57/><F57/><W77/><G39/><T68/><D51/><U16/><E63/><V97/><F38/><W28/><G28/><T66/><D68/><U70/><REACH who="1" step="1"/><E13/><REACH who="1" ten="250,240,220,260" step="2"/><V48/><F37/><W113/><G29/><T83/><D66/><U107/><E107/><V134/><F134/><W50/><G62/><T55/><D55/><U33/><E33/><V125/><F125/><W78/><G126/><T135/><D135/><U4/><E4/><V124/><F124/><W71/><G127/><T46/><D46/><U35/><E35/><V89/><F48/><W112/><G34/><T104/><D104/><U128/><E128/><N who="0" m="49225" /><D85/><U47/><E47/><V91/><REACH who="2" step="1"/><F9/><REACH who="2" ten="250,240,210,260" step="2"/><W75/><G50/><T90/><D106/><U103/><E103/><AGARI ba="1,4" hai="2,7,10,72,74,88,89,91,93,95,97,98,102,103" machi="103" ten="40,8000,1" yaku="1,1,2,1,9,1,54,1,53,1" doraHai="117" doraHaiUra="5" who="2" fromWho="1" sc="250,0,240,-83,210,123,260,0" /><INIT seed="1,0,0,0,2,121" ten="250,157,333,260" oya="1" hai0="4,131,39,19,132,43,6,115,86,16,89,104,106" hai1="74,103,46,24,77,125,75,67,65,87,76,71,117" hai2="101,108,7,99,23,98,90,114,5,58,40,91,102" hai3="127,60,97,61,56,84,55,69,63,11,64,59,116"/><U25/><E87/><V57/><F114/><W9/><G127/><T33/><D33/><U20/><E20/><V130/><F108/><W79/><G116/><T21/><D115/><U70/><E46/><V83/><F130/><W107/><G79/><N who="1" m="30282" /><E103/><V126/><F126/><W135/><G135/><T38/><D131/><U32/><E32/><V26/><F83/><W96/><G84/><T37/><D132/><U52/><E52/><V22/><REACH who="2" step="1"/><F26/><REACH who="2" ten="250,157,323,260" step="2"/><N who="1" m="10345" /><E117/><V48/><F48/><W73/><G73/><N who="1" m="27658" /><E125/><V54/><F54/><W53/><G107/><T35/><D106/><U124/><E124/><V119/><F119/><W120/><G120/><T50/><D104/><U66/><AGARI ba="0,1" hai="65,66,67,70,71" m="27658,10345,30282" machi="66" ten="40,3900,0" yaku="28,2" doraHai="121" who="1" fromWho="1" sc="250,-13,157,49,323,-13,260,-13" /><INIT seed="1,1,0,2,4,46" ten="237,206,310,247" oya="1" hai0="12,16,32,128,81,134,115,112,1,71,21,99,135" hai1="107,2,96,47,54,80,68,110,109,125,118,25,56" hai2="41,114,36,67,17,94,102,37,30,10,77,105,91" hai3="83,76,72,60,31,86,5,127,90,103,70,18,4"/><U63/><E118/><V88/><F67/><W7/><G127/><T106/><D71/><U74/><E2/><V24/><F114/><W97/><G31/><T116/><D32/><U13/><E125/><V58/><F77/><W26/><G26/><T111/><D116/><U59/><E68/><V64/><F105/><W66/><G18/><T33/><D33/><U124/><E124/><V120/><F120/><W45/><G45/><T8/><D81/><U113/><E113/><N who="0" m="43593" /><D99/><U75/><E25/><V87/><F36/><W108/><G108/><N who="1" m="41578" /><E47/><V65/><F37/><W23/><G23/><T92/><D111/><U130/><E80/><N who="2" m="49255" /><F102/><W11/><G76/><T95/><D106/><U101/><E130/><V98/><F41/><W27/><G27/><T48/><D128/><U131/><E131/><V35/><F35/><W0/><REACH who="3" step="1"/><G72/><REACH who="3" ten="237,206,310,237" step="2"/><T57/><D21/><U20/><E59/><V133/><F30/><W132/><G132/><N who="0" m="50731" /><D1/><U53/><E20/><N who="2" m="13327" /><F10/><W29/><G29/><T121/><D121/><U117/><E117/><V49/><F133/><W126/><G126/><T34/><D34/><U51/><E13/><V119/><F119/><W69/><G69/><T19/><D19/><U44/><AGARI ba="1,1" hai="44,51,53,54,56,63,74,75,96,101,107" m="41578" machi="44" ten="30,6000,0" yaku="14,1,10,1,52,1" doraHai="46" who="1" fromWho="1" sc="237,-21,206,73,310,-21,237,-21" /><INIT seed="1,2,0,2,3,104" ten="216,279,289,216" oya="1" hai0="131,132,12,86,103,135,100,127,118,34,93,97,25" hai1="128,92,4,76,30,125,56,9,61,114,11,79,85" hai2="35,42,60,96,31,40,36,54,129,68,37,26,2" hai3="133,84,57,70,110,14,49,16,107,71,105,119,106"/><U24/><E114/><V81/><F129/><W94/><G110/><T53/><D118/><U112/><E112/><V95/><F2/><W67/><G119/><T58/><D127/><U13/><E125/><V52/><F81/><W33/><G33/><T121/><D131/><U82/><E128/><V1/><F1/><W44/><G133/><T8/><D121/><U77/><E92/><V74/><F74/><W48/><G67/><T5/><D86/><U43/><E43/><V130/><F130/><W55/><G84/><T73/><D73/><U134/><E134/><V18/><F18/><W111/><G94/><T3/><D103/><U116/><E116/><V72/><F72/><W99/><G99/><T117/><D117/><U66/><REACH who="1" step="1"/><E11/><REACH who="1" ten="216,269,289,216" step="2"/><V28/><F42/><W45/><G111/><T38/><D135/><U39/><E39/><V41/><F40/><W47/><REACH who="3" step="1"/><G49/><REACH who="3" ten="216,269,289,206" step="2"/><T19/><D132/><U50/><E50/><V124/><F37/><W89/><G89/><T63/><D38/><U120/><E120/><V83/><F124/><W78/><G78/><T69/><D93/><U15/><E15/><V88/><F83/><W65/><G65/><T80/><D80/><U75/><E75/><V113/><F113/><W46/><N who="3" m="11264" /><DORA hai="62" /><W108/><G108/><T64/><D64/><U23/><AGARI ba="2,2" hai="4,9,13,23,24,30,56,61,66,76,77,79,82,85" machi="23" ten="20,12000,1" yaku="1,1,0,1,7,1,8,1,52,1,53,0" doraHai="104,62" doraHaiUra="51,122" who="1" fromWho="1" sc="216,-42,269,146,289,-42,206,-42" /><INIT seed="1,3,0,3,1,68" ten="174,415,247,164" oya="1" hai0="22,135,89,106,48,47,38,24,17,44,40,94,51" hai1="58,16,69,116,118,1,115,125,111,132,82,85,74" hai2="120,130,81,23,8,3,37,11,32,123,65,62,90" hai3="18,26,109,52,46,49,77,112,79,12,35,15,50"/><U33/><RYUUKYOKU type="yao9" ba="3,0" sc="174,0,415,0,247,0,164,0" hai1="1,16,33,58,69,74,82,85,111,115,116,118,125,132" /><INIT seed="1,4,0,1,0,28" ten="174,415,247,164" oya="1" hai0="126,101,38,70,65,108,43,48,39,36,125,49,15" hai1="112,73,34,114,84,31,37,61,121,89,130,14,80" hai2="79,64,67,78,45,52,23,58,99,134,123,51,90" hai3="8,103,59,57,83,9,127,62,117,42,7,91,63"/><U56/><E121/><V98/><F134/><W13/><G127/><N who="0" m="48651" /><D101/><U5/><E37/><N who="0" m="14441" /><D15/><U82/><E130/><V124/><F124/><W118/><G42/><T25/><D25/><U131/><E131/><V81/><F123/><W32/><G103/><T93/><D93/><U105/><E105/><V40/><F79/><W74/><G32/><T55/><D108/><U2/><E2/><V135/><F135/><W95/><G9/><T17/><D17/><U116/><E116/><N who="3" m="44650" /><G83/><T1/><D1/><U113/><E14/><V69/><F23/><W12/><G12/><T96/><D96/><U97/><E97/><V18/><F18/><W76/><G76/><T30/><D30/><U26/><E5/><V22/><F22/><W85/><G74/><T104/><D104/><U53/><REACH who="1" step="1"/><E82/><REACH who="1" ten="174,405,247,164" step="2"/><V29/><F99/><W133/><G133/><T16/><D39/><U20/><E20/><V115/><F115/><W60/><AGARI ba="4,1" hai="7,8,13,57,59,60,62,63,85,91,95" m="44650" machi="60" ten="30,1100,0" yaku="12,1" doraHai="28" who="3" fromWho="3" sc="174,-7,405,-9,247,-7,164,33" /><INIT seed="2,0,0,2,1,127" ten="167,396,240,197" oya="2" hai0="86,62,114,18,81,126,27,58,44,125,75,112,45" hai1="52,30,84,46,74,120,107,3,101,88,2,121,59" hai2="54,106,70,9,97,134,66,14,51,38,80,7,135" hai3="132,42,90,110,77,56,95,71,28,111,39,89,11"/><V124/><F38/><W49/><G71/><T85/><D27/><U118/><E118/><V68/><F124/><N who="0" m="47722" /><D18/><U129/><E129/><V79/><F66/><W34/><G132/><N who="2" m="50729" /><F106/><W35/><G77/><N who="0" m="44223" /><D44/><U19/><E74/><N who="2" m="43127" /><F97/><W64/><G39/><T26/><D26/><U37/><E19/><V23/><F23/><W13/><G64/><N who="0" m="38999" /><D45/><AGARI ba="0,0" hai="7,9,14,45,51,54,68,70" m="43127,50729" machi="45" ten="30,1500,0" yaku="20,1" doraHai="127" who="2" fromWho="0" sc="167,-15,396,0,240,15,197,0" /><INIT seed="2,1,0,3,2,126" ten="152,396,255,197" oya="2" hai0="52,68,94,50,19,84,79,80,123,38,98,95,82" hai1="71,97,33,77,93,129,111,120,113,12,17,128,125" hai2="51,88,72,108,1,107,4,13,8,78,26,55,109" hai3="89,2,85,67,14,57,36,131,121,66,86,41,100"/><V112/><F107/><W28/><G2/><T92/><D123/><U102/><E113/><V30/><F112/><W110/><G121/><T134/><D38/><U87/><E120/><V54/><F72/><W31/><G100/><T135/><D68/><U117/><E71/><V21/><F78/><W49/><G36/><T81/><D19/><U53/><E33/><V40/><F88/><W10/><G110/><N who="2" m="42601" /><F1/><W63/><G67/><T99/><D50/><U24/><E125/><V25/><F25/><W124/><G124/><T15/><D15/><U23/><E117/><V114/><F114/><W16/><G131/><N who="1" m="50250" /><E111/><V7/><F7/><W45/><REACH who="3" step="1"/><G86/><REACH who="3" ten="152,396,255,187" step="2"/><T101/><D52/><N who="2" m="20010" /><F51/><W11/><G11/><T118/><D118/><U46/><E87/><V105/><F105/><W90/><G90/><T76/><D84/><U62/><E77/><N who="0" m="29769" /><D101/><U130/><E130/><V39/><F39/><W20/><G20/><T75/><D75/><U60/><E12/><V61/><F61/><W74/><G74/><T104/><D104/><U3/><E3/><V59/><F59/><W122/><G122/><T132/><AGARI ba="1,1" hai="80,81,82,92,94,95,98,99,132,134,135" m="29769" machi="132" ten="40,12000,2" yaku="29,2,28,2,20,1,34,2" doraHai="126" who="0" fromWho="0" sc="152,133,396,-31,255,-61,187,-31" /><INIT seed="3,0,0,0,0,133" ten="285,365,194,156" oya="3" hai0="39,35,49,7,111,36,56,121,88,15,5,84,97" hai1="28,99,95,58,62,34,110,48,52,46,68,69,105" hai2="94,61,132,72,27,51,115,91,42,81,47,98,30" hai3="19,93,25,43,104,41,21,128,33,9,14,6,80"/><W32/><G104/><T57/><D35/><U45/><E110/><V78/><F132/><W10/><G128/><T109/><D121/><U38/><E105/><V100/><F115/><W89/><G80/><T103/><D39/><U44/><E38/><V54/><F61/><W127/><G127/><T31/><D31/><U70/><E28/><V96/><F96/><W2/><G33/><T77/><D77/><U67/><REACH who="1" step="1"/><E34/><REACH who="1" ten="285,355,194,156" step="2"/><V129/><F129/><W74/><G32/><T113/><D36/><U37/><E37/><V124/><F124/><W130/><G130/><T114/><D109/><U76/><E76/><V16/><F30/><W112/><G112/><T66/><D111/><U29/><E29/><V8/><F100/><AGARI ba="0,1" hai="44,45,46,48,52,58,62,67,68,69,70,95,99,100" machi="100" ten="40,2600,0" yaku="1,1,54,1,53,0" doraHai="133" doraHaiUra="119" who="1" fromWho="2" sc="285,0,355,36,194,-26,156,0" /><INIT seed="4,0,0,0,5,33" ten="285,391,168,156" oya="0" hai0="95,130,91,78,71,68,96,39,59,82,119,3,48" hai1="133,86,83,55,62,108,125,14,24,112,27,102,111" hai2="121,57,47,9,118,8,100,81,88,79,38,65,89" hai3="6,85,105,80,52,98,110,93,50,19,22,103,135"/><T41/><D119/><U61/><E133/><V87/><F118/><W17/><G110/><T109/><D130/><U40/><E125/><V29/><F121/><W23/><G6/><T126/><D126/><U127/><E127/><V74/><F100/><W107/><G135/><T123/><D123/><U20/><E14/><V73/><F29/><W4/><G4/><T97/><D109/><U12/><E12/><V70/><F70/><W84/><G22/><T0/><D39/><U54/><E102/><V131/><F131/><W36/><G36/><T1/><D96/><U51/><E86/><V56/><F38/><W60/><G60/><T32/><D32/><U94/><E83/><V58/><F47/><W15/><G19/><T34/><D34/><U42/><E51/><V134/><F65/><W13/><G13/><T10/><D10/><U132/><E20/><V37/><F37/><W129/><G129/><T2/><N who="0" m="0" /><DORA hai="44" /><T101/><D101/><U114/><E132/><V104/><F104/><W16/><G17/><T115/><D115/><U75/><E94/><V99/><F134/><W77/><G85/><T120/><D120/><U46/><E46/><AGARI ba="0,0" hai="15,16,23,46,50,52,77,80,84,93,98,103,105,107" machi="46" ten="30,7700,0" yaku="7,1,52,1,54,2" doraHai="33,44" who="3" fromWho="1" sc="285,0,391,-77,168,0,156,77" /><INIT seed="5,0,0,4,3,11" ten="285,314,168,233" oya="1" hai0="115,93,112,103,36,77,3,33,5,7,39,82,19" hai1="122,8,81,23,6,70,71,85,63,108,88,119,111" hai2="55,17,98,96,94,51,22,72,52,65,27,9,37" hai3="62,95,126,31,18,58,4,97,53,0,104,14,125"/><U74/><E119/><V35/><F37/><N who="0" m="14410" /><D33/><U132/><E122/><V100/><F72/><W133/><G104/><T47/><D47/><U109/><E132/><V60/><F35/><W28/><G133/><T127/><D3/><U75/><E23/><V38/><F38/><W121/><G121/><T123/><D123/><U134/><E134/><V42/><F9/><W26/><G4/><T73/><D127/><N who="3" m="48649" /><G26/><T54/><D54/><U43/><E43/><V124/><F124/><W130/><G130/><T46/><D46/><U83/><E83/><V29/><F17/><W68/><G68/><N who="1" m="26154" /><E63/><V41/><F98/><W118/><G0/><AGARI ba="0,0" hai="0,6,8,74,75,81,85,88,108,109,111" m="26154" machi="0" ten="40,3900,0" yaku="10,1,54,1" doraHai="11" who="1" fromWho="3" sc="285,0,314,39,168,0,233,-39" /><INIT seed="5,1,0,5,1,20" ten="285,353,168,194" oya="1" hai0="3,50,98,71,76,10,39,1,34,51,31,80,129" hai1="90,46,112,104,8,72,24,124,113,38,122,111,75" hai2="29,30,93,17,12,70,127,105,125,65,108,36,74" hai3="126,79,106,67,96,88,84,7,114,49,81,27,45"/><U6/><E122/><V22/><F105/><W16/><G126/><N who="2" m="48137" /><F65/><W91/><G7/><T42/><D71/><U19/><E124/><V99/><F70/><W132/><G114/><N who="1" m="44138" /><E104/><V66/><F66/><W37/><G37/><T117/><D39/><U110/><E90/><V47/><F74/><N who="1" m="28201" /><E46/><V130/><F108/><N who="1" m="41513" /><E38/><V28/><F130/><W131/><G131/><T11/><D129/><U101/><E101/><N who="2" m="60655" /><F36/><W119/><G106/><T52/><D76/><U15/><E24/><N who="2" m="16407" /><F47/><W83/><G45/><T18/><D98/><U100/><E100/><V78/><F78/><W25/><G96/><T64/><D64/><U21/><E21/><AGARI ba="1,0" hai="12,17,21,29,30" m="16407,60655,48137" machi="21" ten="30,2000,0" yaku="18,1,52,1" doraHai="20" who="2" fromWho="1" sc="285,0,353,-23,168,23,194,0" /><INIT seed="6,0,0,2,2,38" ten="285,330,191,194" oya="2" hai0="87,134,116,4,10,117,69,125,61,114,37,67,41" hai1="131,68,88,31,98,103,5,0,11,19,46,135,8" hai2="122,62,91,80,64,39,79,112,129,119,115,111,57" hai3="63,36,17,14,50,33,123,132,124,90,102,44,49"/><V13/><F122/><W54/><G123/><T22/><D114/><N who="2" m="43562" /><F119/><N who="0" m="45642" /><D125/><U81/><E68/><V66/><F39/><W30/><G36/><T120/><D120/><U121/><E121/><V78/><F129/><W59/><G124/><T26/><D134/><U126/><E126/><V118/><F118/><W65/><G132/><T127/><D127/><U104/><E135/><V95/><F111/><W51/><G102/><T1/><D87/><U92/><E131/><V40/><F40/><W56/><G56/><T76/><D76/><N who="2" m="29226" /><F80/><W105/><G105/><T34/><D34/><U94/><E104/><V86/><F13/><W28/><G90/><T85/><D85/><U45/><E81/><V42/><F42/><N who="3" m="24727" /><G33/><T47/><D22/><U97/><E8/><V55/><AGARI ba="0,0" hai="55,57,62,64,66,86,91,95" m="29226,43562" machi="55" ten="30,1500,0" yaku="15,1" doraHai="38" who="2" fromWho="2" sc="285,-5,330,-5,191,15,194,-5" /><INIT seed="6,1,0,5,4,42" ten="280,325,206,189" oya="2" hai0="1,82,86,84,116,17,77,120,118,124,58,87,128" hai1="55,18,130,114,61,49,21,112,36,14,23,103,16" hai2="7,41,9,83,73,59,119,26,110,6,28,133,131" hai3="132,99,12,45,37,10,4,135,38,39,67,43,25"/><V35/><F119/><N who="0" m="45610" /><D1/><U31/><E36/><V53/><F133/><N who="3" m="51275" /><G67/><T3/><D3/><U115/><E130/><V80/><F131/><W46/><G43/><T94/><D128/><U48/><E31/><V44/><F110/><W40/><G40/><T108/><D120/><U105/><E103/><V33/><F33/><W102/><G25/><T19/><D108/><U81/><E105/><AGARI ba="1,0" hai="4,10,12,37,38,39,45,46,99,102,105" m="51275" machi="105" ten="40,5200,0" yaku="20,1,52,2" doraHai="42" who="3" fromWho="1" sc="280,0,325,-55,206,0,189,55" /><INIT seed="7,0,0,5,1,40" ten="280,270,206,244" oya="3" hai0="109,103,0,99,61,17,67,69,75,59,128,42,89" hai1="48,87,34,2,16,133,76,71,78,45,41,131,65" hai2="81,106,11,5,37,1,100,63,66,15,77,14,46" hai3="118,10,30,52,125,129,88,120,130,20,115,102,132"/><W26/><G118/><T86/><D75/><U38/><E34/><V58/><F100/><W91/><G120/><T111/><D0/><U24/><E2/><V55/><F106/><W126/><G115/><T74/><D74/><U70/><E131/><N who="3" m="50186" /><G132/><T18/><D128/><U108/><E108/><V43/><REACH who="2" step="1"/><F66/><REACH who="2" ten="280,270,196,244" step="2"/><W60/><G102/><T127/><D111/><U51/><E65/><V13/><F13/><W22/><G10/><T6/><D103/><U68/><E133/><V113/><F113/><W8/><G8/><T73/><D67/><U104/><E104/><V19/><F19/><W117/><G117/><T94/><D18/><U29/><E16/><V57/><F57/><N who="3" m="34855" /><G20/><T114/><D114/><U49/><E70/><V56/><F56/><W123/><G123/><T101/><D59/><U105/><E68/><V83/><F83/><W9/><G9/><T23/><D69/><U3/><E71/><V4/><F4/><W28/><G28/><T107/><D6/><U44/><E3/><V53/><F53/><W119/><G119/><T62/><D109/><U54/><E105/><V72/><AGARI ba="0,1" hai="1,5,11,14,15,37,43,46,55,58,63,72,77,81" machi="72" ten="20,12000,2" yaku="1,1,0,1,7,1,25,2,52,1,53,0" doraHai="40" doraHaiUra="135" who="2" fromWho="2" sc="280,-30,270,-30,196,130,244,-60" owari="250,5.0,240,-16.0,326,43.0,184,-32.0" /></mjloggm>