<mjloggm ver="2.3"><GO type="169" lobby="0"/><UN n0="%61%6E%6C%75%6E" n1="%E3%83%88%E3%83%88%E3%83%AA%E5%85%88%E7%94%9F%31%39%E6%AD%B3" n2="%E3%81%86%E3%82%81%E3%81%A0" n3="%6B%61%67%65%73%68%69%6E" dan="16,19,16,16" rate="2096.33,2277.96,2054.80,2071.52" sx="M,F,F,M"/><TAIKYOKU oya="0"/><INIT seed="0,0,0,3,0,0" ten="250,250,250,250" oya="0" hai0="74,101,65,122,25,24,108,49,96,105,32,94,61" hai1="53,52,84,119,26,51,69,117,27,98,134,22,95" hai2="13,41,125,45,1,16,107,36,102,130,38,23,135" hai3="112,55,50,70,60,4,56,66,68,67,2,34,57"/><T10/><D122/><U90/><E69/><N who="3" m="26730" /><G34/><T14/><D74/><U91/><E134/><V106/><F135/><W89/><G4/><T54/><D32/><U7/><E7/><V39/><F125/><W11/><G11/><T99/><D108/><U30/><E27/><V17/><F130/><W44/><G89/><T3/><D3/><U12/><E12/><V40/><F1/><W29/><G29/><T123/><D123/><U109/><E109/><V77/><F77/><W8/><G8/><T114/><D114/><U58/><REACH who="1" step="1"/><E53/><REACH who="1" ten="250,240,250,250" step="2"/><V33/><F13/><W6/><G6/><N who="0" m="3415" /><D25/><U20/><E20/><V81/><F23/><W5/><G5/><T73/><D24/><U86/><E86/><V82/><F33/><W62/><G2/><T92/><D73/><U19/><E19/><V124/><F17/><W35/><G35/><T76/><D65/><N who="3" m="24585" /><G112/><T9/><D9/><U131/><E131/><V64/><F16/><W43/><G57/><N who="0" m="34999" /><D105/><U79/><E79/><V21/><F107/><W59/><G59/><T104/><D76/><U103/><E103/><V28/><F102/><W128/><G128/><T31/><D104/><U127/><E127/><V47/><F106/><W18/><G18/><T111/><D111/><U63/><E63/><AGARI ba="0,1" hai="43,44,50,55,56,60,62,63" m="24585,26730" machi="63" ten="30,8000,1" yaku="35,5" doraHai="0" who="3" fromWho="1" sc="250,0,240,-80,250,0,250,90" /><INIT seed="1,0,0,3,5,72" ten="250,160,250,340" oya="1" hai0="2,94,77,49,85,20,135,83,92,105,29,5,62" hai1="79,73,13,123,122,130,109,18,126,95,47,41,17" hai2="128,104,82,74,8,0,11,26,103,15,75,78,21" hai3="114,66,68,27,120,84,117,93,102,14,97,71,59"/><U96/><E130/><V110/><F128/><W91/><G114/><T90/><D135/><U98/><E126/><V6/><F110/><W69/><G120/><T113/><D113/><U134/><E134/><V23/><F75/><W46/><G117/><T31/><D105/><U38/><E109/><V87/><F87/><W45/><G27/><T1/><D92/><U56/><E56/><V3/><F21/><W127/><G127/><T101/><D101/><U25/><E25/><V50/><F50/><W7/><G66/><T81/><D20/><U124/><E124/><V133/><F8/><W51/><G59/><T100/><D100/><U43/><E43/><V118/><F133/><W116/><G116/><T34/><D83/><U9/><E17/><V63/><F63/><W112/><G112/><T125/><D125/><U108/><E108/><V88/><F88/><W60/><G60/><T131/><D131/><U4/><E4/><V39/><F39/><W57/><G57/><T32/><D5/><U111/><E111/><V37/><F37/><W65/><G65/><T132/><D132/><U119/><E119/><V53/><F53/><W35/><G35/><T12/><D2/><U55/><E55/><V24/><F118/><W76/><G76/><T107/><D1/><N who="2" m="586" /><F23/><W80/><REACH who="3" step="1"/><G51/><REACH who="3" ten="250,160,250,330" step="2"/><T99/><D49/><U70/><E122/><V64/><F64/><W10/><AGARI ba="0,1" hai="7,10,14,45,46,68,69,71,80,84,91,93,97,102" machi="10" ten="40,8000,1" yaku="1,1,2,1,0,1,53,2" doraHai="72" doraHaiUra="42" who="3" fromWho="3" sc="250,-20,160,-40,250,-20,330,90" /><INIT seed="2,0,0,4,2,130" ten="230,120,230,420" oya="2" hai0="44,28,5,127,58,106,122,87,71,22,4,131,45" hai1="47,119,110,93,80,24,26,36,14,49,95,90,103" hai2="78,96,105,85,108,134,55,34,46,9,50,25,19" hai3="1,51,125,124,10,101,62,72,3,69,111,17,21"/><V126/><F126/><N who="3" m="48747" /><G111/><T0/><D127/><U117/><E36/><V123/><F123/><W35/><G35/><T68/><D122/><U81/><E110/><V83/><F108/><W33/><G33/><T88/><D106/><U37/><E37/><V56/><F56/><W74/><G101/><T107/><D107/><U109/><E109/><V77/><F77/><W89/><G51/><T31/><D131/><U11/><E119/><V121/><F121/><W132/><G132/><T97/><D97/><N who="1" m="59839" /><E117/><V48/><F48/><W118/><G118/><T64/><D68/><U52/><E81/><V82/><F82/><W92/><G62/><N who="0" m="37975" /><D0/><N who="3" m="73" /><G10/><T67/><D71/><U79/><E79/><V100/><F134/><W76/><G69/><T54/><D67/><U65/><E65/><V73/><F34/><W128/><G76/><T2/><D2/><U86/><E93/><V75/><REACH who="2" step="1"/><F9/><REACH who="2" ten="230,120,220,420" step="2"/><W23/><G128/><T38/><D38/><U102/><E102/><V39/><F39/><W115/><G115/><T66/><D45/><U40/><E40/><V20/><AGARI ba="0,1" hai="19,20,25,46,50,55,73,75,78,83,85,96,100,105" machi="20" ten="30,3000,0" yaku="1,1,0,1,53,0" doraHai="130" doraHaiUra="113" who="2" fromWho="2" sc="230,-10,120,-10,220,40,420,-10" /><INIT seed="2,1,0,4,2,66" ten="220,110,260,410" oya="2" hai0="67,13,87,92,49,21,112,125,122,133,6,93,40" hai1="55,37,57,71,31,78,117,20,108,47,118,53,115" hai2="18,119,129,113,22,68,64,50,109,72,77,124,131" hai3="56,14,34,4,19,76,1,134,25,65,10,54,106"/><V16/><F113/><W85/><G106/><T121/><D112/><U102/><E115/><V63/><F119/><N who="1" m="45577" /><E20/><V116/><F116/><W132/><G65/><T27/><D122/><U84/><E84/><V82/><F124/><W69/><G69/><T70/><D125/><U88/><E88/><V104/><F104/><W58/><G76/><T28/><D133/><N who="3" m="51305" /><G85/><T127/><D127/><U75/><E31/><V73/><F73/><W15/><G54/><T32/><D121/><U9/><E9/><V79/><F79/><W45/><G45/><T42/><D92/><U41/><E102/><V110/><F50/><W5/><G5/><T30/><D30/><U128/><E78/><V74/><F74/><W81/><G81/><T60/><D49/><N who="1" m="30959" /><E75/><V23/><F23/><N who="3" m="13567" /><G34/><T52/><D32/><U29/><E29/><V43/><F43/><W126/><G126/><T135/><D135/><U35/><E35/><V3/><F3/><W95/><G95/><T7/><D7/><U105/><E105/><V89/><F89/><W100/><G100/><T96/><D87/><U123/><E71/><V111/><F18/><W8/><G1/><T46/><D93/><U120/><E53/><V44/><F44/><W26/><G26/><AGARI ba="1,0" hai="16,22,26,63,64,68,72,77,82,109,110,111,129,131" machi="26" ten="40,12000,1" yaku="14,1,10,1,52,1,54,1" doraHai="66" who="2" fromWho="3" sc="220,0,110,0,260,123,410,-123" /><INIT seed="2,2,0,2,4,94" ten="220,110,383,287" oya="2" hai0="42,132,82,53,123,119,25,1,89,112,20,102,133" hai1="86,100,90,58,81,78,77,109,113,35,22,118,73" hai2="92,65,114,31,99,67,28,9,5,124,6,8,36" hai3="47,41,17,37,122,33,72,70,7,62,103,116,56"/><V93/><F114/><W121/><G116/><T98/><D112/><U115/><E35/><V104/><F36/><W50/><G33/><T84/><D1/><U40/><E118/><V19/><F19/><W15/><G72/><T60/><D119/><U125/><E109/><V38/><F38/><W127/><G7/><T10/><D10/><U83/><E40/><V120/><F124/><W26/><G26/><T79/><D42/><U101/><E125/><V126/><F126/><W57/><G127/><T80/><D123/><U69/><E69/><V68/><F104/><W74/><G74/><T29/><D82/><N who="1" m="45359" /><E58/><V107/><F107/><W2/><G2/><T117/><D117/><U39/><E22/><V3/><F3/><W110/><G110/><T55/><D79/><U13/><E13/><V48/><F48/><W23/><G103/><N who="1" m="39498" /><E39/><V66/><F66/><N who="3" m="41303" /><G57/><T27/><D27/><U61/><E61/><V24/><F68/><W75/><G75/><AGARI ba="2,0" hai="75,78,81,83,86,90,113,115" m="39498,45359" machi="75" ten="30,2000,0" yaku="34,2" doraHai="94" who="1" fromWho="3" sc="220,0,110,26,383,0,287,-26" /><INIT seed="3,0,0,0,4,95" ten="220,136,383,261" oya="3" hai0="91,84,125,22,36,104,49,120,16,11,115,130,27" hai1="39,79,135,12,93,41,129,40,62,31,132,25,110" hai2="121,71,74,10,112,7,131,86,3,2,78,117,80" hai3="133,114,56,90,43,8,57,26,109,72,85,5,107"/><W42/><G114/><T53/><D120/><U113/><E113/><V23/><F112/><W73/><G133/><N who="1" m="51274" /><E39/><V75/><F117/><W0/><G109/><T6/><D115/><U111/><E79/><V55/><F71/><W116/><G116/><T32/><D36/><U28/><E129/><V70/><F70/><W98/><G26/><T128/><D125/><U108/><E12/><V99/><F131/><N who="0" m="50218" /><D32/><N who="1" m="20495" /><E31/><V52/><F3/><W63/><G72/><T29/><D104/><U81/><E81/><V38/><F38/><W59/><G73/><T88/><D29/><U37/><E37/><V4/><F4/><W21/><G21/><T134/><D84/><U118/><E118/><V15/><F121/><W44/><G63/><T46/><D134/><U103/><E62/><V1/><F1/><AGARI ba="0,0" hai="1,6,11,16,22,27,46,49,53,88,91" m="50218" machi="1" ten="30,3900,0" yaku="19,1,54,2" doraHai="95" who="0" fromWho="2" sc="220,39,136,0,383,-39,261,0" /><INIT seed="4,0,0,1,1,14" ten="259,136,344,261" oya="0" hai0="117,52,36,21,23,105,132,106,124,19,53,47,30" hai1="118,115,130,92,5,26,28,128,120,111,83,109,85" hai2="114,69,34,87,74,32,110,80,33,97,40,13,112" hai3="38,17,134,2,93,127,121,24,98,64,39,103,73"/><T70/><D117/><U107/><E107/><V50/><F110/><N who="1" m="41993" /><E92/><V84/><F69/><W90/><G134/><T75/><D75/><U101/><E85/><V4/><F97/><W25/><G127/><T91/><D124/><U79/><E83/><V9/><F74/><W1/><G73/><T43/><D132/><U7/><E101/><V133/><F133/><W42/><G121/><T119/><D70/><U123/><E79/><N who="2" m="46111" /><F87/><W0/><G64/><T22/><D119/><U11/><E118/><V20/><F20/><W122/><G122/><N who="1" m="46634" /><E115/><V16/><F114/><W6/><G6/><N who="1" m="2058" /><E11/><V108/><F112/><W89/><G42/><T45/><D105/><U67/><E67/><V54/><F40/><W95/><G103/><T62/><D106/><U59/><E59/><V15/><F108/><W63/><G63/><T35/><D91/><U129/><E26/><V41/><F41/><W78/><G78/><T71/><D71/><U126/><E28/><V46/><F46/><W44/><G44/><T8/><D47/><U81/><E81/><V94/><F94/><W68/><G68/><T100/><D100/><U29/><E29/><V116/><F116/><W3/><N who="3" m="512" /><DORA hai="58" /><W60/><G60/><T55/><D62/><U12/><E12/><V31/><F31/><W27/><G39/><T10/><D10/><U56/><E56/><N who="2" m="32855" /><F15/><W99/><REACH who="3" step="1"/><G38/><REACH who="3" ten="259,136,344,251" step="2"/><T18/><REACH who="0" step="1"/><D8/><REACH who="0" ten="249,136,344,251" step="2"/><U86/><E126/><V72/><F72/><W82/><G82/><T61/><D61/><U57/><E57/><V51/><F51/><W65/><G65/><T135/><D135/><U76/><E76/><RYUUKYOKU ba="0,2" sc="249,0,136,0,344,0,251,0" hai0="18,19,21,22,23,30,35,36,43,45,52,53,55" hai1="86,128,129,130" hai2="4,9,13,16,32,33,34" hai3="17,24,25,27,89,90,93,95,98,99" /><INIT seed="4,1,2,3,2,64" ten="249,136,344,251" oya="0" hai0="40,48,102,81,100,95,105,3,70,76,86,109,18" hai1="118,60,133,132,74,66,112,23,80,8,93,131,44" hai2="41,30,98,119,49,14,43,84,75,21,0,134,129" hai3="15,90,99,108,124,127,46,13,22,31,28,128,106"/><T121/><D121/><U37/><E118/><V104/><F75/><W5/><G108/><T32/><D32/><U89/><E131/><V113/><F0/><W115/><G128/><T111/><D3/><U83/><E112/><V12/><F129/><W59/><G115/><T24/><D70/><N who="1" m="42311" /><E74/><V91/><F113/><W63/><G46/><T94/><D105/><U1/><E23/><V54/><F134/><N who="1" m="51817" /><E37/><V71/><F71/><W42/><G42/><T122/><D122/><U110/><E44/><V92/><F119/><W114/><G114/><T19/><D24/><U67/><E67/><V107/><F107/><W79/><G79/><T78/><D40/><U116/><E116/><V57/><F104/><W36/><G36/><T52/><D78/><U9/><E110/><N who="0" m="41993" /><D95/><U85/><E8/><V87/><F41/><W53/><G5/><AGARI ba="1,2" hai="1,5,9,80,83,85,89,93" m="51817,42311" machi="5" ten="30,2000,0" yaku="20,1,52,1" doraHai="64" who="1" fromWho="3" sc="249,0,136,43,344,0,251,-23" /><INIT seed="5,0,0,5,3,125" ten="249,179,344,228" oya="1" hai0="71,15,40,123,110,127,77,53,115,133,101,58,84" hai1="45,92,2,65,44,86,126,82,135,111,68,108,4" hai2="104,59,3,69,96,20,60,0,52,31,12,105,120" hai3="23,48,50,94,121,122,16,10,100,89,103,132,88"/><U37/><E126/><V67/><F120/><W36/><G36/><T51/><D110/><N who="1" m="42027" /><E135/><V26/><F12/><N who="3" m="7191" /><G121/><T24/><D123/><U28/><E28/><V87/><F87/><N who="3" m="52511" /><G122/><T85/><D71/><U9/><E92/><V17/><F3/><W54/><G132/><T19/><D127/><U106/><E106/><V46/><F0/><W64/><G64/><T49/><D115/><U42/><E44/><V29/><F46/><W63/><G89/><T5/><D133/><U13/><E2/><V66/><F66/><W107/><G107/><T113/><D101/><N who="3" m="38985" /><G23/><N who="0" m="13439" /><D77/><N who="1" m="46415" /><E65/><V114/><F114/><W38/><G38/><T119/><D113/><U91/><E91/><V7/><F105/><W35/><G35/><T55/><D119/><U112/><E112/><V21/><F104/><W79/><G79/><T90/><D90/><U6/><E68/><V134/><F134/><W98/><G98/><T117/><D117/><U39/><E37/><V74/><F96/><W78/><G78/><T30/><D85/><U43/><E43/><V81/><F69/><W128/><G128/><T129/><D40/><U34/><E34/><V14/><F67/><W8/><G8/><N who="0" m="4495" /><D129/><U22/><E22/><V47/><F20/><W124/><G124/><T131/><D131/><U33/><E33/><V80/><F21/><W130/><G130/><T1/><D1/><U97/><E97/><V32/><F32/><W61/><G50/><T116/><D116/><U76/><E76/><V95/><F47/><AGARI ba="0,0" hai="47,48,54,61,63" m="38985,52511,7191" machi="47" ten="30,3900,0" yaku="8,1,54,2" doraHai="125" who="3" fromWho="2" sc="249,0,179,0,344,-39,228,39" /><INIT seed="6,0,0,2,3,40" ten="249,179,305,267" oya="2" hai0="81,71,53,18,47,70,35,16,80,22,97,90,104" hai1="30,19,17,8,122,101,57,102,108,123,132,59,45" hai2="76,106,82,7,10,117,61,9,3,28,91,11,72" hai3="83,107,64,116,4,44,34,135,25,114,52,62,115"/><V131/><F117/><W87/><G116/><T65/><D35/><U134/><E8/><V94/><F106/><W78/><G107/><T85/><D81/><U37/><E37/><V41/><F131/><W2/><G135/><N who="1" m="51754" /><E30/><V24/><F61/><W13/><G2/><T38/><D18/><N who="1" m="6667" /><E108/><V74/><F41/><W58/><G34/><T68/><D65/><U69/><E45/><V48/><F48/><N who="3" m="28679" /><G25/><T99/><D104/><U20/><E69/><V49/><F49/><W33/><G33/><T79/><D79/><U67/><E67/><V6/><F6/><W26/><G26/><T112/><D53/><U133/><N who="1" m="51762" /><U125/><DORA hai="111" /><E20/><V118/><F118/><W109/><G109/><T23/><D23/><U56/><E125/><V39/><F39/><W92/><G92/><T32/><D32/><U14/><E14/><V105/><F105/><W46/><G46/><T55/><D55/><U84/><E84/><V110/><F110/><W95/><G95/><T93/><D93/><U129/><E129/><V73/><F73/><W0/><G0/><T113/><D47/><U128/><E128/><V5/><F74/><W15/><G4/><T27/><REACH who="0" step="1"/><D38/><REACH who="0" ten="239,179,305,267" step="2"/><U127/><E127/><V121/><F3/><W36/><G36/><T120/><D120/><AGARI ba="0,1" hai="56,57,59,101,102,120,122,123" m="6667,51762" machi="120" ten="50,8000,1" yaku="28,2,13,1,20,1" doraHai="40,111" who="1" fromWho="0" sc="239,-80,179,90,305,0,267,0" /><INIT seed="7,0,0,2,4,64" ten="159,269,305,267" oya="3" hai0="45,88,54,17,92,20,109,130,24,97,116,33,129" hai1="39,4,95,113,133,69,14,0,3,68,123,76,49" hai2="2,84,16,37,126,82,134,125,80,61,101,131,112" hai3="96,30,65,108,18,118,57,67,110,72,98,114,26"/><W11/><G118/><T51/><D109/><N who="3" m="42089" /><G72/><T132/><D116/><U128/><E123/><V13/><F112/><W29/><G114/><T100/><D132/><U31/><E39/><V121/><F121/><W28/><G57/><T7/><D7/><U120/><E120/><V107/><F131/><W86/><G86/><T48/><D33/><U1/><E113/><V59/><F134/><W127/><G127/><N who="2" m="48649" /><F37/><W9/><G26/><T75/><D75/><U56/><E133/><V5/><F5/><W27/><G27/><T55/><REACH who="0" step="1"/><D100/><REACH who="0" ten="149,269,305,267" step="2"/><U90/><E4/><V79/><F101/><W105/><G105/><T41/><D41/><U73/><E73/><V119/><F107/><W103/><G103/><T19/><D19/><U25/><E31/><V47/><F119/><W53/><G18/><T77/><D77/><U6/><E76/><V87/><F79/><W63/><G30/><T106/><D106/><U124/><E124/><V44/><F2/><W91/><G29/><T50/><D50/><U12/><E6/><V38/><F38/><W102/><G28/><T36/><D36/><U81/><E3/><V85/><F80/><W71/><G102/><T60/><D60/><U23/><E81/><V22/><F82/><W40/><G40/><T83/><D83/><U62/><E0/><V74/><F74/><W66/><G63/><T99/><D99/><N who="1" m="57847" /><E1/><V42/><F42/><W21/><G98/><T117/><D117/><U94/><E49/><V46/><F61/><W8/><G96/><T32/><D32/><U78/><E62/><V89/><F89/><W93/><G91/><RYUUKYOKU ba="0,1" sc="149,15,269,-15,305,15,267,-15" hai0="17,20,24,45,48,51,54,55,88,92,97,129,130" hai2="13,16,22,44,46,47,59,84,85,87" owari="164,-34.0,254,5.0,330,44.0,252,-15.0" /></mjloggm>