<mjloggm ver="2.3"><GO type="169" lobby="0"/><UN n0="%E5%87%9C%E7%94%B0%E8%8E%89%E5%AD%90" n1="%E3%83%88%E3%83%88%E3%83%AA%E5%85%88%E7%94%9F%31%39%E6%AD%B3" n2="%E6%A4%8B%E5%A4%A7%E6%A8%B9" n3="%E8%97%A4%E7%94%B0%E9%9D%96%E5%AD%90%E3%83%97%E3%83%AD" dan="16,19,17,17" rate="2123.74,2268.71,2176.32,2133.93" sx="M,F,M,F"/><TAIKYOKU oya="0"/><INIT seed="0,0,0,3,2,57" ten="250,250,250,250" oya="0" hai0="37,75,96,65,94,118,77,39,102,122,48,52,26" hai1="23,109,76,35,31,46,27,135,116,128,24,21,119" hai2="10,8,15,90,3,88,93,101,33,106,85,45,16" hai3="91,79,55,70,71,42,103,41,53,17,54,132,7"/><T108/><D118/><U64/><E76/><V124/><F33/><W20/><G132/><T126/><D122/><U4/><E46/><V114/><F114/><W131/><G131/><T44/><D126/><U111/><E64/><V49/><F124/><W36/><G7/><T50/><D108/><N who="1" m="41547" /><E35/><V80/><F106/><W2/><G2/><T92/><D65/><U13/><E128/><V9/><F101/><W84/><G79/><T87/><D75/><U12/><E135/><V18/><F18/><W74/><G103/><T113/><D113/><U6/><E6/><V129/><F3/><W58/><G74/><T47/><D26/><U40/><E40/><V112/><F112/><W43/><G36/><T28/><D28/><N who="1" m="17423" /><E4/><V67/><F67/><W34/><G34/><T81/><REACH who="0" step="1"/><D92/><REACH who="0" ten="240,250,250,250" step="2"/><U66/><E66/><V29/><F129/><W72/><G72/><T95/><D95/><U25/><E27/><V1/><F29/><W115/><G115/><T63/><D63/><U19/><E31/><V121/><F121/><W0/><G71/><T11/><D11/><U86/><E116/><V125/><F125/><W32/><G70/><T68/><D68/><U5/><E119/><V51/><F1/><W99/><G0/><T120/><D120/><U60/><E25/><V105/><F8/><W127/><G127/><T117/><D117/><U83/><E60/><V61/><F9/><W56/><G32/><T123/><D123/><U73/><E73/><V130/><F130/><W134/><G134/><T133/><D133/><U69/><E69/><V82/><F10/><W59/><G20/><RYUUKYOKU ba="0,1" sc="240,30,250,-10,250,-10,250,-10" hai0="37,39,44,47,48,50,52,77,81,87,94,96,102" /><INIT seed="0,1,1,2,3,78" ten="270,240,240,240" oya="0" hai0="119,27,17,72,8,39,24,5,40,46,14,67,124" hai1="88,26,37,2,94,61,69,3,13,54,129,53,47" hai2="23,101,84,122,100,103,9,97,44,50,86,93,98" hai3="87,15,106,60,135,41,90,75,48,125,79,108,35"/><T10/><D119/><U49/><E129/><V104/><F122/><W133/><G35/><T4/><D124/><U1/><E37/><V56/><F56/><W30/><G125/><T82/><D67/><U63/><E69/><V21/><F9/><W95/><G30/><T130/><D130/><U18/><E26/><V99/><F104/><W96/><G108/><T109/><D109/><U127/><E54/><V102/><N who="2" m="25600" /><DORA hai="22" /><V16/><F93/><W51/><G106/><T118/><D118/><U28/><E28/><V76/><F76/><W120/><G75/><T25/><D72/><U64/><E64/><V12/><REACH who="2" step="1"/><F21/><REACH who="2" ten="270,240,230,240" step="2"/><W55/><G120/><T134/><D134/><U112/><E127/><V121/><F121/><W62/><G135/><T110/><D110/><U71/><E71/><V20/><F20/><W117/><G117/><T38/><D82/><U116/><E116/><V92/><F92/><W58/><G133/><T6/><REACH who="0" step="1"/><D39/><REACH who="0" ten="260,240,230,240" step="2"/><U73/><E94/><V80/><F80/><W126/><G126/><T31/><D31/><U132/><E132/><V42/><AGARI ba="1,3" hai="12,16,23,42,44,50,84,86,97,98,99" m="25600" machi="42" ten="50,8000,1" yaku="1,1,0,1,8,1,54,1,53,0" doraHai="78,22" doraHaiUra="77,68" who="2" fromWho="2" sc="260,-41,240,-21,230,113,240,-21" /><INIT seed="1,0,0,3,0,15" ten="219,219,343,219" oya="1" hai0="36,28,121,21,101,115,85,103,19,109,64,114,65" hai1="130,69,37,27,29,12,135,38,123,113,1,77,34" hai2="44,4,47,118,124,32,7,133,63,43,111,87,97" hai3="82,79,52,3,48,112,67,5,16,106,68,45,39"/><U96/><E69/><V129/><F32/><W117/><G112/><T31/><D36/><U92/><E113/><V17/><F118/><W88/><G106/><T89/><D109/><U131/><E123/><V57/><F111/><W66/><G39/><T9/><D121/><U116/><E116/><V110/><F124/><W50/><G117/><T20/><D9/><U42/><E1/><V122/><F122/><W51/><G5/><T90/><REACH who="0" step="1"/><D85/><REACH who="0" ten="209,219,343,219" step="2"/><U128/><E38/><V53/><F87/><N who="3" m="50295" /><G3/><T71/><D71/><U70/><E70/><V102/><F110/><W93/><G68/><T86/><D86/><U54/><E37/><V94/><F129/><W49/><G79/><T56/><D56/><U119/><E119/><V14/><F133/><W2/><G2/><T108/><D108/><U78/><E135/><V132/><F132/><W74/><G74/><T40/><D40/><U84/><E42/><V99/><F99/><W91/><G91/><T24/><D24/><U46/><E84/><V58/><F58/><W61/><G93/><T30/><D30/><U125/><E125/><V0/><F0/><W18/><G67/><T26/><D26/><U55/><E78/><V11/><F43/><N who="3" m="24639" /><G66/><T100/><D100/><N who="1" m="60423" /><E77/><V134/><F134/><W76/><G76/><T60/><D60/><U75/><E75/><V126/><F126/><W41/><G41/><T22/><D22/><U33/><E33/><V8/><F8/><W35/><G35/><T83/><D83/><U127/><E127/><V59/><F59/><AGARI ba="0,1" hai="16,18,49,50,51,52,59,61" m="24639,50295" machi="59" ten="30,12000,2" yaku="8,1,52,2,54,3" doraHai="15" who="3" fromWho="2" sc="209,0,219,0,343,-120,219,130" /><INIT seed="2,0,0,3,1,100" ten="209,219,223,349" oya="2" hai0="94,131,10,1,84,25,40,126,102,117,58,61,92" hai1="48,30,105,44,5,108,95,96,101,6,45,135,74" hai2="89,90,33,114,111,113,109,91,66,127,35,41,38" hai3="50,64,86,68,15,34,47,55,8,129,93,81,85"/><V80/><F66/><W121/><G121/><T124/><D131/><U23/><E74/><V56/><F56/><W67/><G129/><T133/><D133/><U49/><E135/><V72/><F41/><W51/><G34/><T3/><D117/><U37/><E37/><V97/><F38/><W115/><G115/><N who="2" m="44041" /><F33/><W63/><G51/><T12/><D40/><U39/><E39/><V76/><F35/><W69/><G69/><T62/><D25/><U59/><E59/><V88/><F127/><N who="0" m="48682" /><D102/><U28/><E23/><V118/><F118/><W36/><G36/><T78/><D3/><U130/><E130/><V112/><N who="2" m="44049" /><V60/><DORA hai="29" /><F60/><N who="0" m="23146" /><D58/><U18/><E44/><V104/><N who="2" m="22528" /><DORA hai="98" /><V13/><F13/><W46/><G46/><T71/><D1/><U103/><E45/><V128/><F128/><W57/><G68/><T24/><D24/><U27/><E27/><V75/><F75/><W22/><G63/><T106/><D71/><U134/><E134/><V70/><F70/><W107/><G57/><T116/><D116/><U77/><E48/><V119/><F119/><W87/><G67/><T26/><D26/><U83/><E49/><V42/><F42/><W82/><G64/><T99/><D12/><U17/><E30/><V123/><F123/><W20/><G50/><T32/><D32/><U132/><E28/><V79/><F79/><W21/><G47/><T125/><D10/><U2/><E132/><V52/><F52/><W14/><G55/><T54/><D54/><U120/><E120/><V19/><F19/><W43/><G43/><T122/><D125/><RYUUKYOKU ba="0,0" sc="209,-10,219,-10,223,30,349,-10" hai2="72,76,80,97,104,109,111" /><INIT seed="2,1,0,0,2,126" ten="199,209,253,339" oya="2" hai0="118,134,81,3,11,112,25,35,51,124,129,89,86" hai1="8,100,123,132,90,93,33,4,128,17,52,28,91" hai2="22,20,74,69,43,55,79,47,76,45,106,84,94" hai3="21,101,54,95,16,65,34,85,78,113,75,23,130"/><V87/><F106/><W111/><G34/><T50/><D112/><U121/><E132/><V12/><F69/><W97/><G113/><T80/><D124/><U57/><E17/><V42/><F55/><W53/><G111/><T119/><D134/><U14/><E100/><V31/><F94/><W44/><G75/><T120/><D120/><N who="1" m="46155" /><E93/><V104/><F104/><W19/><G65/><T133/><D133/><U18/><E128/><V49/><F74/><W68/><G130/><T72/><D129/><U88/><E28/><V58/><F58/><W41/><G68/><T102/><D102/><U96/><E33/><V82/><F12/><N who="3" m="9351" /><G41/><T9/><D35/><U73/><E73/><V77/><F31/><W29/><G29/><T36/><D36/><U62/><E96/><V37/><REACH who="2" step="1"/><F79/><REACH who="2" ten="199,209,243,339" step="2"/><W66/><G78/><T135/><D72/><U109/><E109/><V114/><F114/><W5/><G95/><T10/><D135/><U24/><E90/><V116/><F116/><W13/><G13/><T70/><D89/><U105/><E105/><V39/><F39/><W98/><G54/><T131/><D131/><U108/><E108/><V117/><F117/><W1/><G53/><T107/><D107/><U125/><E125/><V56/><F56/><W59/><G59/><T46/><D70/><U26/><E26/><V64/><F64/><W63/><G66/><T15/><D25/><U127/><E127/><V60/><F60/><W0/><G63/><T48/><D118/><U67/><E67/><V7/><F7/><W122/><G5/><T32/><D119/><U38/><E38/><RYUUKYOKU ba="1,1" sc="199,-15,209,15,243,15,339,-15" hai1="4,8,14,18,24,52,57,62,88,91" hai2="20,22,37,42,43,45,47,49,76,77,82,84,87" /><INIT seed="2,2,1,4,3,121" ten="184,224,258,324" oya="2" hai0="94,126,81,56,117,82,2,119,61,54,0,101,120" hai1="86,8,52,95,38,104,93,70,27,29,25,49,63" hai2="24,71,20,13,39,1,28,113,97,106,109,135,11" hai3="108,57,55,92,64,85,89,32,132,130,6,43,22"/><V17/><F71/><W74/><G32/><T114/><D120/><U134/><E104/><V19/><F39/><W40/><G74/><T45/><D114/><U37/><E134/><V75/><F75/><W79/><G79/><T42/><D126/><U53/><E8/><V103/><F113/><W59/><G132/><T110/><D110/><U23/><E93/><V116/><F135/><W107/><G108/><T67/><D101/><U115/><E115/><V48/><F116/><N who="0" m="44618" /><D94/><U73/><E73/><V68/><F68/><W122/><G107/><T128/><D67/><U124/><E124/><V118/><F118/><W46/><G46/><T87/><D128/><U131/><E131/><V102/><F109/><W44/><G44/><T76/><D82/><U3/><E3/><V100/><F1/><W47/><G47/><T58/><D58/><U5/><E5/><V10/><REACH who="2" step="1"/><F48/><AGARI ba="2,1" hai="0,2,42,45,48,54,56,61,76,81,87" m="44618" machi="48" ten="30,1000,0" yaku="12,1" doraHai="121" who="0" fromWho="2" sc="184,26,224,0,258,-16,324,0" /><INIT seed="3,0,0,2,5,73" ten="210,224,242,324" oya="3" hai0="129,101,52,24,10,85,12,114,5,63,126,38,127" hai1="48,21,15,80,45,123,116,70,112,2,28,130,68" hai2="57,64,16,86,81,113,50,27,18,93,110,105,109" hai3="78,61,121,103,13,23,75,106,47,37,8,117,133"/><W39/><G117/><T94/><D129/><U58/><E123/><V20/><F105/><W69/><G121/><T42/><D114/><U59/><E2/><V3/><F3/><W128/><G128/><T88/><D101/><U98/><E130/><V89/><F113/><W35/><G133/><T135/><D135/><U97/><E112/><V22/><F64/><W95/><G35/><T62/><D24/><N who="1" m="16399" /><E70/><V66/><F66/><W108/><G106/><T131/><D131/><U46/><E68/><V49/><F81/><W67/><G23/><T87/><D87/><U33/><E46/><V60/><F60/><W71/><G71/><T34/><D34/><U82/><E15/><V111/><REACH who="2" step="1"/><F57/><REACH who="2" ten="210,224,232,324" step="2"/><W29/><G61/><T19/><D63/><U30/><E59/><V0/><F0/><W6/><G67/><T92/><D62/><U11/><E58/><V54/><F54/><W25/><G69/><T125/><D52/><N who="1" m="29711" /><E82/><V17/><F17/><W26/><G29/><T100/><D19/><U134/><E80/><V102/><F102/><W104/><G103/><T115/><D115/><U74/><E134/><V53/><F53/><W96/><G104/><T120/><D120/><U132/><E132/><V76/><F76/><W4/><G78/><T99/><D42/><U51/><E30/><V40/><F40/><W72/><G4/><T1/><D1/><U44/><E116/><V9/><F9/><W32/><G8/><T55/><D55/><U41/><E11/><V43/><F43/><W124/><G6/><T77/><D77/><U118/><E118/><V122/><F122/><RYUUKYOKU ba="0,1" sc="210,15,224,-15,232,15,324,-15" hai0="5,10,12,38,85,88,92,94,99,100,125,126,127" hai2="16,18,20,22,27,49,50,86,89,93,109,110,111" /><INIT seed="4,1,1,5,2,27" ten="225,209,247,309" oya="0" hai0="21,103,19,93,65,92,4,88,12,49,135,54,61" hai1="75,56,8,97,128,40,20,7,1,69,131,130,84" hai2="57,116,90,125,132,82,80,32,30,122,115,101,76" hai3="18,70,79,55,121,120,24,99,64,81,28,108,41"/><T15/><D135/><U87/><E69/><V36/><F36/><W104/><G108/><T124/><D124/><U51/><E75/><V73/><F32/><W42/><G18/><T35/><D35/><U5/><E5/><V58/><F30/><W83/><G55/><T112/><D112/><U9/><E9/><V106/><F57/><W111/><G111/><T62/><D103/><U85/><E97/><N who="2" m="61743" /><F58/><W119/><G119/><T94/><D88/><U113/><E113/><V86/><F115/><W34/><G99/><T127/><D127/><U98/><E98/><V11/><F11/><W29/><G104/><T78/><D78/><U44/><E56/><V0/><F0/><W71/><G83/><T25/><D4/><U95/><REACH who="1" step="1"/><E20/><REACH who="1" ten="225,199,247,309" step="2"/><V23/><F23/><W22/><G71/><T67/><D67/><U117/><E117/><V129/><F116/><W53/><G64/><T133/><D133/><U37/><E37/><V10/><F10/><W2/><G70/><T6/><D6/><U72/><E72/><V74/><F132/><W31/><G34/><T43/><D65/><U3/><E3/><V13/><F125/><W110/><G2/><T66/><D66/><U45/><E45/><V63/><F73/><W96/><G110/><T107/><D21/><U50/><E50/><V77/><F74/><N who="3" m="43255" /><G96/><T48/><D48/><U33/><E33/><V17/><F63/><W123/><G22/><T39/><D62/><U102/><E102/><V91/><F86/><W105/><G105/><T100/><D61/><U89/><AGARI ba="1,2" hai="1,7,8,40,44,51,84,85,87,89,95,128,130,131" machi="89" ten="40,8000,1" yaku="1,1,0,1,19,1,53,1" doraHai="27" doraHaiUra="47" who="1" fromWho="1" sc="225,-41,199,103,247,-21,309,-21" /><INIT seed="5,0,0,0,5,48" ten="184,302,226,288" oya="1" hai0="99,96,111,28,121,11,8,3,84,56,61,110,124" hai1="106,41,125,82,86,112,27,30,89,15,105,13,31" hai2="120,23,107,134,34,20,77,16,37,38,119,32,40" hai3="75,0,79,117,103,127,81,68,104,26,108,21,98"/><U57/><E112/><V93/><F119/><W29/><G117/><T33/><D124/><U4/><E125/><V24/><F120/><W135/><G127/><T122/><D84/><U100/><E41/><V10/><F107/><W80/><G135/><T46/><D46/><U95/><E105/><V91/><F134/><W39/><G39/><T18/><D18/><U132/><E132/><V42/><F77/><W64/><G108/><N who="0" m="41515" /><D28/><U69/><E69/><V2/><F23/><W17/><G0/><T97/><D33/><U60/><E106/><V35/><F37/><W6/><G6/><T25/><D25/><U45/><E45/><V115/><F115/><W72/><G68/><T62/><D3/><U36/><E36/><V1/><F1/><W83/><G64/><T47/><D47/><U55/><E4/><V128/><F128/><W90/><G72/><T14/><D14/><N who="1" m="5131" /><E27/><V66/><F66/><W76/><G76/><T51/><D51/><U43/><E43/><V71/><F71/><W67/><G67/><N who="0" m="39335" /><D62/><U59/><E59/><V118/><F118/><W133/><G133/><T116/><D116/><U113/><E113/><V73/><F73/><W52/><G29/><T54/><D121/><U58/><E58/><V101/><F38/><W53/><G75/><T92/><D122/><U126/><E126/><V130/><F130/><W7/><G7/><T22/><D11/><U102/><E102/><V94/><F2/><W88/><REACH who="3" step="1"/><G79/><REACH who="3" ten="184,302,226,278" step="2"/><T65/><D65/><U50/><E60/><V114/><F114/><W5/><G5/><T49/><D8/><U9/><E9/><RYUUKYOKU ba="0,1" sc="184,-15,302,15,226,-15,278,15" hai1="30,31,50,55,57,82,86,89,95,100" hai3="17,21,26,52,53,80,81,83,88,90,98,103,104" /><INIT seed="5,1,1,1,5,110" ten="169,317,211,293" oya="1" hai0="54,32,52,79,116,25,120,7,64,133,39,38,97" hai1="50,80,67,131,103,104,130,99,76,9,35,106,29" hai2="121,23,108,70,68,129,2,4,30,36,73,3,11" hai3="125,55,47,113,81,53,87,134,61,20,51,127,117"/><U15/><E67/><V24/><F73/><W118/><G134/><T65/><D116/><N who="3" m="44649" /><G20/><T93/><D133/><U135/><E135/><V94/><F36/><W63/><G113/><T119/><D119/><U26/><E50/><V71/><F108/><W28/><G28/><T27/><D7/><U31/><E31/><V98/><F121/><W85/><G85/><T72/><D93/><U107/><E80/><V124/><F124/><N who="3" m="47691" /><G55/><T57/><D97/><U101/><E76/><AGARI ba="1,1" hai="47,51,53,61,63,76,81,87" m="47691,44649" machi="76" ten="30,2000,0" yaku="12,1,18,1" doraHai="110" who="3" fromWho="1" sc="169,0,317,-23,211,0,293,33" /><INIT seed="6,0,0,1,5,55" ten="169,294,211,326" oya="2" hai0="52,112,133,134,115,50,127,99,82,8,108,17,40" hai1="135,30,51,86,37,110,26,93,123,3,83,104,76" hai2="0,70,21,36,34,120,90,25,20,9,57,58,77" hai3="48,100,62,35,39,84,13,4,80,61,67,28,46"/><V59/><F120/><W64/><G39/><T78/><D108/><U107/><E110/><V126/><F70/><W111/><G111/><T118/><D127/><U12/><E37/><V96/><F36/><W101/><G35/><T15/><D40/><U74/><E3/><V109/><F109/><W24/><G24/><T105/><D118/><U11/><E123/><V23/><F34/><W41/><G28/><T97/><D78/><U121/><E135/><N who="0" m="51721" /><D82/><U85/><E74/><V14/><F0/><W54/><G54/><T87/><D87/><U116/><E116/><V131/><F131/><W130/><G130/><T114/><D105/><U45/><E93/><N who="2" m="56375" /><F126/><W113/><G113/><N who="0" m="28931" /><T94/><DORA hai="19" /><D94/><U72/><E85/><V122/><F122/><W33/><G33/><T60/><D60/><U43/><E72/><V102/><F77/><N who="3" m="46095" /><G62/><T68/><D68/><U29/><E121/><V71/><F71/><N who="3" m="42383" /><G67/><T119/><D119/><U117/><E117/><V18/><F102/><W49/><G49/><T95/><D95/><U106/><E106/><V75/><F75/><W103/><G103/><T2/><D2/><U89/><E104/><V44/><F44/><AGARI ba="0,0" hai="8,15,17,44,50,52,97,99" m="28931,51721" machi="44" ten="40,5200,0" yaku="20,1,15,1,54,1" doraHai="55,19" who="0" fromWho="2" sc="169,52,294,0,211,-52,326,0" /><INIT seed="7,0,0,4,0,40" ten="221,294,159,326" oya="3" hai0="131,22,67,76,87,69,123,98,19,33,135,102,85" hai1="54,116,74,64,15,65,113,115,109,20,18,32,117" hai2="35,100,130,59,79,17,5,66,120,53,103,9,119" hai3="56,110,63,61,13,38,118,93,10,6,86,126,62"/><W36/><G118/><N who="1" m="45674" /><E74/><V112/><F119/><W26/><G126/><T84/><D22/><U71/><E109/><V94/><F112/><N who="1" m="43081" /><E32/><V44/><F130/><W47/><G110/><T48/><D48/><U104/><E104/><V129/><F129/><W3/><G3/><T60/><D19/><U42/><E71/><V70/><F70/><W106/><G106/><T28/><D87/><U82/><E82/><V77/><F35/><W55/><G38/><T37/><D37/><U95/><E95/><V96/><F17/><W72/><G72/><T124/><D102/><U30/><E30/><V51/><F103/><W88/><REACH who="3" step="1"/><G26/><REACH who="3" ten="221,294,159,316" step="2"/><T45/><D124/><U128/><E128/><V43/><F120/><W27/><G27/><T90/><D123/><U8/><E42/><AGARI ba="0,1" hai="6,10,13,36,42,47,55,56,61,62,63,86,88,93" machi="42" ten="40,12000,1" yaku="1,1,52,1,54,1,53,1" doraHai="40" doraHaiUra="7" who="3" fromWho="1" sc="221,0,294,-120,159,0,316,130" owari="221,2.0,174,-23.0,159,-34.0,446,55.0" /></mjloggm>