<mjloggm ver="2.3"><GO type="169" lobby="0"/><UN n0="%E3%81%AF%E3%81%84%E3%81%A6%E3%82%93%E3%81%BC%E3%83%BC" n1="%E3%82%A6%E3%83%AB%E3%83%88%E3%83%A9%E7%AB%8B%E7%9B%B4" n2="%E4%BA%BA%E7%94%9F%E6%AE%8B%E3%82%8A%E5%8D%83%E7%82%B9" n3="%E6%AC%A1%E3%81%AF%E6%B3%95%E5%BB%B7%E3%81%A7%E4%BC%9A%E3%81%8A%E3%81%86" dan="17,18,16,17" rate="2207.87,2250.04,2081.65,2210.06" sx="M,M,M,M"/><TAIKYOKU oya="0"/><INIT seed="0,0,0,0,0,78" ten="250,250,250,250" oya="0" hai0="74,116,80,17,124,93,129,68,128,40,85,54,95" hai1="63,101,41,104,13,98,99,1,51,70,131,58,30" hai2="79,0,21,72,50,46,110,132,32,29,14,5,102" hai3="69,36,12,90,7,103,130,109,89,60,127,66,61"/><T42/><D116/><U118/><E1/><V8/><F110/><W117/><G117/><T33/><D74/><U114/><E118/><V133/><F102/><W121/><G109/><T25/><D68/><U55/><E131/><N who="0" m="50249" /><D54/><U83/><E114/><V59/><F59/><W86/><G130/><T11/><D124/><U126/><E126/><V9/><F79/><W122/><G36/><T37/><D37/><U22/><E99/><V56/><F72/><W75/><G75/><T19/><D11/><U125/><E125/><V134/><F56/><W81/><G127/><T52/><D33/><U24/><E13/><V28/><F50/><W107/><G61/><T135/><D135/><U3/><E3/><V73/><F46/><W23/><G90/><N who="0" m="51495" /><D52/><U2/><E2/><V92/><F73/><W48/><G48/><T47/><D47/><U43/><E70/><V87/><F32/><W97/><REACH who="3" step="1"/><G23/><REACH who="3" ten="250,250,250,240" step="2"/><N who="0" m="13551" /><D19/><U65/><E51/><V91/><F21/><W53/><G53/><T115/><D115/><U112/><E55/><V49/><F49/><W82/><G82/><T76/><D76/><U64/><E112/><V31/><F132/><W39/><G39/><T44/><D44/><U105/><E83/><V15/><F133/><W4/><G4/><T16/><D16/><U100/><E65/><V27/><F134/><W113/><G113/><T62/><D62/><U111/><E111/><V35/><F9/><AGARI ba="0,1" hai="7,9,12,60,66,69,81,86,89,97,103,107,121,122" machi="9" ten="40,5200,0" yaku="1,1,52,1,53,1" doraHai="78" doraHaiUra="96" who="3" fromWho="2" sc="250,0,250,0,250,-52,240,62" /><INIT seed="1,0,0,3,5,128" ten="250,250,198,302" oya="1" hai0="74,87,84,53,85,46,50,114,130,19,56,123,107" hai1="115,59,83,33,34,65,2,67,41,82,109,35,62" hai2="86,36,69,124,101,5,15,38,66,72,129,30,31" hai3="26,40,29,122,121,102,22,47,23,44,92,106,11"/><U58/><E115/><V98/><F129/><W120/><G106/><T16/><D114/><U39/><E2/><V112/><F112/><W55/><G55/><T52/><D74/><U71/><E109/><V0/><F124/><W93/><G47/><T79/><D130/><U77/><E39/><V116/><F72/><W113/><G113/><T9/><D107/><U25/><E41/><V105/><F116/><W27/><G11/><T13/><D123/><U6/><E6/><V48/><F48/><W81/><G81/><T117/><D117/><U100/><E100/><V37/><F0/><W103/><G103/><T80/><D19/><U14/><E14/><V132/><F86/><W63/><G63/><AGARI ba="0,0" hai="9,13,16,46,50,52,53,56,63,79,80,84,85,87" machi="63" ten="30,7700,0" yaku="7,1,8,1,54,2" doraHai="128" who="0" fromWho="3" sc="250,77,250,0,198,0,302,-77" /><INIT seed="2,0,0,1,3,113" ten="327,250,198,225" oya="2" hai0="80,4,79,96,117,116,9,92,110,126,109,11,63" hai1="24,22,62,19,123,58,40,112,98,102,122,103,114" hai2="72,21,104,87,47,105,28,39,17,15,133,130,93" hai3="107,128,94,49,95,118,67,68,69,64,125,12,0"/><V27/><F130/><W66/><G0/><T8/><D4/><U106/><E102/><V90/><F133/><W54/><G107/><T115/><D63/><U120/><REACH who="1" step="1"/><E40/><REACH who="1" ten="327,240,198,225" step="2"/><V71/><F71/><W18/><G69/><T131/><D115/><U108/><E108/><N who="0" m="41577" /><D131/><U29/><E29/><V41/><REACH who="2" step="1"/><F72/><REACH who="2" ten="327,240,188,225" step="2"/><W86/><G128/><T121/><D121/><U77/><E77/><V65/><F65/><AGARI ba="0,2" hai="19,22,24,58,62,65,98,103,106,112,114,120,122,123" machi="65" ten="40,2600,0" yaku="1,1,13,1,53,0" doraHai="113" doraHaiUra="42" who="1" fromWho="2" sc="327,0,240,46,188,-26,225,0" /><INIT seed="3,0,0,0,1,79" ten="327,286,162,225" oya="3" hai0="33,93,70,106,66,103,90,50,30,114,32,2,59" hai1="117,134,6,71,81,39,129,12,99,80,104,74,82" hai2="98,35,115,107,72,3,88,121,86,10,62,41,11" hai3="14,112,20,68,34,22,52,43,64,131,56,63,126"/><W96/><G112/><T95/><D2/><U25/><E39/><V124/><F115/><W5/><G131/><T0/><D0/><U108/><E71/><V47/><F124/><W28/><G126/><T17/><D106/><U76/><E108/><V65/><F121/><W27/><G43/><T67/><D70/><U135/><E129/><V57/><F72/><W83/><G96/><T78/><D78/><U8/><E117/><V1/><F35/><W40/><G40/><T21/><D30/><U46/><E46/><V116/><F116/><W24/><G83/><T102/><D33/><U73/><E25/><V105/><F1/><W113/><G113/><T31/><D31/><U132/><E74/><V100/><F107/><W111/><G111/><T125/><D32/><U85/><E73/><V84/><F84/><W69/><G69/><T130/><D130/><U122/><E122/><V87/><F87/><W77/><G77/><T118/><D118/><U101/><AGARI ba="0,0" hai="6,8,12,76,80,81,82,85,99,101,104,132,134,135" machi="101" ten="40,8000,1" yaku="0,1,20,1,52,3" doraHai="79" who="1" fromWho="1" sc="327,-20,286,80,162,-20,225,-40" /><INIT seed="4,0,0,3,3,25" ten="307,366,142,185" oya="0" hai0="79,135,99,36,97,12,117,69,58,33,30,41,40" hai1="28,82,32,48,49,22,35,56,90,121,39,115,47" hai2="8,43,100,10,111,73,60,52,133,114,116,3,6" hai3="34,15,112,0,46,63,106,122,93,68,96,20,129"/><T102/><D69/><U29/><E121/><V128/><F111/><W72/><G0/><T65/><D117/><U64/><E39/><V76/><F116/><W131/><G34/><T87/><D36/><U83/><E115/><V130/><F114/><W55/><G112/><T74/><D74/><U16/><E35/><V27/><F133/><W17/><G72/><T89/><D79/><U84/><E82/><V124/><F43/><W110/><G110/><T71/><D71/><U37/><E32/><V62/><F124/><W26/><G122/><T31/><D33/><U134/><E37/><V70/><F100/><W9/><G106/><T125/><D135/><U67/><E134/><V120/><F120/><W54/><G46/><T109/><D125/><U2/><E2/><V50/><F10/><W4/><G68/><T23/><D102/><U85/><E85/><V88/><F27/><W44/><G44/><T107/><D107/><U118/><E118/><V21/><F21/><W103/><REACH who="3" step="1"/><G63/><REACH who="3" ten="307,366,142,175" step="2"/><N who="0" m="38135" /><D109/><U98/><E47/><N who="2" m="27743" /><F73/><W91/><G91/><T75/><D75/><U95/><E56/><V13/><F76/><W11/><G11/><T59/><D59/><U14/><E49/><V18/><F70/><W80/><G80/><N who="0" m="49383" /><D41/><U57/><E48/><V1/><F1/><W101/><G101/><T127/><D40/><U45/><E45/><V86/><F3/><W94/><G94/><T66/><D127/><U24/><E57/><V113/><F113/><W119/><G119/><T92/><D92/><U77/><E95/><N who="2" m="54679" /><F6/><W5/><G5/><T126/><D126/><U78/><E78/><RYUUKYOKU ba="0,1" sc="307,-15,366,-15,142,15,175,15" hai2="8,13,18,60,62,128,130" hai3="4,9,15,17,20,26,54,55,93,96,103,129,131" /><INIT seed="5,1,1,1,0,80" ten="292,351,157,190" oya="1" hai0="107,2,73,97,11,102,95,34,14,83,119,48,3" hai1="52,70,46,101,19,126,57,114,78,5,135,122,92" hai2="125,1,16,20,68,15,79,123,112,82,53,32,105" hai3="31,47,17,64,86,60,132,51,58,120,113,115,104"/><U43/><E122/><V50/><F123/><W75/><G75/><T10/><D119/><U128/><E70/><V7/><F125/><W89/><G104/><T91/><D34/><U36/><E114/><V109/><F109/><W117/><G120/><T76/><D48/><U84/><E128/><V103/><F68/><W35/><G117/><T54/><D54/><U44/><E44/><V49/><F112/><W13/><G132/><T72/><D11/><U4/><E135/><V8/><F32/><W116/><G116/><T61/><D61/><U121/><E121/><V118/><F118/><W127/><G127/><T62/><D62/><U9/><E126/><V59/><F103/><W56/><G56/><T40/><D40/><U42/><E101/><V38/><F38/><W131/><G131/><T55/><D55/><U18/><E43/><V133/><F133/><W6/><G6/><T93/><D93/><U74/><E5/><V12/><F105/><W94/><G31/><T88/><D91/><N who="1" m="53351" /><E52/><V106/><F106/><W67/><G67/><T27/><D27/><U96/><E57/><V111/><F111/><W21/><REACH who="3" step="1"/><G35/><REACH who="3" ten="292,351,157,180" step="2"/><T87/><D72/><U41/><E74/><V130/><F130/><W37/><G37/><T99/><D99/><U124/><E96/><V90/><F90/><W77/><G77/><T108/><D108/><U30/><E78/><V110/><F110/><W66/><G66/><T65/><D65/><U129/><E36/><V100/><F100/><W39/><G39/><T0/><D0/><U63/><E4/><AGARI ba="1,2" hai="2,3,4,10,14,73,76,83,87,88,95,97,102,107" machi="4" ten="30,8000,1" yaku="7,1,24,2,52,1,54,1" doraHai="80" who="0" fromWho="1" sc="292,103,351,-83,157,0,180,0" /><INIT seed="6,0,0,2,1,125" ten="395,268,157,180" oya="2" hai0="51,124,6,131,27,130,67,30,134,10,76,5,17" hai1="70,120,69,38,86,132,111,113,14,116,29,63,87" hai2="62,66,57,54,75,56,55,122,92,18,100,72,103" hai3="11,23,126,0,61,16,133,101,83,32,39,78,114"/><V9/><F122/><W25/><G39/><T104/><D104/><U4/><E111/><V118/><F118/><W43/><G126/><T115/><D124/><U89/><E116/><V36/><F36/><W34/><G133/><T58/><D134/><U79/><E38/><V53/><F75/><W68/><G43/><T37/><D37/><U73/><E29/><V106/><F72/><W71/><G101/><T64/><D76/><U93/><E73/><V88/><F106/><W20/><G114/><T94/><D94/><U119/><E119/><V112/><F112/><W105/><G105/><T8/><D17/><U19/><E4/><V21/><F9/><W47/><G47/><T1/><D51/><U127/><E127/><V98/><REACH who="2" step="1"/><F57/><REACH who="2" ten="395,268,147,180" step="2"/><W40/><G71/><T28/><D58/><U90/><E70/><V129/><F129/><N who="0" m="49162" /><D115/><U81/><E113/><V35/><F35/><W50/><G34/><N who="0" m="20767" /><D30/><U85/><E132/><V24/><AGARI ba="0,1" hai="18,21,24,53,54,55,56,62,66,88,92,98,100,103" machi="24" ten="30,11700,0" yaku="1,1,0,1,8,1,54,1,53,0" doraHai="125" doraHaiUra="109" who="2" fromWho="2" sc="395,-39,268,-39,147,127,180,-39" /><INIT seed="6,1,0,3,2,102" ten="356,229,274,141" oya="2" hai0="105,94,86,111,22,128,18,73,69,121,59,72,96" hai1="67,34,0,42,93,52,44,8,120,110,17,14,27" hai2="75,30,43,65,70,127,85,20,109,57,119,116,103" hai3="76,79,54,58,40,74,15,101,82,97,25,77,131"/><V122/><F122/><W47/><G131/><T133/><D121/><U100/><E110/><V124/><F75/><W32/><G15/><T98/><D111/><U29/><E67/><V51/><F109/><W48/><G25/><T78/><D69/><U68/><E68/><V83/><F103/><W9/><G9/><T38/><D38/><U114/><E114/><V63/><F30/><W126/><G32/><T35/><D35/><U66/><E66/><V5/><F5/><W90/><G90/><T24/><D133/><U61/><E120/><V118/><F20/><W134/><G126/><N who="2" m="48169" /><F85/><W112/><G112/><T11/><D128/><U113/><E113/><V108/><F83/><W10/><G10/><T88/><D11/><U31/><E31/><V53/><F108/><W99/><G99/><T50/><D98/><U132/><E0/><V46/><F116/><W106/><REACH who="3" step="1"/><G134/><REACH who="3" ten="356,229,274,131" step="2"/><T64/><D96/><N who="1" m="59407" /><E132/><V41/><F41/><W91/><G91/><T95/><D88/><U1/><E42/><V62/><AGARI ba="1,1" hai="43,46,51,53,57,62,63,65,70,118,119" m="48169" machi="62" ten="30,6000,0" yaku="18,1,34,2" doraHai="102" who="2" fromWho="2" sc="356,-21,229,-21,274,73,131,-21" /><INIT seed="6,2,0,4,2,98" ten="335,208,347,110" oya="2" hai0="40,67,87,22,74,93,77,43,84,105,30,33,73" hai1="117,66,130,12,56,102,37,99,46,97,29,92,53" hai2="6,1,58,4,59,116,76,86,52,41,100,32,7" hai3="135,60,113,23,126,34,127,96,89,129,68,35,24"/><V10/><F116/><W69/><G135/><T101/><D33/><N who="3" m="12297" /><G60/><T122/><D122/><U51/><E130/><V44/><F32/><W80/><G80/><N who="0" m="47119" /><D105/><U61/><E117/><V103/><F1/><W15/><G129/><T85/><D74/><U112/><E29/><V133/><F133/><W48/><G48/><T21/><D73/><U49/><E12/><V65/><F10/><W54/><G54/><T55/><D67/><U8/><E8/><V27/><F27/><W109/><G109/><T26/><D55/><U19/><E19/><V94/><F65/><W38/><G38/><T63/><D63/><U78/><E78/><V31/><F31/><N who="3" m="17823" /><G113/><T120/><D120/><U123/><E123/><V39/><F58/><W11/><G89/><T20/><D85/><U107/><E112/><V95/><F76/><W14/><G96/><N who="0" m="59535" /><D87/><U128/><E128/><V88/><REACH who="2" step="1"/><F95/><REACH who="2" ten="335,208,337,110" step="2"/><W75/><G75/><T64/><D64/><U119/><E66/><V115/><F115/><W72/><G72/><T106/><D106/><U81/><E107/><V25/><F25/><W121/><G121/><T16/><D20/><U108/><E119/><V131/><F131/><W13/><G69/><T28/><D28/><U132/><E132/><V134/><F134/><W71/><G71/><T50/><D30/><U82/><E56/><V18/><F18/><N who="3" m="8511" /><G68/><T3/><D3/><U91/><E92/><V62/><AGARI ba="2,1" hai="4,6,7,39,41,44,52,59,62,86,88,94,100,103" machi="62" ten="30,18000,2" yaku="1,1,0,1,52,2,54,2,53,1" doraHai="98" doraHaiUra="42" who="2" fromWho="2" sc="335,-62,208,-62,337,196,110,-62" /><INIT seed="6,3,0,5,3,66" ten="273,146,533,48" oya="2" hai0="108,19,71,63,82,25,98,86,24,43,32,11,73" hai1="94,112,120,96,113,5,118,39,123,134,68,95,87" hai2="90,56,129,102,93,106,8,42,97,12,48,20,77" hai3="79,35,18,30,126,74,99,40,107,111,59,53,110"/><V76/><F129/><W101/><G126/><T26/><D108/><U3/><E39/><V78/><F20/><W15/><G40/><T14/><D73/><U47/><E47/><N who="2" m="25719" /><F106/><W103/><G103/><T72/><D72/><U37/><E37/><V34/><F34/><W125/><G125/><T2/><D2/><U105/><E68/><V128/><F128/><W9/><G79/><T127/><D32/><U16/><E16/><N who="2" m="8199" /><F56/><W55/><G74/><T54/><D43/><U10/><E118/><V50/><F50/><W122/><G122/><T88/><D127/><U91/><E105/><V109/><F109/><W22/><G35/><T130/><D130/><U38/><E38/><V6/><F6/><W64/><G64/><T57/><D71/><U100/><REACH who="1" step="1"/><E134/><REACH who="1" ten="273,136,533,48" step="2"/><V92/><F92/><W119/><G119/><T67/><D67/><U52/><E52/><V121/><F121/><AGARI ba="3,1" hai="3,5,10,87,91,94,95,96,100,112,113,120,121,123" machi="121" ten="40,5200,0" yaku="1,1,13,1,53,1" doraHai="66" doraHaiUra="7" who="1" fromWho="2" sc="273,0,136,71,533,-61,48,0" /><INIT seed="7,0,0,1,3,40" ten="273,207,472,48" oya="3" hai0="50,9,47,96,134,114,127,76,61,52,0,120,75" hai1="14,131,57,26,16,103,18,15,22,70,124,82,20" hai2="31,87,64,133,67,56,105,110,62,101,48,12,63" hai3="55,59,60,108,102,125,118,44,100,32,71,109,94"/><W78/><G32/><T83/><D120/><U126/><E70/><V36/><F110/><N who="3" m="42603" /><G78/><T4/><D134/><U30/><E103/><V42/><F133/><W111/><N who="3" m="42611" /><W80/><DORA hai="97" /><G118/><T11/><D127/><N who="1" m="48683" /><E57/><V98/><F64/><N who="3" m="41351" /><G125/><T38/><D114/><U27/><E82/><V119/><F67/><W53/><G80/><T123/><D123/><U72/><E72/><V19/><F119/><W28/><G28/><T132/><D132/><U5/><E131/><V2/><F31/><W112/><G112/><T129/><D129/><U6/><E30/><V122/><F122/><W107/><G107/><T33/><D33/><U81/><E81/><V17/><F105/><W24/><G24/><AGARI ba="0,0" hai="5,6,14,15,16,18,20,22,24,26,27" m="48683" machi="24" ten="30,7700,0" yaku="18,1,34,2,54,1" doraHai="40,97" who="1" fromWho="3" sc="273,0,207,77,472,0,48,-77" owari="273,-13.0,284,8.0,472,58.0,-29,-53.0" /></mjloggm>