<mjloggm ver="2.3"><GO type="169" lobby="0"/><UN n0="%E3%83%88%E3%83%88%E3%83%AA%E5%85%88%E7%94%9F%31%39%E6%AD%B3" n1="%E6%A1%9C%E4%BA%95%E3%81%95%E3%82%93" n2="%E6%B8%85%E7%AB%9C%E9%97%98%E5%A3%AB" n3="%E7%9C%9F%E3%81%8B%E3%81%AB%E3%83%9E%E3%82%B8%E3%83%B3" dan="19,17,16,16" rate="2293.60,2243.13,2126.31,2124.84" sx="F,M,M,M"/><TAIKYOKU oya="0"/><INIT seed="0,0,0,5,5,85" ten="250,250,250,250" oya="0" hai0="59,102,50,132,128,98,6,9,135,125,22,68,78" hai1="114,55,118,108,27,91,40,63,126,69,28,83,103" hai2="48,119,123,3,100,134,5,117,60,31,113,26,81" hai3="36,122,61,107,34,131,18,90,35,13,15,87,39"/><T17/><D68/><U56/><E118/><V115/><F48/><W42/><G107/><T65/><D78/><U89/><E108/><V121/><F60/><W10/><G131/><T92/><D128/><U51/><E126/><V44/><F100/><W21/><G122/><N who="2" m="46601" /><F44/><W72/><G72/><T24/><D125/><U124/><E124/><V14/><F14/><W82/><G61/><T116/><D116/><N who="2" m="44618" /><F81/><W58/><G58/><T54/><REACH who="0" step="1"/><D65/><REACH who="0" ten="240,250,250,250" step="2"/><U88/><E114/><V49/><F115/><W47/><REACH who="3" step="1"/><G39/><REACH who="3" ten="240,250,250,240" step="2"/><T71/><D71/><U112/><E69/><V75/><F113/><W111/><G111/><T29/><D29/><U67/><E112/><V38/><F31/><W11/><G11/><T0/><AGARI ba="0,2" hai="0,6,9,17,22,24,50,54,59,92,98,102,132,135" machi="0" ten="30,6000,0" yaku="1,1,0,1,53,1" doraHai="85" doraHaiUra="93" who="0" fromWho="0" sc="240,80,250,-20,250,-20,240,-20" /><INIT seed="0,1,0,3,1,38" ten="320,230,230,220" oya="0" hai0="45,62,93,122,36,66,1,74,18,118,4,49,7" hai1="125,98,31,84,127,120,44,22,117,129,91,92,60" hai2="68,12,21,57,48,97,35,83,101,135,64,126,19" hai3="95,32,43,42,87,30,40,111,26,73,85,100,81"/><T25/><D118/><U27/><E117/><V77/><F135/><W131/><G111/><T10/><D122/><U69/><E120/><V47/><F35/><W46/><G131/><T65/><D74/><U23/><E129/><V107/><F126/><N who="1" m="48137" /><E44/><V55/><F68/><W11/><G11/><T71/><D65/><N who="1" m="41127" /><E98/><V79/><F83/><W78/><REACH who="3" step="1"/><G46/><REACH who="3" ten="320,230,230,210" step="2"/><T33/><D10/><U52/><E52/><V41/><REACH who="2" step="1"/><F64/><REACH who="2" ten="320,230,220,210" step="2"/><W105/><G105/><T13/><D66/><U54/><E54/><V29/><F29/><W16/><G16/><T133/><D18/><U99/><E99/><AGARI ba="1,2" hai="26,30,32,40,42,43,73,78,81,85,87,95,99,100" machi="99" ten="40,8000,1" yaku="1,1,52,3,53,0" doraHai="38" doraHaiUra="67" who="3" fromWho="1" sc="320,0,230,-83,220,0,210,103" /><INIT seed="1,0,0,2,5,66" ten="320,147,220,313" oya="1" hai0="27,42,62,100,19,73,60,0,8,32,48,75,88" hai1="106,107,12,90,77,127,98,72,132,65,36,34,74" hai2="123,25,54,11,133,105,16,7,109,84,101,5,112" hai3="26,14,43,116,131,1,80,87,81,130,23,111,94"/><U56/><E34/><V13/><F123/><W55/><G1/><T115/><D115/><U91/><E36/><V52/><F112/><W22/><G111/><T10/><D100/><U51/><E12/><V20/><F109/><W29/><G116/><T59/><D60/><U71/><E65/><V21/><F133/><W108/><G108/><T9/><D0/><U28/><E56/><V24/><F7/><W103/><G43/><T35/><D19/><U110/><E110/><V64/><F64/><W67/><G55/><T120/><D120/><U6/><E6/><V31/><F101/><W30/><G67/><T124/><D62/><U96/><E28/><V119/><F105/><N who="1" m="39945" /><E51/><V2/><F119/><W99/><G81/><T89/><D27/><U45/><E45/><V126/><F84/><W118/><G118/><T129/><D9/><U3/><E3/><V104/><F104/><W97/><G97/><N who="1" m="37482" /><E71/><V82/><F82/><W49/><G49/><T40/><D48/><U53/><E53/><V47/><F47/><W128/><G14/><T57/><D129/><U41/><E41/><V46/><F46/><W18/><G22/><T135/><D135/><U78/><E132/><V44/><F44/><W61/><G61/><T134/><D134/><U58/><E58/><V102/><F102/><W63/><G63/><T17/><D17/><U70/><E70/><V68/><F68/><W38/><G38/><T69/><D69/><U121/><E121/><V76/><F2/><W85/><G85/><T33/><D33/><U37/><E37/><V117/><F117/><W79/><AGARI ba="0,0" hai="18,23,26,29,30,79,80,87,94,99,103,128,130,131" machi="79" ten="30,4000,0" yaku="5,1,0,1,19,1" doraHai="66" who="3" fromWho="3" sc="320,-10,147,-20,220,-10,313,40" /><INIT seed="2,0,0,5,1,15" ten="310,127,210,353" oya="2" hai0="107,115,9,66,74,26,104,22,97,106,70,94,124" hai1="135,30,24,83,100,114,57,62,10,131,93,7,38" hai2="79,49,102,128,89,16,133,88,44,69,60,59,35" hai3="41,20,87,78,0,48,61,103,8,58,105,134,36"/><V71/><F35/><W14/><G134/><T11/><D115/><U125/><E135/><V117/><F133/><W6/><G36/><T42/><D74/><U39/><E114/><V123/><F117/><W1/><G105/><T112/><D112/><U95/><E125/><V13/><F123/><W2/><G103/><T25/><D124/><U52/><E131/><V108/><F102/><W76/><G20/><T33/><D42/><U4/><E4/><V12/><F79/><W101/><G101/><T46/><D46/><U118/><E118/><V27/><F128/><W67/><REACH who="3" step="1"/><G87/><REACH who="3" ten="310,127,210,343" step="2"/><T68/><D22/><U56/><E38/><V129/><F129/><W51/><G51/><T37/><D37/><U3/><E39/><V122/><F49/><W75/><G75/><T80/><D33/><U127/><E100/><V98/><F122/><W43/><G43/><T50/><D50/><U17/><E127/><V5/><F98/><W130/><G130/><T132/><D132/><U111/><E111/><V77/><F108/><W126/><G126/><T29/><D97/><U21/><E57/><V90/><F59/><W19/><G19/><T54/><D106/><U23/><REACH who="1" step="1"/><E83/><REACH who="1" ten="310,117,210,343" step="2"/><V99/><F71/><W64/><G64/><T121/><D80/><U82/><E82/><V110/><F69/><W55/><G55/><T91/><D54/><U28/><E28/><V65/><F65/><W32/><G32/><T116/><D66/><U45/><E45/><AGARI ba="0,2" hai="0,1,2,6,8,14,41,45,48,58,61,67,76,78" machi="45" ten="40,5200,0" yaku="1,1,53,2" doraHai="15" doraHaiUra="73" who="3" fromWho="1" sc="310,0,117,-52,210,0,343,72" /><INIT seed="3,0,0,5,5,111" ten="310,65,210,415" oya="3" hai0="100,18,50,116,6,102,11,46,104,128,16,59,133" hai1="97,114,83,17,90,88,76,15,56,64,62,0,118" hai2="108,29,51,61,58,42,54,131,117,68,5,10,66" hai3="134,124,78,113,30,67,20,37,119,81,23,65,31"/><W3/><G3/><T123/><D116/><U85/><E0/><V94/><F108/><W36/><G119/><T34/><D34/><U79/><E114/><V101/><F131/><W84/><G124/><T4/><D123/><U53/><E118/><V57/><F117/><W75/><G84/><T98/><D128/><U19/><E76/><V93/><F29/><W7/><G7/><T103/><D133/><U25/><E25/><V80/><F101/><W69/><G69/><T2/><D4/><U77/><E19/><V110/><F110/><W39/><G113/><T24/><D59/><U125/><E125/><V87/><F68/><W60/><G134/><T74/><D74/><U121/><E121/><V106/><F106/><W130/><G130/><T92/><D104/><U49/><E97/><V40/><F94/><W126/><G126/><T129/><D129/><U107/><E90/><V70/><F93/><W132/><G132/><T91/><REACH who="0" step="1"/><D24/><REACH who="0" ten="300,65,210,415" step="2"/><U12/><E107/><V21/><F70/><N who="3" m="42279" /><G75/><T26/><D26/><U63/><E15/><V13/><REACH who="2" step="1"/><F21/><REACH who="2" ten="300,65,200,415" step="2"/><W22/><G22/><T45/><D45/><U112/><E112/><V33/><F33/><W27/><G20/><T73/><D73/><U35/><E35/><V115/><F115/><W28/><G23/><T95/><D95/><U105/><E105/><V82/><F82/><W44/><G44/><T14/><D14/><U32/><E32/><V52/><F52/><AGARI ba="0,2" hai="2,6,11,16,18,46,50,52,91,92,98,100,102,103" machi="52" ten="40,12000,2" yaku="1,1,54,2,53,3" doraHai="111" doraHaiUra="96" who="0" fromWho="2" sc="300,140,65,0,200,-120,415,0" /><INIT seed="4,0,0,4,1,133" ten="440,65,80,415" oya="0" hai0="54,132,26,67,53,105,122,131,77,15,69,127,84" hai1="61,81,7,116,10,112,21,47,91,24,55,134,0" hai2="124,49,125,46,119,50,38,29,48,82,4,56,58" hai3="85,72,30,111,75,107,94,117,86,66,34,28,99"/><T71/><D122/><U27/><E116/><V97/><F29/><W74/><G117/><T70/><D105/><U31/><E134/><V78/><F119/><W57/><G111/><T2/><D2/><U11/><E112/><V129/><F97/><W12/><G107/><T25/><D132/><U23/><E11/><V20/><F20/><W45/><G45/><T37/><D37/><U115/><E115/><V42/><F4/><W118/><G118/><T35/><D67/><U79/><E91/><V104/><F104/><W51/><G12/><T103/><D103/><U59/><E47/><V126/><F129/><W114/><G114/><T36/><D36/><U68/><E68/><V110/><F110/><W3/><G3/><T106/><D106/><U123/><E123/><V19/><F19/><W63/><G51/><T44/><D44/><U18/><REACH who="1" step="1"/><E81/><REACH who="1" ten="440,55,80,415" step="2"/><V87/><AGARI ba="0,1" hai="38,42,46,48,49,50,56,58,78,82,87,124,125,126" machi="87" ten="40,8000,1" yaku="0,1,18,1,52,3" doraHai="133" who="2" fromWho="2" sc="440,-40,55,-20,80,90,415,-20" /><INIT seed="5,0,0,4,1,53" ten="400,35,170,395" oya="1" hai0="17,122,33,6,35,37,114,30,135,58,68,8,32" hai1="77,22,107,92,76,57,27,104,87,18,74,110,79" hai2="60,28,1,128,113,115,98,125,71,86,108,9,99" hai3="96,43,111,119,40,25,102,36,121,52,90,89,70"/><U130/><E74/><V95/><F108/><W82/><G121/><T129/><D68/><U81/><E110/><V5/><F28/><W46/><G111/><T11/><D37/><U31/><E130/><V29/><F29/><W101/><G70/><T97/><D129/><U34/><E92/><V38/><F38/><W51/><G119/><T4/><D122/><U45/><E45/><V91/><F128/><W21/><G40/><T50/><D97/><U73/><E73/><V10/><F10/><W16/><G82/><T59/><D30/><U0/><E0/><V132/><F132/><W41/><G41/><T55/><D135/><U15/><REACH who="1" step="1"/><E57/><REACH who="1" ten="400,25,170,395" step="2"/><V93/><F95/><W12/><G102/><T24/><D59/><U109/><E109/><V105/><F105/><AGARI ba="0,1" hai="15,18,22,27,31,34,76,77,79,81,87,104,105,107" machi="105" ten="40,2000,0" yaku="1,1,53,0" doraHai="53" doraHaiUra="88" who="1" fromWho="2" sc="400,0,25,30,170,-20,395,0" /><INIT seed="5,1,0,3,1,34" ten="400,55,150,395" oya="1" hai0="79,125,102,44,68,100,118,63,1,76,95,104,73" hai1="101,72,18,60,122,47,88,89,119,35,124,69,116" hai2="87,26,42,9,41,6,45,36,48,20,91,110,105" hai3="4,7,30,53,134,67,130,13,21,29,120,17,129"/><U84/><E35/><V14/><F105/><W96/><G120/><T85/><D118/><U16/><E122/><V112/><F112/><W108/><G67/><T135/><D44/><U0/><E72/><V75/><F75/><W22/><G96/><N who="0" m="61511" /><D63/><U58/><E69/><V66/><F66/><W54/><G134/><T57/><D57/><U61/><E101/><V107/><F110/><W109/><G13/><T23/><D23/><U78/><E47/><V113/><F113/><W28/><G17/><T8/><D8/><U77/><E84/><V32/><F107/><W115/><REACH who="3" step="1"/><G30/><REACH who="3" ten="400,55,150,385" step="2"/><T56/><D135/><U12/><E12/><V3/><F14/><W10/><G10/><T92/><D68/><U106/><E106/><V24/><F9/><W70/><G70/><T132/><D132/><U50/><E124/><V74/><F6/><W123/><G123/><T25/><D125/><U43/><E0/><V81/><F3/><W128/><G128/><T121/><D121/><U98/><E98/><V131/><F131/><W97/><G97/><T127/><D127/><U11/><E11/><V83/><F26/><W31/><G31/><T59/><D25/><U2/><E2/><V111/><F24/><W51/><G51/><T65/><D1/><U37/><E50/><V71/><F48/><W52/><G52/><T62/><D65/><U55/><E55/><V94/><F71/><W99/><G99/><T33/><D100/><U15/><E15/><V82/><F36/><W40/><G40/><T27/><D27/><U5/><E37/><V103/><F103/><W133/><G133/><RYUUKYOKU ba="1,1" sc="400,-10,55,-10,150,-10,385,30" hai3="4,7,21,22,28,29,53,54,108,109,115,129,130" /><INIT seed="6,2,1,4,3,46" ten="390,45,140,415" oya="2" hai0="35,25,44,7,102,24,28,4,43,118,134,96,56" hai1="33,30,23,5,87,132,85,105,135,61,82,3,95" hai2="80,109,100,133,86,127,58,77,42,8,10,116,36" hai3="48,84,88,62,21,55,119,122,124,108,32,54,131"/><V53/><F116/><W67/><G119/><T45/><D118/><U110/><E110/><V0/><F109/><W91/><G32/><T125/><D134/><N who="1" m="51243" /><E105/><V111/><F133/><W104/><G104/><T14/><D125/><U19/><E33/><V71/><F127/><W99/><G122/><T78/><D78/><U2/><E30/><V18/><F71/><W64/><G131/><T68/><D68/><U74/><E74/><V98/><F111/><W27/><G108/><T41/><D24/><N who="1" m="14463" /><E5/><V13/><F36/><W72/><G72/><T89/><D89/><N who="3" m="34377" /><G84/><N who="1" m="32330" /><E82/><V31/><F31/><N who="3" m="17903" /><G99/><T69/><D69/><U126/><E126/><V123/><F123/><W57/><G124/><T75/><D75/><U130/><E130/><V101/><F42/><W94/><G94/><T103/><D96/><U50/><E95/><N who="2" m="58463" /><F0/><N who="1" m="41" /><E61/><N who="2" m="36047" /><F101/><W11/><G11/><AGARI ba="2,1" hai="8,10,11,13,18,77,80,86" m="36047,58463" machi="11" ten="30,1500,0" yaku="8,1" doraHai="46" who="2" fromWho="3" sc="390,0,45,0,140,31,415,-21" /><INIT seed="6,3,0,0,3,21" ten="390,45,171,394" oya="2" hai0="77,115,63,99,17,30,116,49,123,76,121,56,110" hai1="28,62,104,64,81,118,71,48,3,7,125,22,34" hai2="80,32,131,75,72,43,90,129,23,26,20,84,42" hai3="12,6,38,117,68,27,37,24,2,128,1,130,83"/><V69/><F69/><W93/><G68/><T29/><D110/><U57/><E118/><V65/><F65/><W52/><G117/><T73/><D116/><U18/><E125/><V92/><F23/><W9/><G93/><T19/><D115/><U55/><E104/><V96/><F32/><W14/><G83/><T114/><D114/><U101/><E101/><V16/><F72/><W122/><G52/><N who="0" m="34183" /><D73/><U119/><E119/><V98/><F75/><W54/><G54/><T88/><D123/><U41/><E81/><V134/><F98/><W39/><G122/><T97/><D49/><U67/><E67/><V95/><F92/><W35/><G12/><T10/><D121/><U91/><E91/><V66/><F66/><W15/><G14/><N who="0" m="7383" /><D19/><U112/><E112/><V58/><F134/><W31/><REACH who="3" step="1"/><G27/><REACH who="3" ten="390,45,171,384" step="2"/><T133/><D133/><U135/><E135/><V36/><F58/><W126/><G126/><T8/><D99/><U45/><E3/><AGARI ba="3,1" hai="1,2,3,6,9,15,24,31,35,37,38,39,128,130" machi="3" ten="50,6400,0" yaku="1,1,52,1,53,1" doraHai="21" doraHaiUra="5" who="3" fromWho="1" sc="390,0,45,-73,171,0,384,83" owari="390,19.0,-28,-53.0,171,-23.0,467,57.0" /></mjloggm>