<mjloggm ver="2.3"><GO type="169" lobby="0"/><UN n0="%E3%82%A6%E3%83%AB%E3%83%88%E3%83%A9%E7%AB%8B%E7%9B%B4" n1="%53%61%69%62%61" n2="%6B%6F%7A%61%6B%69%6E%67" n3="%79%6B%66%35%35%33%38%39" dan="18,16,16,16" rate="2221.16,2007.60,2078.84,2063.00" sx="M,M,M,M"/><TAIKYOKU oya="0"/><INIT seed="0,0,0,1,5,0" ten="250,250,250,250" oya="0" hai0="3,106,58,75,43,52,22,34,109,127,35,18,65" hai1="130,122,103,97,83,108,66,67,85,21,54,113,11" hai2="84,17,62,125,128,64,126,73,42,89,111,6,7" hai3="25,105,79,110,16,1,115,4,31,2,91,129,100"/><T53/><D106/><U88/><E122/><V46/><F73/><W57/><G115/><T76/><D3/><U78/><E113/><V104/><F104/><W10/><G2/><T132/><D43/><U15/><E108/><V114/><F111/><W37/><G110/><T13/><D109/><U94/><E130/><V51/><F128/><W20/><G129/><T120/><D120/><U135/><E135/><V92/><F114/><W5/><G37/><T14/><D132/><U59/><E21/><V19/><F19/><W8/><G79/><T99/><D65/><U81/><E81/><V117/><F117/><W87/><G105/><T123/><D123/><U49/><REACH who="1" step="1"/><E103/><REACH who="1" ten="250,240,250,250" step="2"/><V72/><F72/><W68/><G100/><T102/><D22/><U134/><E134/><V32/><F32/><W50/><G20/><T47/><D102/><U12/><E12/><V30/><F30/><W45/><G1/><T121/><D13/><U70/><E70/><V56/><REACH who="2" step="1"/><F17/><AGARI ba="0,1" hai="11,15,17,49,54,59,66,67,78,83,85,88,94,97" machi="17" ten="30,12000,2" yaku="1,1,7,1,8,1,54,1,53,2" doraHai="0" doraHaiUra="61" who="1" fromWho="2" sc="250,0,240,130,250,-120,250,0" /><INIT seed="1,0,0,2,5,126" ten="250,370,130,250" oya="1" hai0="110,10,54,35,112,12,82,131,81,29,66,22,97" hai1="15,6,134,78,100,7,133,105,106,26,28,80,41" hai2="77,1,43,31,20,65,64,8,34,107,114,116,85" hai3="50,63,16,128,118,27,38,30,51,13,88,119,108"/><U37/><E37/><V44/><F107/><W21/><G38/><T99/><D35/><U89/><E41/><V125/><F125/><W103/><G108/><T60/><D110/><U4/><E89/><V121/><F121/><W73/><G73/><T25/><D112/><U102/><E15/><V84/><F114/><W101/><G63/><T57/><D131/><U104/><E100/><N who="3" m="38474" /><G128/><T2/><D2/><U55/><E55/><V122/><F122/><W93/><G119/><T130/><D130/><U5/><E102/><V48/><F116/><W68/><G68/><T24/><D24/><U32/><N who="1" m="1024" /><DORA hai="58" /><U135/><REACH who="1" step="1"/><E105/><REACH who="1" ten="250,360,130,250" step="2"/><V11/><F1/><W39/><G39/><T123/><D54/><U14/><E14/><V61/><F65/><W18/><G118/><T49/><D12/><U36/><E36/><V95/><F77/><W40/><G40/><T19/><D66/><U98/><E98/><V17/><F95/><W42/><G42/><T92/><D92/><U91/><E91/><V79/><F79/><W69/><G13/><N who="0" m="7607" /><D123/><U94/><E94/><V33/><F85/><AGARI ba="0,1" hai="26,28,32,78,80,85,104,106,133,134,135" m="1024" machi="85" ten="60,18000,2" yaku="1,1,20,1,53,4" doraHai="126,58" doraHaiUra="0,96" who="1" fromWho="2" sc="250,0,360,190,130,-180,250,0" owari="250,5.0,550,65.0,-50,-55.0,250,-15.0" /></mjloggm>