<mjloggm ver="2.3"><GO type="169" lobby="0"/><UN n0="%E5%8C%97%E3%81%AE%E5%AF%BE%E5%AD%90%E8%90%BD%E3%81%A8%E3%81%97" n1="%E5%85%8E%E7%BE%8E" n2="%7A%68%6B%64%73%68%67%79" n3="%E3%83%88%E3%83%88%E3%83%AA%E5%85%88%E7%94%9F%31%39%E6%AD%B3" dan="19,16,17,19" rate="2258.38,2118.01,2195.97,2281.58" sx="M,F,M,F"/><TAIKYOKU oya="0"/><INIT seed="0,0,0,4,3,82" ten="250,250,250,250" oya="0" hai0="21,100,50,97,60,124,0,63,128,130,41,134,45" hai1="125,120,36,24,27,9,112,132,69,101,133,15,37" hai2="87,78,72,92,65,1,129,57,47,14,127,106,118" hai3="86,29,113,79,26,84,117,48,105,5,4,102,119"/><T19/><D124/><U28/><E120/><V110/><F1/><W43/><G113/><T99/><D134/><N who="1" m="51819" /><E69/><V121/><F121/><W88/><G79/><T103/><D0/><U90/><E101/><N who="0" m="38985" /><D130/><U61/><E61/><N who="0" m="23625" /><D128/><U2/><E90/><V108/><F106/><W80/><G86/><T53/><D41/><U31/><E37/><V13/><F72/><W32/><G48/><T115/><D115/><U20/><E36/><V67/><F129/><W38/><G43/><T62/><N who="0" m="23633" /><T44/><DORA hai="35" /><D44/><U89/><E112/><V114/><F114/><W49/><G49/><T16/><D19/><N who="1" m="10367" /><E89/><V7/><F127/><W94/><G38/><T51/><D51/><U64/><E64/><V74/><F67/><W39/><G39/><T66/><D66/><U33/><E125/><V104/><F65/><W131/><G131/><T3/><D3/><U81/><E81/><N who="2" m="47543" /><F104/><W52/><G80/><T23/><D23/><U93/><E93/><V25/><F92/><W73/><G105/><T91/><D91/><U54/><E33/><V122/><F74/><W68/><G73/><T76/><D76/><U111/><E2/><V56/><F122/><W59/><G102/><T75/><D75/><U70/><E70/><V46/><F47/><W8/><G68/><T6/><D6/><U135/><E135/><V22/><F46/><W18/><G4/><T116/><D116/><U34/><E34/><V58/><F118/><W30/><G18/><T107/><D107/><U40/><E40/><V98/><F7/><W77/><G5/><T12/><AGARI ba="0,0" hai="12,16,21,45,50,53,97,99" m="23633,38985" machi="12" ten="40,3900,0" yaku="8,1,54,1" doraHai="82,35" who="0" fromWho="0" sc="250,39,250,-13,250,-13,250,-13" /><INIT seed="0,1,0,2,0,81" ten="289,237,237,237" oya="0" hai0="60,57,63,69,72,68,38,64,90,54,22,34,110" hai1="15,87,41,12,76,101,9,25,19,91,18,4,21" hai2="124,26,108,17,106,3,120,45,83,51,47,70,133" hai3="117,97,59,71,44,98,93,13,33,49,102,129,115"/><T2/><D34/><U75/><E75/><V113/><F120/><W85/><G71/><T132/><D2/><U126/><E126/><V134/><F113/><W130/><G115/><T30/><D72/><U118/><E118/><V127/><F3/><W99/><G33/><T20/><D38/><U46/><E101/><V107/><F70/><W94/><G117/><T28/><D132/><N who="2" m="50794" /><F108/><W128/><G59/><T109/><D90/><U50/><E76/><V74/><F74/><W114/><G13/><T32/><D32/><U27/><REACH who="1" step="1"/><E4/><REACH who="1" ten="289,227,237,237" step="2"/><V0/><F124/><W16/><G114/><T67/><D109/><U123/><E123/><V65/><F127/><W104/><G104/><T131/><D110/><U95/><AGARI ba="1,1" hai="9,12,15,18,19,21,25,27,41,46,50,87,91,95" machi="95" ten="20,12000,2" yaku="1,1,0,1,7,1,8,1,52,1,53,1" doraHai="81" doraHaiUra="42" who="1" fromWho="1" sc="289,-61,227,133,237,-31,237,-31" /><INIT seed="1,0,0,4,5,10" ten="228,360,206,206" oya="1" hai0="111,78,135,14,79,93,97,133,131,65,86,50,114" hai1="84,82,63,72,104,32,116,100,58,8,40,52,110" hai2="62,56,120,16,122,61,71,57,11,64,67,106,3" hai3="7,17,33,55,99,15,127,109,5,45,92,98,103"/><U118/><E32/><V121/><F106/><W42/><G33/><T91/><D114/><U88/><E110/><V125/><F125/><W59/><G127/><T129/><D65/><U74/><E40/><V44/><F3/><W4/><G99/><T39/><D39/><U76/><E74/><V134/><F134/><N who="0" m="51210" /><D50/><U25/><E25/><V95/><F95/><W70/><G70/><T22/><D111/><U2/><E2/><V75/><F75/><W124/><G124/><T48/><D48/><U34/><E34/><V115/><F115/><W23/><G109/><T9/><D22/><U20/><E20/><V43/><F11/><W30/><G30/><T29/><D29/><U28/><E28/><V85/><F85/><W37/><REACH who="3" step="1"/><G5/><REACH who="3" ten="228,360,206,196" step="2"/><N who="0" m="3375" /><D97/><U27/><E116/><V83/><F16/><W53/><G53/><T41/><D41/><U35/><E118/><V102/><F102/><W60/><AGARI ba="0,1" hai="4,7,15,17,23,37,42,45,55,59,60,92,98,103" machi="60" ten="20,12000,2" yaku="1,1,0,1,7,1,52,1,53,2" doraHai="10" doraHaiUra="1" who="3" fromWho="3" sc="228,-30,360,-60,206,-30,196,130" /><INIT seed="2,0,0,2,3,71" ten="198,300,176,326" oya="2" hai0="83,69,120,3,111,132,105,110,98,64,21,134,54" hai1="17,52,51,53,10,79,60,9,20,123,121,43,68" hai2="4,31,44,34,39,77,33,12,59,6,35,125,101" hai3="55,122,62,8,49,74,109,115,133,119,32,86,78"/><V65/><F125/><W47/><G119/><T56/><D3/><U76/><E43/><V66/><F31/><W7/><G122/><N who="1" m="46602" /><E68/><V100/><F77/><N who="1" m="29769" /><E60/><V124/><F124/><W45/><G32/><T28/><D83/><U63/><E63/><V97/><F59/><W113/><G74/><T14/><D64/><U90/><E90/><V99/><F12/><W108/><G133/><N who="0" m="51307" /><D69/><U19/><E20/><V48/><F35/><W11/><G62/><T67/><D67/><U131/><E131/><V129/><F48/><W107/><G49/><T30/><D120/><U2/><E51/><V87/><F87/><W103/><G86/><T81/><D81/><U95/><E95/><V41/><F41/><W15/><G78/><T13/><D21/><U88/><E88/><V116/><F44/><W96/><G55/><N who="1" m="21066" /><E2/><V0/><F0/><N who="3" m="103" /><G47/><T61/><D30/><U26/><E26/><V57/><F57/><W84/><G84/><T94/><D28/><U102/><E102/><V5/><F5/><N who="3" m="3567" /><G45/><T135/><D135/><U70/><E70/><V58/><F58/><W40/><G40/><T36/><D94/><U25/><E25/><V82/><F82/><W50/><G50/><T117/><D54/><U1/><E1/><V72/><F129/><W27/><G27/><T106/><D61/><U85/><E85/><V127/><F127/><W92/><G92/><T73/><D56/><U22/><E22/><V89/><F89/><W38/><G103/><T16/><D73/><U29/><E29/><V126/><F126/><W104/><G96/><N who="2" m="36937" /><F72/><W18/><G115/><T80/><D80/><RYUUKYOKU ba="0,0" sc="198,-10,300,30,176,-10,326,-10" hai1="9,10,17,19" /><INIT seed="3,1,0,0,1,58" ten="188,330,166,316" oya="3" hai0="64,51,68,25,88,76,94,81,32,71,123,93,69" hai1="22,59,72,16,39,111,126,96,33,7,114,79,132" hai2="63,21,110,90,41,66,106,20,27,116,124,14,83" hai3="26,109,92,12,129,127,108,34,42,70,74,62,97"/><W87/><G74/><T115/><D123/><U56/><E114/><V103/><F116/><W104/><G104/><T120/><D120/><U57/><E39/><V128/><F110/><N who="3" m="42603" /><G129/><T134/><D134/><U61/><E111/><V31/><F128/><W119/><G119/><T99/><D115/><U91/><E33/><V60/><F124/><W24/><G127/><T19/><D51/><U101/><E126/><V17/><F41/><W40/><G87/><T75/><D94/><U131/><E131/><V38/><F38/><W122/><G122/><T130/><D130/><U100/><E72/><V77/><F90/><N who="3" m="55447" /><G12/><T18/><D64/><U9/><E79/><V95/><F106/><W98/><G98/><T102/><D102/><N who="1" m="39531" /><E132/><V113/><F113/><W15/><G15/><T133/><D133/><U67/><E7/><V112/><F112/><W0/><G0/><T73/><D73/><U54/><E9/><V10/><F66/><N who="3" m="41303" /><G34/><T117/><D117/><U28/><E67/><V13/><F103/><W53/><G53/><T89/><D89/><U47/><E47/><V135/><F135/><W46/><G42/><T11/><D11/><U118/><E118/><V29/><F95/><W50/><AGARI ba="1,0" hai="24,26,40,46,50" m="41303,55447,42603" machi="50" ten="30,6000,0" yaku="14,1,10,1,52,1" doraHai="58" who="3" fromWho="3" sc="188,-21,330,-21,166,-21,316,63" /><INIT seed="3,2,0,0,5,111" ten="167,309,145,379" oya="3" hai0="83,93,101,10,66,56,9,104,12,18,88,133,30" hai1="51,25,95,67,1,127,94,79,4,118,13,41,97" hai2="135,50,74,89,32,103,121,55,85,122,43,109,116" hai3="42,64,62,71,61,107,77,75,98,35,108,78,54"/><W29/><G108/><T117/><D117/><U81/><E127/><V63/><F32/><W76/><G42/><T80/><D133/><U47/><E118/><V19/><F116/><W73/><G54/><T82/><D30/><U112/><E112/><V115/><F115/><W45/><G45/><T60/><D104/><U128/><E128/><V53/><F74/><W17/><G17/><T40/><D40/><U68/><E1/><V6/><F109/><W28/><G28/><T15/><D101/><U91/><E68/><V7/><F103/><N who="3" m="62967" /><G61/><T123/><D123/><N who="2" m="47114" /><F135/><W52/><G52/><N who="2" m="20041" /><F63/><W37/><G37/><T120/><D120/><U113/><E113/><V8/><F19/><W126/><G126/><T2/><D2/><U16/><E67/><V49/><F43/><W65/><G65/><T124/><D124/><U36/><E95/><N who="2" m="54703" /><F7/><W38/><G38/><T110/><D110/><U134/><E134/><V27/><F27/><AGARI ba="2,0" hai="27,29,35,62,64,71,73,75,76,77,78" m="62967" machi="27" ten="30,1500,0" yaku="25,1" doraHai="111" who="3" fromWho="2" sc="167,0,309,0,145,-21,379,21" /><INIT seed="3,3,0,1,1,80" ten="167,309,124,400" oya="3" hai0="94,6,91,43,21,123,105,71,64,110,125,51,106" hai1="96,13,120,49,98,115,39,18,17,31,7,129,14" hai2="74,27,104,76,86,88,77,42,33,60,8,15,68" hai3="3,70,127,23,61,133,87,69,103,109,102,83,28"/><W100/><G3/><T26/><D123/><U132/><E39/><V4/><F104/><W119/><G119/><T25/><D6/><U32/><E120/><V130/><F130/><W58/><G133/><T121/><D121/><U84/><E115/><V79/><F74/><W124/><G109/><T9/><D9/><U10/><E129/><V50/><F68/><W131/><G131/><T81/><D81/><U54/><E132/><V45/><F60/><W90/><G23/><T95/><D64/><U66/><E66/><V40/><F33/><W47/><G28/><T93/><D71/><U72/><E72/><V19/><F27/><W135/><G135/><T116/><D116/><U11/><E7/><V16/><F42/><W55/><REACH who="3" step="1"/><G47/><REACH who="3" ten="167,309,124,390" step="2"/><T34/><D21/><U1/><E1/><V44/><REACH who="2" step="1"/><F44/><REACH who="2" ten="167,309,114,390" step="2"/><W59/><G59/><T56/><D56/><U38/><E32/><V111/><F111/><W134/><G134/><T37/><D34/><U36/><E31/><V41/><F41/><W128/><G128/><T20/><D110/><U118/><E118/><V24/><F24/><W107/><G107/><T73/><D105/><U99/><E36/><V126/><F126/><AGARI ba="3,2" hai="55,58,61,69,70,83,87,90,100,102,103,124,126,127" machi="126" ten="40,7700,0" yaku="1,1,18,1,52,1,53,0" doraHai="80" doraHaiUra="22" who="3" fromWho="2" sc="167,0,309,0,114,-86,390,106" /><INIT seed="3,4,0,1,3,93" ten="167,309,28,496" oya="3" hai0="108,12,55,34,23,107,102,109,36,63,112,134,99" hai1="37,38,66,90,29,97,33,78,2,79,80,101,82" hai2="130,7,44,15,111,31,135,77,13,121,61,94,120" hai3="123,117,81,100,86,41,118,64,74,72,52,30,76"/><W59/><G123/><N who="2" m="47177" /><F111/><W50/><G30/><T14/><D34/><U124/><E2/><V35/><F77/><W1/><G1/><T83/><D36/><U11/><E11/><N who="2" m="4351" /><F44/><W122/><G122/><T21/><D83/><U96/><E66/><V10/><F61/><W43/><G64/><T39/><D134/><U69/><E69/><V85/><F85/><W53/><G100/><T26/><D39/><U110/><E33/><V56/><F56/><W132/><G132/><T24/><D112/><U20/><E29/><V49/><F49/><W45/><G53/><T40/><D40/><U71/><E20/><N who="0" m="7753" /><D55/><U48/><E48/><V103/><F135/><W70/><G70/><T4/><D63/><U127/><E71/><V89/><F103/><W95/><G43/><T46/><D46/><U9/><E9/><V16/><F130/><W25/><G74/><T126/><D4/><U57/><E57/><V47/><F47/><W51/><G25/><T18/><D24/><U75/><E110/><V91/><F94/><W115/><G115/><T58/><D58/><U0/><E0/><V3/><F3/><W131/><G131/><T87/><D109/><U114/><E114/><V106/><F106/><W42/><G42/><T17/><D26/><AGARI ba="4,0" hai="10,15,16,26,31,35,89,91" m="4351,47177" machi="26" ten="30,2000,0" yaku="13,1,54,1" doraHai="93" who="2" fromWho="0" sc="167,-32,309,0,28,32,496,0" /><INIT seed="4,0,0,5,5,86" ten="135,309,60,496" oya="0" hai0="131,89,112,77,21,4,39,48,134,1,70,94,82" hai1="67,5,47,74,90,102,132,97,125,8,20,57,63" hai2="124,69,99,17,88,26,133,9,22,49,111,52,98" hai3="95,3,118,130,105,6,61,53,92,84,103,129,45"/><T85/><D39/><U73/><E132/><V75/><F111/><W64/><G118/><T19/><D112/><U14/><E125/><V115/><F69/><W128/><G3/><T121/><D121/><U41/><E20/><V51/><F75/><W59/><G6/><T0/><D70/><U10/><E10/><V18/><F115/><W25/><G25/><T108/><D134/><U101/><E74/><V42/><F133/><W27/><G27/><T68/><D68/><U38/><E73/><V135/><F135/><W58/><G45/><T96/><D131/><U87/><REACH who="1" step="1"/><E97/><REACH who="1" ten="135,299,60,496" step="2"/><N who="2" m="36875" /><F124/><W120/><G120/><T81/><D108/><U83/><AGARI ba="0,1" hai="5,8,14,38,41,47,57,63,67,83,87,90,101,102" machi="83" ten="20,5200,0" yaku="1,1,0,1,7,1,52,1,53,0" doraHai="86" doraHaiUra="100" who="1" fromWho="1" sc="135,-26,299,62,60,-13,496,-13" /><INIT seed="5,0,0,3,0,21" ten="109,361,47,483" oya="1" hai0="111,65,64,121,98,77,22,53,3,101,92,47,123" hai1="100,4,42,55,37,89,87,62,109,119,1,74,107" hai2="61,131,52,99,112,23,132,18,10,105,134,24,14" hai3="115,33,110,133,126,2,16,68,90,104,102,46,19"/><U25/><E119/><V5/><F131/><W11/><G110/><T38/><D111/><U129/><E129/><V13/><F112/><W96/><G68/><T34/><D34/><U32/><E109/><V0/><F105/><W78/><G33/><T125/><D3/><U44/><E55/><V9/><F99/><W114/><G133/><N who="2" m="51305" /><F61/><W66/><G66/><T41/><D125/><U124/><E124/><V12/><F52/><W67/><G67/><T73/><D22/><U26/><E32/><V83/><F83/><W130/><G130/><T113/><D113/><N who="3" m="43017" /><G126/><T70/><D53/><U63/><E74/><V80/><F80/><W76/><G90/><T75/><D70/><U59/><E107/><V30/><AGARI ba="0,0" hai="0,5,9,10,12,13,14,18,23,24,30" m="51305" machi="30" ten="30,7900,0" yaku="20,1,34,2,52,1" doraHai="21" who="2" fromWho="2" sc="109,-20,361,-39,47,79,483,-20" /><INIT seed="6,0,0,4,0,34" ten="89,322,126,463" oya="2" hai0="120,102,131,11,128,96,45,68,73,27,4,24,30" hai1="77,122,104,92,49,7,135,59,112,129,70,100,37" hai2="113,23,84,63,36,107,9,44,60,78,89,114,18" hai3="58,39,72,74,8,119,69,13,134,117,10,21,67"/><V125/><F107/><W110/><G110/><T83/><D68/><U51/><E104/><V71/><F78/><W97/><G69/><T64/><D64/><U108/><E108/><V133/><F133/><W28/><G39/><T124/><D120/><U90/><E70/><V50/><F36/><W33/><G33/><T14/><D124/><U80/><E37/><V126/><F9/><W132/><G97/><T88/><D45/><U79/><E135/><N who="3" m="51754" /><G21/><T95/><D73/><N who="3" m="28265" /><G28/><T26/><REACH who="0" step="1"/><D30/><REACH who="0" ten="79,322,126,463" step="2"/><U61/><E122/><V86/><F71/><W48/><G67/><T118/><D118/><U65/><E65/><V103/><F126/><W19/><G119/><T82/><D82/><U32/><E80/><N who="2" m="49287" /><F125/><W94/><G117/><T109/><D109/><U1/><E129/><V105/><F114/><W56/><G58/><T121/><D121/><U85/><E59/><V53/><F113/><W41/><G56/><T55/><D55/><U123/><E112/><V52/><F53/><W35/><G41/><T99/><D99/><U98/><E98/><N who="2" m="61687" /><F86/><AGARI ba="0,1" hai="4,11,14,24,26,27,83,86,88,95,96,102,128,131" machi="86" ten="40,2600,0" yaku="1,1,54,1,53,0" doraHai="34" doraHaiUra="43" who="0" fromWho="2" sc="79,36,322,0,126,-26,463,0" /><INIT seed="7,0,0,5,2,66" ten="115,322,100,463" oya="3" hai0="131,54,42,14,23,129,83,13,57,55,69,34,105" hai1="113,12,118,77,3,63,119,67,97,46,108,85,26" hai2="19,50,116,60,84,33,91,79,31,36,65,127,115" hai3="30,103,37,102,56,111,10,70,114,106,93,89,74"/><W120/><G120/><T39/><D69/><U121/><E3/><V41/><F116/><W101/><G37/><T28/><D105/><U18/><E108/><V109/><F109/><W128/><G111/><T49/><D34/><U117/><E121/><V96/><F36/><W123/><G123/><T22/><D83/><U94/><E113/><V99/><F115/><W38/><G70/><T80/><D80/><U88/><E46/><N who="2" m="25935" /><F33/><W47/><G74/><T9/><D55/><U35/><E77/><V8/><F31/><W62/><G128/><N who="0" m="49227" /><D28/><U64/><E64/><V0/><F0/><W27/><G10/><T59/><D59/><U5/><E5/><V51/><F79/><W43/><G114/><T82/><D82/><U95/><E35/><V11/><F127/><W2/><G2/><T40/><D14/><U98/><E26/><V16/><F51/><W4/><G4/><N who="0" m="3239" /><D39/><U20/><REACH who="1" step="1"/><E95/><REACH who="1" ten="115,312,100,463" step="2"/><N who="2" m="54759" /><F8/><W71/><G27/><T21/><AGARI ba="0,1" hai="21,22,23,40,42,49,54,57" m="3239,49227" machi="21" ten="30,1100,0" yaku="19,1" doraHai="66" who="0" fromWho="0" sc="115,21,312,-3,100,-3,463,-5" owari="136,-26.0,309,11.0,97,-40.0,458,55.0" /></mjloggm>