<mjloggm ver="2.3"><GO type="169" lobby="0"/><UN n0="%E3%83%9E%E3%82%B8%E3%81%8D%E3%82%8C%E3%81%9D%E3%81%86%EF%BC%81" n1="%74%6F%73%68%69%6D%61%69" n2="%E6%B9%98%E5%8C%97%E2%91%AD%E4%B8%89%E4%BA%95%E5%AF%BF" n3="%E3%83%88%E3%83%88%E3%83%AA%E5%85%88%E7%94%9F%31%39%E6%AD%B3" dan="18,16,17,19" rate="2217.85,2189.35,2207.36,2290.70" sx="M,M,M,F"/><TAIKYOKU oya="0"/><INIT seed="0,0,0,5,3,109" ten="250,250,250,250" oya="0" hai0="106,84,53,79,43,69,130,101,105,11,5,96,133" hai1="122,93,47,98,34,37,55,36,100,35,110,3,104" hai2="8,44,52,113,89,124,13,32,72,16,41,59,125" hai3="51,12,38,23,128,83,62,4,112,97,49,135,75"/><T126/><D130/><U78/><E55/><V120/><F72/><W33/><G33/><N who="1" m="12298" /><E93/><V119/><F32/><W88/><G38/><N who="1" m="14954" /><E47/><V111/><F120/><W14/><G112/><T127/><D43/><U15/><E15/><V108/><F119/><W25/><G128/><T71/><D106/><U85/><E85/><V46/><F113/><W76/><G135/><T2/><D133/><U58/><E58/><V74/><F74/><W102/><G62/><T90/><D79/><U18/><E18/><V134/><F134/><W26/><G26/><T95/><REACH who="0" step="1"/><D53/><REACH who="0" ten="240,250,250,250" step="2"/><U67/><E78/><V0/><F41/><W64/><G76/><T115/><D115/><U132/><E132/><V7/><F46/><W48/><G75/><T77/><D77/><U123/><E123/><V30/><F44/><W80/><G64/><T28/><D28/><U60/><E122/><V87/><F111/><W114/><G114/><T118/><D118/><U81/><E110/><V121/><F30/><W40/><G40/><T94/><D94/><U92/><E92/><N who="2" m="54335" /><F121/><W24/><G83/><T31/><D31/><U73/><E81/><V42/><F42/><W68/><G80/><T27/><D27/><U54/><E73/><V82/><F82/><W116/><G25/><T66/><D66/><U103/><E54/><V17/><F108/><W86/><G24/><T1/><D1/><U99/><E3/><V65/><F65/><W57/><G116/><T9/><D9/><U39/><E39/><V6/><F0/><W50/><N who="3" m="12288" /><DORA hai="107" /><W131/><G131/><T70/><AGARI ba="0,1" hai="2,5,11,69,70,71,84,90,95,96,101,105,126,127" machi="70" ten="40,3900,0" yaku="1,1,0,1,53,0" doraHai="109,107" doraHaiUra="29,21" who="0" fromWho="0" sc="240,49,250,-13,250,-13,250,-13" /><INIT seed="0,1,0,1,3,123" ten="289,237,237,237" oya="0" hai0="93,66,5,44,9,41,56,106,122,50,102,90,105" hai1="85,36,24,57,92,2,108,37,8,49,116,32,15" hai2="21,86,133,101,71,29,91,12,98,19,23,99,68" hai3="53,7,95,62,65,59,64,130,45,107,67,112,38"/><T109/><D122/><U111/><E116/><V70/><F133/><W42/><G107/><T81/><D102/><U128/><E2/><V58/><F101/><W60/><G7/><T22/><D81/><U78/><E128/><V13/><F58/><N who="3" m="34895" /><G95/><T94/><D94/><U126/><E126/><V117/><F117/><W77/><G77/><T73/><D73/><U43/><E32/><V75/><F75/><W131/><G112/><T30/><D109/><N who="1" m="42059" /><E24/><V134/><F134/><W1/><G1/><T10/><D30/><U121/><E121/><V129/><F129/><AGARI ba="1,0" hai="38,42,45,59,62,64,65,67,129,130,131" m="34895" machi="129" ten="30,3900,0" yaku="19,1,34,2" doraHai="123" who="3" fromWho="2" sc="289,0,237,0,237,-42,237,42" /><INIT seed="1,0,0,3,4,101" ten="289,237,195,279" oya="1" hai0="80,28,94,42,23,115,29,135,108,122,90,53,131" hai1="88,13,45,59,30,92,61,65,89,12,110,20,56" hai2="48,112,114,54,64,49,2,116,38,51,41,46,134" hai3="111,93,34,43,109,81,70,85,5,18,99,3,105"/><U104/><E110/><N who="3" m="41994" /><G70/><T24/><D108/><U95/><E104/><V97/><F2/><W16/><G34/><T82/><D115/><N who="2" m="44074" /><F97/><W55/><G43/><T71/><D131/><U58/><E45/><V26/><F26/><W27/><G27/><T37/><D135/><U98/><E30/><V35/><F35/><W10/><G55/><T8/><D29/><U11/><E20/><V102/><F102/><N who="3" m="62687" /><G93/><T128/><D128/><U123/><E123/><V86/><F134/><W79/><AGARI ba="0,0" hai="3,5,10,16,18,79,81,85" m="62687,41994" machi="79" ten="30,4000,0" yaku="14,1,52,1,54,1" doraHai="101" who="3" fromWho="3" sc="289,-10,237,-20,195,-10,279,40" /><INIT seed="2,0,0,4,1,72" ten="279,217,185,319" oya="2" hai0="34,25,91,95,28,27,129,19,21,97,55,106,23" hai1="113,48,9,98,42,89,128,14,84,71,65,100,111" hai2="63,114,41,135,76,20,103,131,73,79,56,107,33" hai3="61,67,22,32,101,16,30,81,104,69,43,44,122"/><V11/><F33/><W4/><G122/><T85/><D129/><U17/><E113/><V31/><F73/><W125/><G125/><T120/><D120/><U59/><E128/><V78/><F131/><W10/><G32/><T13/><D55/><U75/><E75/><V127/><F114/><W80/><G30/><T124/><D124/><U109/><E71/><V119/><F127/><W83/><G101/><T112/><D112/><U123/><E123/><V39/><F119/><W1/><G104/><T2/><D2/><U117/><E117/><V26/><F135/><W51/><REACH who="3" step="1"/><G80/><REACH who="3" ten="279,217,185,309" step="2"/><T96/><D106/><U64/><E111/><V93/><F107/><W15/><AGARI ba="0,1" hai="1,4,10,15,16,22,43,44,51,61,67,69,81,83" machi="15" ten="20,8000,1" yaku="1,1,2,1,0,1,7,1,54,1,53,0" doraHai="72" doraHaiUra="102" who="3" fromWho="3" sc="279,-20,217,-20,185,-40,309,90" /><INIT seed="3,0,0,5,1,16" ten="259,197,145,399" oya="3" hai0="104,118,113,69,14,91,95,135,19,34,42,101,25" hai1="123,126,134,68,4,125,66,96,92,79,115,11,103" hai2="127,121,43,55,26,27,108,105,6,20,106,59,102" hai3="1,72,15,93,37,29,9,33,90,122,62,0,73"/><W23/><G122/><T89/><D118/><U12/><E123/><V88/><F121/><W132/><G37/><T7/><D69/><U40/><E115/><V67/><F108/><W111/><G33/><T124/><D42/><U100/><E134/><V24/><F127/><W3/><G111/><T77/><D124/><N who="1" m="47723" /><E79/><V2/><F106/><W112/><G132/><T53/><D104/><U85/><E85/><V63/><F102/><W98/><G112/><T44/><D77/><U51/><E103/><V31/><F105/><W71/><G62/><T109/><D109/><U58/><E68/><V50/><F43/><W64/><G64/><T39/><D101/><U21/><E40/><V97/><F6/><W74/><G71/><T120/><D91/><U36/><E36/><V117/><F2/><W52/><G52/><T107/><D39/><U114/><E114/><V70/><REACH who="2" step="1"/><F117/><REACH who="2" ten="259,197,135,399" step="2"/><W84/><G3/><T128/><D107/><U86/><E4/><V41/><F41/><W131/><G1/><T18/><D120/><U32/><E100/><V17/><F17/><W129/><G0/><T94/><D7/><U56/><E11/><V81/><F81/><W22/><G9/><T35/><D135/><U8/><E8/><V28/><F28/><W54/><G29/><T130/><D113/><U49/><E92/><AGARI ba="0,1" hai="20,24,26,27,31,50,55,59,63,67,70,88,92,97" machi="92" ten="40,5200,0" yaku="1,1,52,1,54,1,53,0" doraHai="16" doraHaiUra="83" who="2" fromWho="1" sc="259,0,197,-52,135,62,399,0" /><INIT seed="4,0,0,1,3,115" ten="259,145,197,399" oya="0" hai0="106,114,19,123,130,120,6,47,90,45,72,37,80" hai1="73,35,22,18,113,62,133,76,24,71,17,34,40" hai2="104,60,102,74,44,119,15,42,118,13,116,93,2" hai3="108,82,10,11,125,112,78,48,67,25,126,36,96"/><T88/><D106/><U12/><E40/><V131/><F74/><W28/><G36/><T70/><D70/><U103/><E103/><V59/><F2/><W66/><G108/><T61/><D114/><U132/><E76/><V32/><F32/><N who="1" m="12329" /><E62/><V41/><F104/><W101/><G112/><T134/><D61/><U38/><E38/><N who="2" m="21559" /><F131/><W49/><G25/><T39/><D130/><U98/><E98/><N who="2" m="59727" /><F42/><W0/><G28/><T56/><D72/><U26/><E73/><V95/><F95/><W117/><G0/><T109/><D109/><U86/><E86/><V122/><F122/><W58/><G96/><T23/><D56/><U111/><E71/><V7/><F7/><W1/><G1/><T92/><D92/><U51/><E113/><V16/><F16/><W100/><G58/><T5/><D80/><U54/><E111/><V43/><F43/><W84/><G84/><T30/><D39/><U14/><E51/><V64/><AGARI ba="0,0" hai="13,15,59,60,64,116,118,119" m="59727,21559" machi="64" ten="30,7900,0" yaku="12,1,52,3" doraHai="115" who="2" fromWho="2" sc="259,-39,145,-20,197,79,399,-20" /><INIT seed="5,0,0,3,2,74" ten="220,125,276,379" oya="1" hai0="13,109,113,101,79,50,52,121,100,27,72,117,48" hai1="94,95,133,42,128,32,39,64,66,126,1,11,2" hai2="102,22,104,0,10,130,44,5,116,61,71,17,98" hai3="120,110,134,58,49,26,91,108,88,55,7,24,75"/><U123/><E123/><V93/><F130/><W57/><G120/><T115/><D121/><U127/><E32/><V67/><F44/><W135/><G75/><T107/><D109/><N who="3" m="42089" /><G7/><T76/><D117/><U83/><E128/><V37/><F37/><W36/><G36/><T53/><D72/><U70/><E39/><V3/><F116/><W103/><G103/><N who="0" m="39499" /><D107/><U90/><E11/><V87/><F87/><W99/><G57/><N who="0" m="32903" /><D27/><N who="3" m="10281" /><G99/><T51/><D51/><U80/><E90/><V16/><F22/><W124/><G124/><T41/><D41/><U77/><E70/><V33/><F33/><W35/><G35/><T82/><D82/><U4/><E4/><V105/><REACH who="2" step="1"/><F3/><REACH who="2" ten="220,125,266,379" step="2"/><W119/><G119/><T28/><D115/><U97/><E97/><V85/><F85/><W125/><G125/><T92/><D113/><U34/><E34/><V29/><F29/><W73/><G73/><T122/><D28/><U23/><E23/><V46/><F46/><W112/><G112/><T62/><D122/><U8/><E8/><V18/><AGARI ba="0,1" hai="0,5,10,16,17,18,61,67,71,93,98,102,104,105" machi="18" ten="30,4000,0" yaku="1,1,0,1,54,1,53,0" doraHai="74" doraHaiUra="69" who="2" fromWho="2" sc="220,-10,125,-20,266,50,379,-10" /><INIT seed="6,0,0,1,1,89" ten="210,105,316,369" oya="2" hai0="4,108,15,11,105,73,66,25,107,67,92,33,86" hai1="85,91,45,69,68,5,22,16,7,8,131,102,88" hai2="99,76,100,27,96,52,54,90,17,19,64,32,116" hai3="36,75,130,9,49,24,78,119,94,51,20,80,48"/><V55/><F116/><W23/><G119/><T39/><D73/><U58/><E131/><V118/><F118/><W120/><G120/><T34/><D39/><U115/><E115/><V123/><F76/><W41/><G130/><T121/><D121/><U104/><E45/><V129/><F129/><W109/><G109/><T44/><D108/><U13/><E7/><V134/><F123/><W43/><G36/><T40/><D107/><U29/><E29/><V62/><F134/><W50/><G9/><T84/><D105/><U117/><E91/><V111/><F111/><W28/><G94/><T21/><D34/><U53/><E102/><V38/><F38/><W110/><G110/><T106/><D106/><U0/><E104/><N who="2" m="63495" /><F90/><W47/><REACH who="3" step="1"/><G23/><REACH who="3" ten="210,105,316,359" step="2"/><T93/><D21/><U12/><E117/><V83/><F83/><W114/><G114/><T6/><D92/><U63/><E0/><V26/><F99/><W2/><G2/><T132/><D93/><AGARI ba="0,1" hai="5,8,12,13,16,22,53,58,63,68,69,85,88,93" machi="93" ten="30,7700,0" yaku="7,1,52,1,54,2" doraHai="89" who="1" fromWho="0" sc="210,-77,105,87,316,0,359,0" /><INIT seed="7,0,0,4,4,64" ten="133,192,316,359" oya="3" hai0="26,33,99,62,106,7,131,100,29,2,125,126,81" hai1="82,65,22,60,110,108,123,16,58,120,8,130,92" hai2="122,55,75,47,86,52,118,128,133,134,10,80,97" hai3="87,37,44,102,4,36,6,98,112,39,17,67,49"/><W15/><G87/><T13/><D131/><U135/><E130/><V20/><F128/><W84/><G84/><T89/><D89/><U83/><E135/><N who="2" m="51723" /><F118/><W101/><G67/><T79/><D13/><U119/><E119/><V53/><F75/><W54/><G112/><T24/><D24/><U93/><E8/><V0/><F97/><W78/><G78/><T21/><D21/><U12/><E93/><V117/><F117/><W85/><G85/><T96/><D96/><U1/><E1/><V51/><F122/><W27/><G27/><T109/><D109/><U9/><E110/><V114/><F114/><W11/><REACH who="3" step="1"/><G101/><REACH who="3" ten="133,192,316,349" step="2"/><T48/><D48/><U14/><E123/><V41/><F20/><W50/><G50/><T127/><D62/><U77/><E120/><V59/><F10/><W124/><G124/><T66/><D66/><U68/><E77/><N who="2" m="46351" /><F0/><W32/><G32/><T88/><D88/><U25/><E108/><V91/><F91/><W121/><G121/><T95/><D81/><U94/><E83/><V18/><F18/><W57/><G57/><AGARI ba="0,1" hai="41,47,51,52,53,55,57,59" m="46351,51723" machi="57" ten="30,2000,0" yaku="20,1,54,1" doraHai="64" who="2" fromWho="3" sc="133,0,192,0,316,30,349,-20" owari="133,-37.0,192,-21.0,346,45.0,329,13.0" /></mjloggm>