<mjloggm ver="2.3"><GO type="169" lobby="0"/><UN n0="%E3%83%88%E3%83%88%E3%83%AA%E5%85%88%E7%94%9F%31%39%E6%AD%B3" n1="%EF%BC%BC%28%EF%BC%BE%6F%EF%BC%BE%29%EF%BC%8F%E2%98%85" n2="%E7%8E%96%E7%91%9B" n3="%E6%88%B0%E5%A0%B4%E3%83%B6%E5%8E%9F%E3%81%B2%E3%81%9F%E3%81%8E" dan="19,16,16,16" rate="2274.49,2070.61,2112.00,2093.00" sx="F,M,M,F"/><TAIKYOKU oya="0"/><INIT seed="0,0,0,5,3,53" ten="250,250,250,250" oya="0" hai0="81,56,6,55,4,38,132,41,1,68,118,15,45" hai1="115,30,86,35,88,107,119,97,10,14,116,36,58" hai2="52,105,27,65,0,80,135,16,90,121,40,84,128" hai3="29,74,39,131,7,75,24,34,126,106,50,67,130"/><T49/><D118/><U114/><E36/><V70/><F121/><W19/><G106/><T2/><D132/><U73/><E73/><V37/><F135/><W125/><G39/><T110/><D110/><U102/><E30/><V82/><F0/><W64/><G7/><T100/><D68/><U59/><E35/><V18/><F105/><W108/><G19/><T47/><D100/><U8/><E119/><V79/><F27/><W91/><G108/><T33/><D33/><U133/><E133/><V62/><F128/><N who="3" m="49195" /><G91/><T112/><D112/><N who="1" m="43051" /><E116/><V129/><F129/><W25/><G25/><T21/><D6/><N who="1" m="3351" /><E10/><V127/><F127/><N who="3" m="48651" /><G50/><T12/><D12/><U46/><E46/><V43/><F37/><W94/><G94/><AGARI ba="0,0" hai="58,59,86,88,94,97,102,107" m="3351,43051" machi="94" ten="30,7700,0" yaku="11,1,52,2,54,1" doraHai="53" who="1" fromWho="3" sc="250,0,250,77,250,0,250,-77" /><INIT seed="1,0,0,1,3,19" ten="250,327,250,173" oya="1" hai0="120,84,18,20,86,131,119,135,52,32,98,134,105" hai1="89,40,83,97,88,118,123,76,129,0,124,34,93" hai2="3,24,92,101,51,94,31,79,103,12,64,6,71" hai3="110,15,73,27,99,66,82,38,77,9,125,13,87"/><U22/><E34/><V70/><F3/><W90/><G38/><T2/><D119/><U8/><E118/><V48/><F79/><W85/><G110/><T113/><D113/><U44/><E123/><V111/><F12/><W78/><G125/><T29/><D2/><U128/><E124/><V33/><F6/><W57/><G99/><T36/><D36/><U95/><E8/><V54/><F51/><W115/><G115/><T100/><D120/><U107/><E0/><V58/><F111/><W127/><G127/><T39/><D39/><U121/><E121/><V81/><F81/><W74/><G27/><T67/><D67/><U62/><E62/><V104/><F71/><W17/><G77/><T35/><D29/><U122/><E122/><V10/><F10/><W1/><G1/><T30/><D30/><U26/><E107/><V68/><F68/><W108/><G108/><T102/><D102/><U69/><E69/><V46/><F46/><W126/><G13/><N who="0" m="9295" /><D131/><N who="1" m="50251" /><E44/><V75/><F75/><W55/><G66/><T4/><D4/><U53/><E40/><V14/><F104/><W60/><REACH who="3" step="1"/><G126/><REACH who="3" ten="250,327,250,163" step="2"/><T91/><D98/><N who="1" m="57639" /><E76/><V65/><F70/><W59/><G59/><T56/><D56/><U96/><E96/><V11/><F58/><W80/><AGARI ba="0,1" hai="9,15,17,55,57,60,73,74,78,80,82,85,87,90" machi="80" ten="20,2700,0" yaku="1,1,0,1,7,1,53,0" doraHai="19" doraHaiUra="37" who="3" fromWho="3" sc="250,-7,327,-13,250,-7,163,37" /><INIT seed="2,0,0,3,0,84" ten="243,314,243,200" oya="2" hai0="132,8,57,42,99,59,126,91,63,61,86,122,69" hai1="93,129,62,87,113,116,80,40,35,100,96,17,120" hai2="48,50,37,20,98,47,2,64,135,71,121,38,131" hai3="15,70,12,45,92,130,67,114,7,117,1,88,49"/><V21/><F121/><W83/><G130/><T36/><D122/><U11/><E35/><V77/><F2/><W16/><G83/><T89/><D132/><U14/><E120/><V107/><F135/><W111/><G111/><T22/><D126/><U0/><E129/><V106/><F77/><W127/><G127/><T109/><D109/><U79/><E116/><V102/><F131/><W19/><G114/><T73/><D73/><U82/><E113/><V103/><F98/><W133/><G133/><T94/><D36/><U81/><E0/><V110/><F110/><W75/><G1/><T26/><D42/><U18/><E40/><V134/><F134/><W24/><G75/><T123/><D8/><U32/><E32/><V128/><F128/><W23/><G117/><T105/><D105/><U30/><E30/><V112/><F112/><W54/><G7/><T101/><D69/><U41/><E41/><V72/><F72/><W13/><G67/><N who="0" m="39343" /><D86/><U9/><E62/><V46/><F64/><W5/><G70/><AGARI ba="0,0" hai="20,21,37,38,46,47,48,50,70,71,102,103,106,107" machi="70" ten="25,2400,0" yaku="22,2" doraHai="84" who="2" fromWho="3" sc="243,0,314,0,243,24,200,-24" /><INIT seed="2,1,0,2,4,93" ten="243,314,267,176" oya="2" hai0="66,116,133,27,50,48,15,57,43,95,82,31,67" hai1="122,131,61,0,64,105,55,132,70,114,109,78,84" hai2="45,125,127,98,112,68,20,80,3,29,128,1,14" hai3="87,49,110,16,108,118,72,129,36,37,115,75,47"/><V7/><F112/><W25/><G118/><T54/><D116/><U19/><E0/><V117/><F117/><W104/><G104/><T107/><D107/><U119/><E119/><V79/><F68/><W90/><G129/><T58/><D133/><U113/><E105/><V71/><F71/><W46/><G115/><T120/><D120/><U111/><E78/><V83/><F83/><W123/><G123/><T2/><D2/><U91/><E122/><V106/><F128/><W23/><G47/><T100/><D15/><U59/><E19/><V86/><F45/><W62/><G62/><T35/><D82/><U53/><E131/><V28/><F28/><W130/><G130/><T56/><D43/><U42/><E42/><V85/><F85/><W26/><G26/><T88/><D100/><U81/><E55/><V44/><F44/><W32/><G32/><T103/><D103/><U10/><E10/><V51/><F51/><W74/><G90/><T69/><D50/><N who="1" m="31159" /><E132/><V97/><F106/><W101/><G87/><T41/><D41/><U52/><E52/><V92/><F3/><W11/><G101/><T134/><D134/><U38/><E38/><V40/><F40/><N who="3" m="24775" /><G11/><T63/><REACH who="0" step="1"/><D67/><REACH who="0" ten="233,314,267,176" step="2"/><U8/><E114/><V17/><F1/><W126/><G37/><T22/><D22/><U9/><E113/><V24/><F20/><W30/><G36/><T94/><D94/><U18/><E9/><V102/><F92/><W89/><G23/><T99/><AGARI ba="1,1" hai="27,31,35,48,54,56,57,58,63,66,69,88,95,99" machi="99" ten="20,8000,1" yaku="1,1,0,1,7,1,52,1,54,1,53,0" doraHai="93" doraHaiUra="12" who="0" fromWho="0" sc="233,93,314,-21,267,-41,176,-21" /><INIT seed="3,0,0,5,1,29" ten="326,293,226,155" oya="3" hai0="69,103,130,98,34,123,95,21,104,94,35,54,126" hai1="121,114,47,40,56,30,26,75,106,16,127,59,39" hai2="85,99,7,128,20,116,76,83,8,37,71,105,22" hai3="97,96,32,15,90,102,10,4,13,70,108,48,92"/><W63/><G108/><T60/><D123/><U38/><E106/><V17/><F116/><W78/><G78/><T12/><D130/><U64/><E121/><V61/><F37/><W120/><G120/><T74/><D74/><U66/><E75/><V135/><F128/><W24/><G48/><T25/><D126/><U46/><E114/><V23/><F135/><W86/><G13/><T52/><D12/><U14/><E127/><V113/><F113/><W117/><G117/><T9/><D9/><U119/><E119/><V3/><F71/><W124/><G124/><T27/><D27/><U18/><E14/><V5/><F5/><W134/><G134/><T31/><D21/><U65/><E59/><V72/><F61/><W89/><G97/><T11/><D35/><U50/><E56/><V115/><F72/><W51/><G51/><T79/><D11/><U42/><E50/><V125/><F125/><W93/><G89/><T122/><D79/><U101/><E101/><V36/><F36/><W91/><G102/><T82/><D82/><U0/><E0/><V58/><F58/><W88/><G91/><T73/><D73/><U132/><E132/><V6/><F6/><W62/><REACH who="3" step="1"/><G70/><REACH who="3" ten="326,293,226,145" step="2"/><T49/><D122/><U109/><E109/><V2/><F2/><W80/><G80/><T110/><D110/><U100/><E100/><N who="2" m="62623" /><F115/><W1/><G1/><T53/><D49/><U131/><E131/><V81/><F81/><W118/><G118/><T57/><D57/><U45/><E45/><V87/><F3/><W33/><G33/><AGARI ba="0,1" hai="16,18,26,30,33,38,39,40,42,46,47,64,65,66" machi="33" ten="40,5200,0" yaku="9,1,52,1,54,1" doraHai="29" who="1" fromWho="3" sc="326,0,293,62,226,0,145,-52" /><INIT seed="4,0,0,2,4,60" ten="326,355,226,93" oya="0" hai0="72,77,84,66,103,68,59,3,34,98,135,134,95" hai1="128,83,124,89,116,6,13,37,112,85,18,74,61" hai2="91,9,54,120,133,118,113,39,44,75,17,22,45" hai3="30,55,101,36,38,96,100,50,109,58,115,4,81"/><T63/><D3/><U87/><E116/><V93/><F118/><W24/><G109/><T119/><D119/><U47/><E124/><V129/><F120/><W42/><G115/><T51/><D34/><U105/><E105/><V102/><F113/><W49/><G4/><T69/><D72/><U56/><E112/><V26/><F102/><W40/><G81/><N who="0" m="47151" /><D51/><U11/><E128/><V110/><F129/><W86/><G86/><T46/><D46/><U32/><E32/><V104/><F104/><W80/><G80/><T15/><D15/><U53/><E74/><V79/><F110/><W31/><G24/><T117/><D117/><U127/><E127/><V126/><F126/><W114/><G114/><T111/><D111/><U41/><E87/><V125/><F39/><W12/><G12/><T14/><D14/><U94/><E83/><V132/><F79/><W5/><G5/><T78/><D78/><U92/><E92/><V21/><F9/><W2/><G58/><T76/><D76/><U108/><E108/><V33/><F33/><W70/><G96/><T25/><D25/><U29/><E6/><V97/><F75/><W130/><G130/><T1/><D1/><U99/><E99/><V0/><F0/><W65/><G2/><T43/><D43/><U35/><E35/><V73/><F73/><W90/><G70/><T27/><D27/><U19/><E19/><V67/><F17/><W123/><G123/><T7/><D7/><U121/><E121/><V8/><F26/><W16/><G16/><T107/><D107/><U131/><E131/><V48/><F125/><RYUUKYOKU ba="0,0" sc="326,15,355,15,226,-15,93,-15" hai0="59,63,66,68,69,95,98,103,134,135" hai1="11,13,18,29,37,41,47,53,56,61,85,89,94" /><INIT seed="4,1,0,5,5,4" ten="341,370,211,78" oya="0" hai0="120,51,124,75,40,88,119,49,132,78,30,43,77" hai1="99,110,131,107,92,102,113,31,20,128,16,91,0" hai2="117,74,116,122,129,66,52,84,108,3,90,25,69" hai3="37,17,106,23,73,50,100,21,89,32,95,65,97"/><T7/><D119/><U47/><E110/><V15/><F108/><W60/><G37/><T114/><D120/><U105/><E31/><V121/><F3/><W14/><G32/><T67/><D114/><U6/><E113/><V28/><F74/><W127/><G127/><T118/><D118/><N who="2" m="45674" /><F129/><N who="1" m="49737" /><E47/><V94/><F15/><W2/><G2/><T8/><D132/><U72/><E72/><V115/><F115/><W83/><G50/><N who="0" m="18955" /><D67/><U125/><E125/><V55/><F121/><W76/><G60/><T24/><D75/><U46/><E46/><V63/><F122/><W135/><G65/><T96/><D24/><N who="1" m="14343" /><E91/><V133/><F133/><W41/><G41/><N who="0" m="15947" /><D30/><U82/><E82/><V109/><F109/><W22/><REACH who="3" step="1"/><G135/><REACH who="3" ten="341,370,211,68" step="2"/><T59/><D124/><U35/><E35/><AGARI ba="1,1" hai="25,28,35,52,55,63,66,69,84,90,94" m="45674" machi="35" ten="30,2000,0" yaku="12,1,54,1" doraHai="4" who="2" fromWho="1" sc="341,0,370,-23,211,33,68,0" /><INIT seed="5,0,0,3,3,51" ten="341,347,244,68" oya="1" hai0="101,106,64,88,22,29,112,49,54,16,114,12,69" hai1="21,18,40,9,45,73,33,122,93,135,39,17,66" hai2="0,115,27,75,76,28,104,52,102,32,109,61,74" hai3="111,24,117,11,2,10,44,129,126,34,131,89,95"/><U107/><E107/><V96/><F109/><W35/><G44/><T25/><D101/><U58/><E33/><N who="3" m="12298" /><G89/><T118/><D106/><U57/><E135/><V20/><F115/><N who="0" m="44074" /><D118/><U87/><E122/><V38/><F38/><W105/><G95/><T47/><D64/><U19/><E73/><V119/><F119/><W82/><G82/><T55/><D69/><U68/><E68/><V43/><F43/><W42/><G42/><N who="0" m="24823" /><D88/><U14/><E66/><V100/><F100/><W8/><G105/><T41/><D41/><U65/><E65/><V53/><F75/><W92/><G92/><T7/><D7/><U116/><E116/><V133/><F133/><W62/><G62/><T94/><D94/><U124/><E19/><V71/><F61/><W125/><G117/><T81/><D81/><U91/><REACH who="1" step="1"/><E124/><REACH who="1" ten="341,337,244,68" step="2"/><N who="3" m="47722" /><G111/><T113/><D113/><U130/><E130/><N who="3" m="49674" /><G24/><AGARI ba="0,1" hai="9,14,17,18,21,24,39,40,45,57,58,87,91,93" machi="24" ten="30,2900,0" yaku="1,1,7,1,53,0" doraHai="51" doraHaiUra="123" who="1" fromWho="3" sc="341,0,337,39,244,0,68,-29" /><INIT seed="5,1,0,3,2,101" ten="341,376,244,39" oya="1" hai0="120,10,62,75,72,78,117,135,108,0,74,93,18" hai1="67,88,127,113,12,132,66,64,41,82,112,8,102" hai2="1,39,2,51,94,71,49,86,76,3,125,22,97" hai3="27,40,53,65,33,9,96,7,98,121,4,59,17"/><U63/><E132/><V21/><F39/><W104/><G121/><T57/><D108/><U14/><E127/><V133/><F71/><W60/><G40/><T105/><D117/><U106/><E41/><V35/><F35/><W124/><G96/><T38/><D38/><U55/><E55/><V43/><F133/><W11/><G124/><T115/><D135/><U34/><E34/><V81/><F125/><W116/><G116/><T80/><D115/><N who="1" m="44107" /><E63/><V48/><REACH who="2" step="1"/><F43/><REACH who="2" ten="341,376,234,39" step="2"/><W99/><G33/><T19/><D120/><U54/><E54/><V134/><F134/><W85/><G53/><T119/><D119/><U130/><E67/><V92/><F92/><W6/><G85/><T90/><D74/><U31/><E66/><V69/><F69/><W95/><G95/><T100/><D72/><U114/><E64/><V24/><F24/><W79/><G98/><T29/><D75/><U87/><E114/><V89/><AGARI ba="1,1" hai="1,2,3,21,22,48,49,51,76,81,86,89,94,97" machi="89" ten="40,2700,0" yaku="1,1,0,1,53,0" doraHai="101" doraHaiUra="52" who="2" fromWho="2" sc="341,-8,376,-14,234,40,39,-8" /><INIT seed="6,0,0,5,2,115" ten="333,362,274,31" oya="2" hai0="103,8,121,78,27,72,40,20,70,2,74,98,64" hai1="132,49,44,102,95,51,94,50,117,93,39,89,18" hai2="90,76,45,111,112,13,92,52,88,57,3,133,68" hai3="80,17,100,120,71,15,10,56,128,127,1,32,31"/><V59/><F3/><W130/><G71/><T67/><D121/><U48/><E102/><V125/><F68/><W63/><G100/><T83/><D74/><U33/><E33/><V99/><F112/><W104/><G104/><T106/><D70/><U135/><E117/><V107/><F107/><W14/><G120/><T119/><D119/><U6/><E6/><V61/><F76/><W114/><G114/><T38/><D38/><U124/><E124/><V108/><F125/><W42/><G42/><T41/><D41/><U84/><E18/><V9/><F133/><N who="1" m="51273" /><E39/><V122/><F122/><W126/><G80/><T105/><D40/><AGARI ba="0,0" hai="40,44,48,49,50,51,84,89,93,94,95" m="51273" machi="40" ten="30,1000,0" yaku="20,1" doraHai="115" who="1" fromWho="0" sc="333,-10,362,10,274,0,31,0" /><INIT seed="7,0,0,0,3,104" ten="323,372,274,31" oya="3" hai0="63,135,50,34,0,44,77,92,95,19,38,70,123" hai1="109,73,42,116,87,122,27,128,14,108,79,113,2" hai2="25,7,93,18,106,132,30,100,83,103,74,134,61" hai3="40,68,35,130,110,33,75,39,114,29,81,52,121"/><W115/><G121/><T1/><D123/><U28/><E122/><V53/><F106/><W99/><G130/><T16/><D38/><U88/><E2/><V31/><F7/><W98/><G68/><T101/><D34/><U72/><E128/><V37/><F37/><W11/><G11/><T129/><D129/><U51/><E79/><V127/><F127/><W48/><G110/><T22/><D135/><U24/><E116/><V80/><F18/><W12/><G12/><T85/><D19/><U60/><E113/><N who="3" m="43018" /><G40/><T133/><D133/><U89/><E60/><V15/><F15/><W82/><G39/><T46/><D46/><U124/><E14/><V5/><F5/><W107/><G107/><T56/><D70/><U102/><E124/><V10/><F10/><W26/><G33/><T112/><D112/><U62/><E109/><V78/><F132/><W125/><G125/><T4/><D4/><U47/><E108/><V3/><F3/><W57/><G81/><N who="0" m="47279" /><D101/><U90/><E102/><V91/><F83/><W43/><G43/><N who="0" m="24863" /><D0/><U41/><E41/><V69/><F69/><W32/><G32/><T111/><D1/><U59/><E27/><V9/><F9/><W117/><G117/><T131/><D131/><U84/><E24/><V66/><F134/><W120/><G120/><T126/><D126/><U96/><E42/><V105/><F105/><W67/><G67/><N who="0" m="39399" /><D111/><U55/><E55/><V20/><F66/><W118/><G118/><T54/><D54/><U97/><E96/><V36/><F36/><W65/><G65/><T64/><D64/><U6/><E6/><RYUUKYOKU ba="0,0" sc="323,15,372,-15,274,-15,31,15" hai0="16,22,92,95" hai3="26,29,35,48,52,57,75,82,98,99" /><INIT seed="7,1,0,5,0,53" ten="338,357,259,46" oya="3" hai0="124,56,110,45,78,101,98,41,54,117,4,31,105" hai1="25,100,37,22,61,94,51,119,111,72,33,84,65" hai2="46,15,32,109,16,118,106,95,68,112,89,73,107" hai3="59,129,24,18,63,104,36,128,126,17,13,57,38"/><W77/><G104/><T10/><D117/><U6/><E37/><V5/><F118/><W23/><G77/><T8/><D110/><U28/><E72/><V39/><F109/><W115/><G115/><T42/><D124/><U87/><E119/><V52/><F32/><W131/><G126/><T79/><D31/><U34/><E111/><V127/><F73/><W123/><G123/><T93/><D105/><U66/><E66/><V40/><F68/><W11/><G63/><T9/><D4/><U70/><E6/><V85/><F5/><W0/><G0/><T71/><D71/><U27/><E34/><V47/><F112/><W108/><G108/><T133/><D133/><U83/><E51/><V29/><F29/><W35/><G35/><T44/><D44/><U130/><E83/><V69/><F69/><W135/><G135/><T20/><D20/><U80/><E80/><V134/><F134/><W3/><REACH who="3" step="1"/><G3/><REACH who="3" ten="338,357,259,36" step="2"/><T121/><D121/><U1/><E1/><V21/><F127/><W7/><G7/><T96/><D78/><U49/><E61/><V75/><F75/><W81/><G81/><T99/><D79/><U82/><E82/><V50/><AGARI ba="1,1" hai="15,16,21,39,40,46,47,50,52,85,89,95,106,107" machi="50" ten="30,4000,0" yaku="0,1,54,2" doraHai="53" who="2" fromWho="2" sc="338,-11,357,-11,259,53,36,-21" owari="327,13.0,346,44.0,312,-9.0,15,-48.0" /></mjloggm>