<mjloggm ver="2.3"><GO type="169" lobby="0"/><UN n0="%E3%83%88%E3%83%88%E3%83%AA%E5%85%88%E7%94%9F%31%39%E6%AD%B3" n1="%49%53%53%4F%4E%34" n2="%68%72%6B%69%6E%67" n3="%E3%81%8F%E3%81%86%E3%81%9F%E3%82%8D" dan="19,16,16,17" rate="2273.92,2155.24,2102.49,2225.86" sx="F,M,M,F"/><TAIKYOKU oya="0"/><INIT seed="0,0,0,0,4,79" ten="250,250,250,250" oya="0" hai0="6,71,30,68,31,65,2,94,77,19,64,3,38" hai1="72,61,24,106,21,119,43,7,5,75,58,52,109" hai2="121,54,102,25,118,93,104,11,18,112,70,91,90" hai3="100,59,81,14,42,129,108,15,107,114,12,127,34"/><T76/><D6/><U66/><E119/><V63/><F121/><W84/><G114/><T124/><D38/><U97/><E109/><V29/><F118/><W32/><G108/><T82/><D94/><U27/><E43/><V111/><F111/><W105/><G127/><T88/><D19/><U86/><E24/><V37/><F37/><W126/><G126/><T87/><D124/><U8/><E5/><V83/><F112/><W103/><G42/><T116/><D116/><U60/><E86/><V9/><F104/><W28/><G129/><T0/><D77/><U56/><E97/><V85/><F102/><W67/><G28/><T101/><D101/><U16/><REACH who="1" step="1"/><E106/><REACH who="1" ten="250,240,250,250" step="2"/><V123/><F123/><W4/><G84/><T132/><D132/><U55/><E55/><V40/><F40/><W95/><G4/><T122/><D122/><U113/><E113/><V133/><F54/><W73/><G105/><T36/><D36/><U13/><AGARI ba="0,1" hai="7,8,13,16,21,27,52,56,58,60,61,66,72,75" machi="13" ten="20,8000,1" yaku="1,1,0,1,7,1,54,2,53,0" doraHai="79" doraHaiUra="128" who="1" fromWho="1" sc="250,-40,240,90,250,-20,250,-20" /><INIT seed="1,0,0,5,1,4" ten="210,330,230,230" oya="1" hai0="100,84,39,102,123,52,130,40,109,105,12,66,133" hai1="10,73,44,56,118,28,83,94,33,85,26,74,42" hai2="20,50,61,62,108,129,95,47,114,16,32,57,72" hai3="55,23,46,6,70,111,22,65,134,79,30,91,1"/><U38/><E118/><V97/><F108/><W92/><G111/><T128/><D109/><U54/><E94/><V3/><F129/><W98/><G134/><T27/><D133/><U127/><E127/><V36/><F36/><W31/><G79/><T107/><D123/><U45/><E45/><V41/><F72/><W7/><G65/><T59/><D66/><U13/><E56/><V115/><F32/><W116/><G70/><T121/><D121/><U119/><E54/><V53/><F3/><W37/><G116/><T125/><D125/><U64/><E119/><V25/><REACH who="2" step="1"/><F62/><REACH who="2" ten="210,330,220,230" step="2"/><W132/><G132/><T93/><D39/><U131/><E131/><V86/><F86/><W11/><G37/><T71/><D84/><U77/><REACH who="1" step="1"/><E64/><REACH who="1" ten="210,320,220,230" step="2"/><V9/><F9/><W21/><G11/><T88/><D130/><U76/><E76/><V48/><F48/><W2/><G2/><T90/><D128/><U75/><E75/><V104/><F104/><W0/><G0/><T81/><D107/><U5/><AGARI ba="0,2" hai="5,10,13,26,28,33,38,42,44,73,74,77,83,85" machi="5" ten="20,7800,0" yaku="1,1,0,1,7,1,52,1,53,0" doraHai="4" doraHaiUra="18" who="1" fromWho="1" sc="210,-26,320,98,220,-26,230,-26" /><INIT seed="1,1,0,4,0,21" ten="184,418,194,204" oya="1" hai0="46,5,116,105,66,18,74,37,121,25,30,23,78" hai1="111,42,56,57,85,24,113,19,96,68,11,44,129" hai2="62,88,76,115,35,10,126,112,1,12,48,131,8" hai3="135,4,77,27,36,9,89,97,109,72,43,0,33"/><U123/><E113/><V7/><F126/><W39/><G109/><T70/><D116/><U94/><E123/><V122/><F122/><W117/><G135/><T64/><D121/><U100/><E68/><V45/><F131/><W63/><G117/><T101/><D70/><U84/><E129/><V120/><F120/><W14/><G63/><T104/><D5/><U75/><E75/><V95/><F76/><W103/><G89/><T83/><D37/><U92/><E111/><V73/><F73/><W80/><G14/><T128/><D128/><U2/><E2/><V119/><F35/><W87/><G87/><N who="1" m="33354" /><E92/><V65/><F119/><W108/><G108/><T130/><D130/><U53/><E42/><V16/><F62/><W79/><G79/><T41/><D30/><U81/><E81/><V82/><F65/><W93/><REACH who="3" step="1"/><G43/><REACH who="3" ten="184,418,194,194" step="2"/><T40/><D40/><U20/><E11/><V67/><F82/><W6/><G6/><T28/><D41/><U29/><E29/><AGARI ba="1,1" hai="0,4,9,27,29,33,36,39,72,77,80,93,97,103" machi="29" ten="40,2600,0" yaku="1,1,52,1,53,0" doraHai="21" doraHaiUra="124" who="3" fromWho="1" sc="184,0,418,-29,194,0,194,39" /><INIT seed="2,0,0,3,5,0" ten="184,389,194,233" oya="2" hai0="42,54,132,106,13,41,117,56,58,87,123,61,39" hai1="93,5,116,19,118,124,6,79,99,91,48,35,102" hai2="25,69,12,97,14,73,28,22,21,119,51,26,64" hai3="8,134,95,101,120,16,37,2,82,78,88,84,46"/><V36/><F36/><W80/><G120/><T18/><D123/><U135/><E35/><V74/><F119/><W100/><G134/><T107/><D117/><U24/><E135/><V75/><F64/><W131/><G131/><T83/><D132/><U9/><E79/><V68/><F51/><W72/><G80/><T38/><D38/><U43/><E118/><V1/><F1/><W128/><G128/><T126/><D126/><U49/><E124/><V81/><F81/><W52/><G52/><T30/><D30/><U85/><E116/><V44/><F44/><W66/><G66/><T3/><D3/><U10/><E24/><V20/><F97/><W121/><G121/><T122/><D122/><U34/><E34/><V133/><F28/><W112/><G112/><T29/><D29/><U45/><E49/><V53/><F53/><W15/><REACH who="3" step="1"/><G2/><REACH who="3" ten="184,389,194,223" step="2"/><T98/><D54/><U96/><E96/><V125/><F125/><W76/><G76/><T50/><D98/><U92/><E19/><V105/><F133/><W108/><G108/><T27/><D18/><U17/><E17/><V104/><F26/><W111/><G111/><T113/><D27/><U11/><AGARI ba="0,1" hai="5,6,9,10,11,43,45,48,85,91,92,93,99,102" machi="11" ten="30,7900,0" yaku="0,1,8,1,52,2" doraHai="0" who="1" fromWho="1" sc="184,-20,389,89,194,-39,223,-20" /><INIT seed="3,0,0,1,2,92" ten="164,478,155,203" oya="3" hai0="41,77,69,130,24,36,40,79,112,49,125,57,74" hai1="59,100,97,62,106,91,13,19,88,122,14,20,61" hai2="90,105,12,131,35,63,134,58,6,128,22,33,127" hai3="0,23,71,109,119,16,3,9,114,72,84,93,103"/><W123/><G114/><T15/><D69/><U53/><E122/><V66/><F127/><W86/><G123/><T10/><D36/><U44/><E44/><V76/><F134/><W25/><G71/><T120/><D120/><U8/><REACH who="1" step="1"/><E62/><REACH who="1" ten="164,468,155,203" step="2"/><V45/><F45/><W111/><G119/><T107/><D125/><U135/><E135/><V34/><F131/><W126/><G126/><T82/><D130/><U110/><E110/><N who="3" m="41994" /><G72/><T108/><D108/><U80/><E80/><V99/><F128/><W7/><G3/><T94/><D82/><U2/><E2/><V5/><F76/><W102/><G102/><T85/><D77/><U55/><E55/><V18/><F90/><W47/><G47/><T75/><D79/><U42/><E42/><V98/><REACH who="2" step="1"/><F105/><REACH who="2" ten="164,468,145,203" step="2"/><W101/><G101/><T52/><D107/><U124/><E124/><V78/><F78/><W64/><G64/><T54/><D75/><U116/><E116/><V95/><F95/><W50/><G50/><T68/><D74/><U30/><E30/><V113/><F113/><W1/><G1/><T104/><D112/><U51/><E51/><V32/><N who="2" m="8192" /><DORA hai="4" /><V117/><F117/><W46/><G46/><T133/><D104/><U129/><E129/><V43/><F43/><W132/><G132/><T27/><D133/><U96/><E96/><AGARI ba="0,2" hai="5,6,12,18,22,58,63,66,96,98,99" m="8192" machi="96" ten="70,16000,3" yaku="1,1,52,3,53,4" doraHai="92,4" doraHaiUra="48,31" who="2" fromWho="1" sc="164,0,468,-160,145,180,203,0" /><AGARI ba="0,0" hai="0,7,9,16,23,25,84,86,93,96,103" m="41994" machi="96" ten="30,12000,1" yaku="14,1,10,1,52,2,54,1" doraHai="92,4" who="3" fromWho="1" sc="164,0,308,-120,325,0,203,120" /><INIT seed="3,1,0,1,0,26" ten="164,188,325,323" oya="3" hai0="125,20,104,92,16,4,123,22,103,30,112,15,91" hai1="87,124,83,23,24,13,31,73,84,58,100,29,9" hai2="76,82,17,135,25,49,128,126,117,122,59,36,66" hai3="32,96,127,65,129,114,102,6,51,39,57,97,53"/><W89/><G114/><T46/><D123/><U81/><E124/><V27/><F126/><W132/><G127/><T78/><D125/><U88/><E73/><V40/><F122/><W64/><G39/><T33/><D33/><U90/><E100/><V42/><F117/><W1/><G32/><T93/><D112/><U85/><E58/><V37/><F135/><W118/><G118/><T98/><D78/><U69/><E69/><V133/><F133/><W99/><G132/><T54/><D4/><U3/><E3/><V50/><F128/><W120/><G120/><T86/><D104/><U110/><E110/><V74/><F17/><W134/><G134/><T8/><REACH who="0" step="1"/><D30/><REACH who="0" ten="154,188,325,323" step="2"/><N who="1" m="17695" /><E84/><V11/><F76/><W94/><G129/><T18/><D18/><AGARI ba="1,1" hai="9,13,18,29,31,81,83,85,87,88,90" m="17695" machi="18" ten="30,8000,1" yaku="8,1,52,3,54,1" doraHai="26" who="1" fromWho="0" sc="154,-83,188,93,325,0,323,0" /><INIT seed="4,0,0,3,2,114" ten="71,281,325,323" oya="0" hai0="108,35,120,18,113,94,56,49,87,126,42,38,50" hai1="24,85,7,30,105,65,109,127,9,123,2,10,115" hai2="78,12,74,102,106,81,117,44,57,70,135,79,19" hai3="60,91,21,36,22,32,132,96,39,89,110,116,51"/><T45/><D120/><U11/><E105/><V73/><F135/><W122/><G110/><T80/><D35/><U98/><E98/><V46/><F70/><W83/><G32/><T124/><D113/><U90/><E115/><V55/><F102/><W53/><G116/><T63/><D108/><U84/><E123/><V107/><F117/><W92/><G60/><T20/><D94/><U6/><E109/><V66/><F66/><W58/><G122/><T97/><D97/><U121/><E65/><V104/><F79/><W88/><G132/><T25/><D63/><U0/><E121/><V93/><F93/><W43/><G43/><T75/><D75/><U47/><E11/><V82/><F82/><W23/><REACH who="3" step="1"/><G83/><REACH who="3" ten="71,281,325,313" step="2"/><T4/><D4/><U5/><E5/><V52/><F74/><W54/><G54/><T134/><D134/><U128/><E7/><V71/><F55/><W133/><G133/><T41/><D56/><U34/><E34/><V29/><F71/><W131/><G131/><T119/><D119/><U72/><E128/><V67/><F67/><W61/><G61/><T118/><D118/><U68/><E68/><V14/><F57/><W28/><G28/><T3/><D3/><U62/><E6/><V130/><F29/><W8/><G8/><T37/><D49/><U103/><E0/><V1/><F1/><W15/><G15/><N who="2" m="5673" /><F19/><W33/><G33/><T125/><REACH who="0" step="1"/><D42/><REACH who="0" ten="61,281,325,313" step="2"/><U101/><E2/><V69/><F69/><W26/><G26/><T27/><D27/><U59/><E24/><V86/><F73/><W100/><AGARI ba="0,2" hai="21,22,23,36,39,51,53,58,88,89,91,92,96,100" machi="100" ten="30,12000,2" yaku="1,1,0,1,54,1,53,3" doraHai="114" doraHaiUra="16" who="3" fromWho="3" sc="61,-60,281,-30,325,-30,313,140" /><INIT seed="5,0,0,0,0,89" ten="1,251,295,453" oya="1" hai0="97,0,134,37,39,9,2,32,86,16,96,64,91" hai1="19,10,1,71,23,110,38,99,51,111,15,118,127" hai2="135,109,20,128,80,42,24,132,106,30,88,73,121" hai3="77,35,126,58,87,72,90,46,18,81,129,26,122"/><U12/><E71/><V28/><F109/><N who="1" m="41481" /><E38/><V4/><F121/><W13/><G122/><T78/><D32/><U133/><E51/><V14/><F106/><W69/><G69/><T8/><D78/><U68/><E99/><N who="0" m="37961" /><D37/><U36/><E36/><V53/><F42/><W83/><G58/><T52/><D39/><U63/><E63/><V82/><F30/><W100/><G46/><T75/><D75/><U98/><E98/><V85/><F128/><W5/><G100/><T120/><D120/><U49/><E49/><V107/><F107/><W43/><G43/><T84/><D64/><U130/><E68/><V54/><F80/><W116/><G83/><N who="0" m="49567" /><D2/><U66/><E66/><V125/><F73/><W21/><G72/><T103/><D0/><U11/><E130/><V48/><F54/><W7/><G81/><T25/><D103/><U123/><E123/><V95/><F82/><W74/><G77/><T22/><D86/><U61/><E61/><V60/><F60/><W59/><G87/><T6/><D134/><N who="2" m="51242" /><F53/><W124/><G74/><T67/><D67/><U108/><E133/><V27/><F48/><W31/><G129/><T105/><D105/><U45/><E108/><V76/><F76/><W3/><G90/><T34/><D34/><U104/><E104/><V115/><F88/><W47/><G35/><T33/><D33/><U41/><E118/><V29/><F85/><W79/><G116/><T57/><D6/><N who="1" m="3191" /><E1/><V62/><F62/><AGARI ba="0,0" hai="8,9,16,22,25,52,57,62" m="49567,37961" machi="62" ten="30,3900,0" yaku="8,1,54,2" doraHai="89" who="0" fromWho="2" sc="1,39,251,0,295,-39,453,0" /><INIT seed="6,0,0,0,4,23" ten="40,251,256,453" oya="2" hai0="18,94,16,134,101,93,60,42,121,63,29,40,9" hai1="119,128,66,90,77,115,33,28,108,5,91,4,73" hai2="1,70,120,57,129,111,122,135,32,3,114,17,6" hai3="61,102,8,67,131,98,58,106,19,14,117,99,124"/><V44/><F70/><W0/><G117/><T46/><D134/><U50/><E108/><V105/><F135/><W125/><G0/><T27/><D121/><U133/><E119/><V51/><F105/><W95/><REACH who="3" step="1"/><G131/><REACH who="3" ten="40,251,256,443" step="2"/><T47/><D29/><U75/><E28/><V97/><F129/><W7/><G7/><T64/><D101/><AGARI ba="0,1" hai="8,14,19,58,61,67,95,98,99,101,102,106,124,125" machi="101" ten="40,1300,0" yaku="1,1,53,0" doraHai="23" doraHaiUra="78" who="3" fromWho="0" sc="40,-13,251,0,256,0,443,23" /><INIT seed="7,0,0,3,0,47" ten="27,251,256,466" oya="3" hai0="77,107,130,82,127,17,23,134,128,15,44,49,25" hai1="7,14,53,112,62,38,125,114,31,39,60,129,36" hai2="21,81,12,80,63,95,35,45,24,78,58,51,27" hai3="99,72,74,90,42,98,135,126,59,5,55,115,121"/><W79/><G5/><T101/><D107/><U118/><E125/><V33/><F35/><W64/><G64/><T6/><D101/><U106/><E129/><V71/><F71/><W4/><G4/><T83/><D127/><U85/><E118/><V123/><F123/><W2/><G42/><T50/><D134/><U132/><E132/><V76/><F33/><W92/><G59/><T73/><D73/><U117/><E117/><V61/><F95/><W87/><G55/><T22/><D128/><U0/><E106/><V105/><F105/><W66/><G66/><T108/><D108/><U30/><E0/><V8/><F80/><W91/><G2/><T68/><D68/><U110/><E110/><V40/><F81/><W119/><G115/><N who="1" m="44074" /><E85/><V41/><F41/><W52/><G87/><T29/><D130/><U122/><E122/><V3/><F3/><W86/><G86/><T93/><D82/><U67/><E53/><N who="2" m="33999" /><F63/><N who="1" m="24105" /><E67/><V28/><F27/><W69/><G74/><T9/><D44/><U16/><E7/><AGARI ba="0,0" hai="7,8,12,21,24,28,40,45,51,76,78" m="33999" machi="7" ten="30,2000,0" yaku="8,1,52,1" doraHai="47" who="2" fromWho="1" sc="27,0,251,-20,256,20,466,0" owari="27,-47.0,231,-17.0,276,8.0,466,56.0" /></mjloggm>