<mjloggm ver="2.3"><GO type="169" lobby="0"/><UN n0="%E4%BF%A1%E6%BF%83%E3%81%AE%E8%8D%92%E6%B3%95%E5%B8%AB" n1="%E6%B2%B3%E5%B6%8B%4B%4B" n2="%E3%82%84%E3%82%81%E3%81%A6%E3%81%91%E3%82%8C%EF%BC%94" n3="%E3%82%A6%E3%83%AB%E3%83%88%E3%83%A9%E7%AB%8B%E7%9B%B4" dan="17,17,16,18" rate="2162.11,2202.62,2113.86,2223.36" sx="M,M,F,M"/><TAIKYOKU oya="0"/><INIT seed="0,0,0,3,5,16" ten="250,250,250,250" oya="0" hai0="17,55,19,22,8,63,84,112,46,126,67,85,2" hai1="91,81,60,77,44,113,76,0,30,110,65,38,98" hai2="123,61,29,32,95,21,45,120,5,51,57,71,103" hai3="75,25,37,118,135,92,54,130,59,122,115,10,86"/><T62/><D112/><U28/><E113/><V100/><F71/><W119/><G75/><T23/><D126/><U133/><E0/><V104/><F104/><W108/><G115/><T35/><D35/><U82/><E110/><V68/><F68/><W79/><G37/><T15/><D2/><U18/><E133/><V106/><F106/><W134/><G108/><T36/><D36/><U128/><E128/><V99/><F32/><W127/><G127/><T73/><D73/><U124/><E124/><V20/><F103/><W47/><G47/><T4/><D19/><U94/><E38/><V96/><F5/><W107/><G107/><T93/><D23/><N who="2" m="8778" /><F120/><W80/><G122/><T64/><D64/><U101/><E44/><V12/><F123/><W43/><G130/><T129/><D129/><U114/><E18/><V117/><F117/><W49/><G119/><T116/><D116/><U52/><E65/><N who="2" m="39087" /><F12/><W3/><G118/><T125/><D125/><U111/><E111/><V89/><F29/><W69/><G69/><T26/><D63/><U39/><E39/><V56/><F100/><W132/><G132/><T109/><D109/><U1/><E1/><V27/><F56/><W87/><G135/><T131/><D131/><U13/><E13/><V48/><F27/><W7/><G25/><T11/><D11/><U34/><E34/><V83/><F83/><N who="1" m="31753" /><E101/><V6/><F6/><W58/><G134/><T72/><D72/><U53/><E114/><V78/><F78/><N who="1" m="30313" /><E30/><V90/><F90/><N who="3" m="53343" /><G59/><N who="0" m="37343" /><D93/><U121/><E121/><V88/><F45/><N who="3" m="25791" /><G58/><T50/><AGARI ba="0,0" hai="4,8,15,17,22,26,46,50,55,84,85" m="37343" machi="50" ten="30,3000,0" yaku="8,1,52,1" doraHai="16" who="0" fromWho="0" sc="250,30,250,-10,250,-10,250,-10" /><INIT seed="0,1,0,1,4,106" ten="280,240,240,240" oya="0" hai0="10,28,52,109,57,135,134,7,24,19,113,51,38" hai1="85,84,116,29,123,115,53,71,9,17,25,66,18" hai2="67,45,97,41,36,26,132,114,35,23,80,63,110" hai3="133,117,12,21,102,70,96,78,16,42,129,83,34"/><T20/><D38/><U104/><E123/><V48/><F114/><W82/><G117/><T59/><D113/><U60/><E116/><V46/><F110/><W125/><G70/><T11/><D109/><U131/><E115/><V37/><F132/><W73/><G129/><T107/><D107/><U54/><E104/><V92/><F35/><W68/><G68/><T81/><D57/><U86/><E131/><V127/><F80/><W33/><G125/><T122/><D122/><U0/><E0/><V40/><F127/><W100/><G133/><N who="0" m="50699" /><D81/><U76/><E76/><V13/><F13/><W79/><G42/><T58/><D58/><U65/><E65/><V105/><F105/><W130/><G130/><T62/><D51/><U39/><E39/><V44/><F44/><W111/><G111/><T69/><D69/><U64/><E64/><V1/><F1/><W87/><REACH who="3" step="1"/><G96/><REACH who="3" ten="280,240,240,230" step="2"/><T30/><D11/><U77/><E9/><V32/><F97/><W128/><G128/><T112/><D112/><U72/><E71/><V43/><F43/><W108/><G108/><T3/><AGARI ba="1,1" hai="3,7,10,19,20,24,28,30,52,59,62" m="50699" machi="3" ten="30,3000,0" yaku="20,1,54,1" doraHai="106" who="0" fromWho="0" sc="280,43,240,-11,240,-11,230,-11" /><INIT seed="0,2,0,5,1,103" ten="323,229,229,219" oya="0" hai0="101,28,121,89,99,108,44,132,105,116,13,115,100" hai1="53,97,93,106,135,77,123,43,62,124,54,107,12" hai2="102,29,47,66,56,94,40,127,71,38,129,80,134" hai3="57,81,131,125,31,48,32,104,126,11,90,85,78"/><T82/><D115/><U75/><E123/><V14/><F127/><N who="3" m="48651" /><G131/><T25/><D116/><U34/><E124/><V112/><F112/><W21/><G32/><T30/><D121/><U84/><E34/><V74/><F129/><W61/><G11/><T67/><D132/><U122/><E122/><V63/><F134/><W19/><G31/><T60/><D108/><U88/><E135/><V98/><F14/><N who="3" m="9463" /><G48/><T24/><D13/><U55/><E75/><V58/><F29/><W92/><G104/><T37/><D24/><U130/><E130/><V45/><F74/><W26/><G26/><T18/><D18/><U79/><E43/><V83/><F56/><W128/><G128/><T70/><D25/><U8/><E62/><V46/><F46/><W117/><G117/><T0/><D0/><U87/><E79/><V10/><F10/><W39/><G39/><T52/><D37/><U69/><E69/><V96/><F96/><W16/><G16/><T36/><D36/><U42/><E42/><V133/><F133/><W15/><G15/><T5/><D5/><U113/><E113/><V3/><F3/><W6/><G6/><T23/><D23/><U109/><E109/><V72/><F72/><W59/><G61/><T9/><D9/><U120/><E120/><V7/><F7/><W35/><G35/><T51/><D28/><U110/><E110/><V27/><F27/><W64/><G64/><T73/><D30/><U119/><E119/><V91/><F102/><W114/><G114/><T1/><D1/><U4/><E97/><AGARI ba="2,0" hai="57,59,78,81,85,90,92,97" m="9463,48651" machi="97" ten="30,1000,0" yaku="18,1" doraHai="103" who="3" fromWho="1" sc="323,0,229,-16,229,0,219,16" /><INIT seed="1,0,0,2,4,21" ten="323,213,229,235" oya="1" hai0="123,120,11,99,129,2,17,76,77,125,49,127,52" hai1="115,114,107,132,63,18,60,37,41,27,70,1,122" hai2="91,5,109,118,130,81,16,61,65,9,89,8,50" hai3="124,30,19,86,64,4,82,93,106,47,94,42,71"/><U3/><E107/><V59/><F118/><W15/><G106/><T72/><D99/><U75/><E18/><V43/><F109/><W97/><G124/><N who="0" m="47691" /><D129/><U134/><E75/><V62/><F130/><W36/><G4/><N who="0" m="1431" /><D17/><U113/><E122/><N who="0" m="46633" /><D72/><U108/><E108/><V31/><F31/><W105/><G30/><T98/><D98/><U104/><E104/><V121/><F121/><W14/><G97/><T57/><AGARI ba="0,0" hai="49,52,57,76,77" m="46633,1431,47691" machi="57" ten="30,4000,0" yaku="18,1,13,1,54,1" doraHai="21" who="0" fromWho="0" sc="323,40,213,-20,229,-10,235,-10" /><INIT seed="2,0,0,2,1,29" ten="363,193,219,225" oya="2" hai0="0,69,110,8,115,28,68,61,79,27,113,54,100" hai1="131,74,22,82,18,104,86,42,106,90,46,4,125" hai2="134,93,87,130,23,60,109,112,56,76,52,80,88" hai3="53,3,70,85,119,107,66,58,98,40,63,114,10"/><V126/><F112/><W50/><G119/><T78/><D110/><U11/><E131/><V123/><F123/><W48/><G114/><T101/><D54/><U91/><E125/><V1/><F1/><W89/><G107/><T15/><D0/><U105/><E74/><V124/><F130/><W39/><G98/><T94/><D94/><U17/><E91/><V38/><F38/><W43/><G10/><T12/><D28/><U33/><E33/><V92/><F109/><W118/><G85/><T44/><D8/><U35/><E35/><V73/><F134/><W37/><G89/><T45/><REACH who="0" step="1"/><D27/><REACH who="0" ten="353,193,219,225" step="2"/><U97/><E106/><V122/><F122/><W81/><G3/><T71/><D71/><U55/><E55/><V67/><F23/><W49/><G118/><T127/><D127/><N who="2" m="48682" /><F93/><W24/><G24/><T32/><D32/><U64/><E104/><V111/><F111/><W57/><G81/><T75/><D75/><U14/><E22/><V21/><F21/><W51/><G70/><T102/><D102/><U2/><E2/><V13/><F13/><W84/><G84/><T116/><D116/><U65/><E105/><V129/><F129/><W36/><AGARI ba="0,1" hai="36,37,39,40,43,48,49,50,51,53,57,58,63,66" machi="36" ten="40,12000,2" yaku="0,1,35,6" doraHai="29" who="3" fromWho="3" sc="353,-30,193,-30,219,-60,225,130" /><INIT seed="3,0,0,3,2,128" ten="323,163,159,355" oya="3" hai0="4,14,103,28,118,112,111,104,132,100,50,129,126" hai1="13,56,53,76,36,120,64,79,134,72,52,62,51" hai2="116,48,58,41,84,114,22,66,115,25,124,87,78" hai3="117,94,74,8,65,46,88,6,63,32,82,16,44"/><W83/><G32/><T11/><D118/><U70/><E120/><V20/><F116/><W60/><G117/><T26/><D129/><U123/><E123/><V59/><F124/><W0/><G63/><T17/><D126/><U92/><E134/><V34/><F34/><W12/><G46/><T89/><D111/><U102/><E72/><V9/><F9/><W133/><G44/><T127/><D127/><U98/><E36/><V43/><F48/><W23/><G133/><T19/><D112/><U29/><E29/><V108/><F25/><W69/><REACH who="3" step="1"/><G74/><REACH who="3" ten="323,163,159,345" step="2"/><T71/><D132/><U90/><E53/><V110/><F66/><W47/><G47/><T33/><D33/><U125/><E125/><V68/><F68/><W40/><G40/><T30/><D71/><U5/><E70/><V2/><F78/><W86/><AGARI ba="0,1" hai="0,6,8,12,16,23,60,65,69,82,83,86,88,94" machi="86" ten="20,12000,1" yaku="1,1,0,1,7,1,54,2,53,0" doraHai="128" doraHaiUra="24" who="3" fromWho="3" sc="323,-40,163,-40,159,-40,345,130" /><INIT seed="3,1,0,1,1,88" ten="283,123,119,475" oya="3" hai0="56,120,132,131,3,54,27,119,135,78,99,65,80" hai1="26,16,123,94,124,0,2,8,29,73,98,44,114" hai2="11,92,35,91,32,130,81,90,23,83,128,42,75" hai3="17,103,85,100,19,57,51,58,55,86,61,96,7"/><W13/><G7/><T101/><D3/><U134/><E114/><V104/><F104/><W50/><G17/><T70/><D120/><U15/><E123/><V127/><F127/><W41/><G41/><T93/><D119/><U71/><E124/><V28/><F42/><W107/><G100/><T84/><D131/><N who="2" m="50218" /><F11/><W14/><G14/><T47/><D47/><U67/><E73/><V64/><F64/><W109/><G109/><T112/><D112/><U126/><E134/><V115/><F115/><W118/><G118/><T39/><D39/><U125/><E125/><V76/><F83/><W48/><REACH who="3" step="1"/><G58/><REACH who="3" ten="283,123,119,465" step="2"/><T95/><D27/><U1/><E126/><V36/><F36/><W79/><G79/><T63/><REACH who="0" step="1"/><D95/><REACH who="0" ten="273,123,119,465" step="2"/><U110/><E0/><V37/><F37/><W24/><G24/><T102/><D102/><U105/><E2/><V108/><F108/><W20/><AGARI ba="1,2" hai="13,19,20,48,50,51,55,57,61,85,86,96,103,107" machi="20" ten="30,3000,0" yaku="1,1,0,1,53,0" doraHai="88" doraHaiUra="34" who="3" fromWho="3" sc="273,-11,123,-11,119,-11,465,53" /><INIT seed="3,2,0,1,0,100" ten="262,112,108,518" oya="3" hai0="5,51,72,46,14,107,134,119,55,67,56,28,48" hai1="20,41,10,114,50,12,83,35,75,116,69,111,31" hai2="103,53,133,66,8,19,32,71,57,82,18,109,101" hai3="104,113,45,106,52,0,105,86,68,87,43,6,112"/><W3/><G68/><T58/><D119/><U120/><E114/><V125/><F32/><W77/><G52/><T40/><D72/><U34/><E75/><V7/><F109/><W90/><G77/><T96/><D134/><U93/><E83/><V74/><F125/><W60/><G60/><N who="0" m="38295" /><D107/><U61/><E93/><V135/><F66/><W15/><G15/><T4/><D28/><U62/><E20/><V94/><F71/><W17/><G17/><T127/><D127/><U115/><E31/><V24/><F74/><W49/><G87/><T39/><D39/><U121/><E111/><V84/><F133/><W64/><G64/><T130/><D130/><U98/><E115/><V80/><F135/><W47/><G47/><N who="0" m="26087" /><D96/><U29/><E98/><V126/><F126/><W117/><G117/><T63/><D14/><U79/><E116/><V97/><F103/><W76/><G76/><T21/><D21/><U59/><E79/><N who="2" m="46175" /><F80/><W23/><G23/><T11/><D11/><U2/><E69/><V70/><F70/><W54/><G43/><AGARI ba="2,0" hai="4,5,43,46,48,55,56,63" m="26087,38295" machi="43" ten="30,1000,0" yaku="8,1" doraHai="100" who="0" fromWho="3" sc="262,16,112,0,108,0,518,-16" /><INIT seed="4,0,0,2,0,120" ten="278,112,108,502" oya="0" hai0="25,118,39,26,132,109,133,53,71,8,42,54,87" hai1="4,113,67,17,10,126,55,88,82,105,19,49,63" hai2="115,1,45,80,70,135,98,122,64,101,0,38,12" hai3="73,65,28,106,60,89,29,22,5,114,99,102,62"/><T72/><D72/><U15/><E105/><V95/><F122/><W59/><G73/><T41/><D71/><U90/><E126/><V18/><F115/><W78/><G78/><T46/><D118/><U9/><E113/><V14/><F135/><W43/><G114/><T48/><D109/><U77/><E77/><V21/><F80/><W16/><G5/><T103/><D103/><U23/><E82/><V107/><F70/><W36/><G36/><T123/><D123/><U34/><E34/><V83/><F64/><W128/><G43/><N who="0" m="16395" /><D39/><U69/><E19/><V66/><F38/><W51/><G128/><T75/><D75/><U94/><E94/><V121/><F121/><W79/><G79/><T130/><D130/><U24/><REACH who="1" step="1"/><E10/><REACH who="1" ten="278,102,108,502" step="2"/><V56/><F83/><W127/><G106/><T11/><D11/><U31/><E31/><V125/><F125/><W3/><G127/><T68/><D8/><U47/><AGARI ba="0,1" hai="4,9,15,17,23,24,47,49,55,63,67,69,88,90" machi="47" ten="20,5200,0" yaku="1,1,0,1,7,1,54,1,53,0" doraHai="120" doraHaiUra="124" who="1" fromWho="1" sc="278,-26,102,62,108,-13,502,-13" /><INIT seed="5,0,0,2,1,7" ten="252,164,95,489" oya="1" hai0="85,116,66,93,77,133,49,23,88,20,118,100,10" hai1="48,51,101,114,52,79,46,89,132,12,64,113,99" hai2="120,117,34,74,76,55,127,26,131,102,69,62,97" hai3="1,2,35,128,92,81,18,72,84,56,60,57,107"/><U63/><E132/><V94/><F120/><W41/><G35/><T68/><D133/><U122/><E122/><V108/><F108/><W5/><G107/><T61/><D77/><U19/><E79/><V103/><F117/><W126/><G72/><T33/><D33/><U125/><E89/><V95/><F127/><W112/><G41/><T80/><D49/><U14/><E51/><V71/><F131/><W40/><G40/><T39/><D39/><U22/><E14/><V25/><F74/><W9/><G92/><T13/><D116/><U130/><E130/><V45/><F76/><W0/><G128/><T134/><D118/><U28/><E28/><V53/><F45/><W30/><G30/><T83/><D134/><U86/><E86/><V31/><F26/><W123/><G123/><T104/><D104/><U37/><E37/><V109/><F109/><W6/><G112/><T124/><D124/><U17/><E17/><V119/><F119/><W3/><G126/><T110/><D110/><U106/><REACH who="1" step="1"/><E125/><REACH who="1" ten="252,154,95,489" step="2"/><V115/><F115/><W4/><G18/><T111/><D111/><U91/><E91/><V73/><F73/><W44/><G84/><T24/><D24/><U90/><E90/><V96/><REACH who="2" step="1"/><F62/><REACH who="2" ten="252,154,85,489" step="2"/><W32/><G60/><T98/><D80/><U82/><E82/><V135/><F135/><W15/><G81/><T47/><D83/><U59/><AGARI ba="0,2" hai="12,19,22,46,48,52,59,63,64,99,101,106,113,114" machi="59" ten="30,6000,0" yaku="1,1,0,1,54,1,53,0" doraHai="7" doraHaiUra="121" who="1" fromWho="1" sc="252,-20,154,80,85,-20,489,-20" /><INIT seed="5,1,0,3,5,33" ten="232,234,65,469" oya="1" hai0="8,4,96,114,7,80,34,83,58,127,111,71,129" hai1="99,104,30,12,98,119,44,122,26,76,66,65,108" hai2="38,109,62,45,81,39,40,13,131,60,52,73,46" hai3="36,100,35,116,118,107,51,84,120,126,68,21,59"/><U29/><E122/><V75/><F109/><W25/><G36/><T77/><D71/><U61/><E119/><V47/><F81/><W135/><G68/><T106/><D111/><U134/><E108/><V10/><F131/><W15/><G35/><T41/><D34/><U3/><E3/><V28/><F28/><W16/><G120/><T54/><D114/><U87/><E104/><V103/><F103/><W55/><G126/><T9/><D41/><U56/><E66/><V110/><F110/><W132/><G84/><T128/><D96/><U124/><E134/><N who="3" m="51242" /><G100/><T74/><D127/><U115/><E115/><V89/><F89/><W63/><G107/><T72/><D106/><U101/><E124/><V31/><F31/><N who="3" m="17839" /><G63/><T19/><D19/><U11/><E101/><V20/><F20/><AGARI ba="1,0" hai="15,16,20,51,55,59,116,118" m="17839,51242" machi="20" ten="30,2000,0" yaku="20,1,54,1" doraHai="33" who="3" fromWho="2" sc="232,0,234,0,65,-23,469,23" /><INIT seed="6,0,0,1,5,5" ten="232,234,42,492" oya="2" hai0="49,6,88,28,59,87,35,52,0,97,117,124,51" hai1="110,134,72,121,12,36,102,3,30,103,76,119,122" hai2="123,113,74,86,64,73,10,7,96,100,55,92,43" hai3="105,29,44,101,61,66,62,109,58,23,95,14,91"/><V53/><F123/><W45/><G109/><T13/><D0/><U15/><E3/><V90/><F113/><W131/><G131/><T65/><D35/><U69/><E110/><V48/><F64/><W38/><G38/><T2/><D2/><U135/><E36/><V84/><F43/><W37/><G37/><T85/><D124/><U46/><E69/><V39/><F39/><W77/><G77/><T41/><D28/><U133/><E119/><V115/><F115/><W32/><G32/><T16/><D6/><U107/><E46/><V127/><F127/><W98/><G62/><T27/><D27/><U26/><E76/><V8/><F7/><W81/><G81/><T89/><D65/><U120/><E72/><V104/><F84/><N who="0" m="32330" /><D97/><N who="1" m="61903" /><E103/><V80/><F74/><W79/><G79/><T70/><D70/><U78/><E78/><N who="2" m="44111" /><F55/><W106/><G91/><N who="0" m="34891" /><D117/><U83/><E83/><V129/><F129/><W25/><G14/><T18/><D13/><U125/><E125/><V114/><F114/><W75/><G75/><T20/><D20/><AGARI ba="0,0" hai="12,15,20,26,30,120,121,122,133,134,135" m="61903" machi="20" ten="40,2600,0" yaku="13,1,20,1" doraHai="5" who="1" fromWho="0" sc="232,-26,234,26,42,0,492,0" /><INIT seed="7,0,0,5,3,114" ten="206,260,42,492" oya="3" hai0="54,50,127,60,82,67,3,62,126,109,117,93,77" hai1="33,31,115,107,27,5,83,41,53,86,12,95,42" hai2="112,116,118,108,49,76,94,37,71,125,59,80,110" hai3="64,56,102,61,1,2,47,38,121,0,35,28,74"/><W91/><G74/><T14/><D3/><U48/><E107/><V22/><F22/><W63/><G102/><T130/><D109/><N who="2" m="42090" /><F94/><W111/><G91/><T68/><D93/><U84/><E115/><V52/><F80/><W25/><G63/><T30/><D30/><U99/><E5/><V24/><F24/><W36/><G36/><T78/><D14/><U120/><E120/><V129/><F76/><W44/><G47/><T29/><D29/><U81/><E12/><V122/><F112/><W96/><G96/><T69/><D130/><U113/><E113/><V15/><F15/><W124/><G25/><T123/><D123/><U89/><E83/><V46/><F122/><W97/><G35/><T13/><D13/><U65/><E65/><V40/><F129/><W72/><G28/><T88/><D62/><U73/><E73/><V134/><F134/><W131/><G72/><T70/><D78/><U87/><E81/><V39/><F125/><W79/><G124/><N who="0" m="47659" /><D77/><U18/><E18/><V132/><F132/><W7/><G79/><T101/><D101/><U90/><E90/><V135/><F135/><W43/><G131/><T133/><D133/><U11/><E11/><V10/><F10/><W6/><G121/><T9/><D9/><U34/><E34/><V128/><F128/><W21/><G111/><T16/><D82/><U57/><AGARI ba="0,0" hai="27,31,33,41,42,48,53,57,84,86,87,89,95,99" machi="57" ten="30,1100,0" yaku="0,1" doraHai="114" who="1" fromWho="1" sc="206,-3,260,11,42,-3,492,-5" owari="203,-20.0,271,7.0,39,-46.0,487,59.0" /></mjloggm>