<mjloggm ver="2.3"><GO type="169" lobby="0"/><UN n0="%E2%98%86%E3%82%BF%E3%82%AD%E3%82%AA%E3%83%B3%E2%98%85" n1="%E3%82%A6%E3%83%AB%E3%83%88%E3%83%A9%E7%AB%8B%E7%9B%B4" n2="%7A%65%52%6F" n3="%6B%6F%6D%61%70%69%61" dan="16,19,19,16" rate="2180.12,2288.62,2288.18,2075.50" sx="M,M,M,M"/><TAIKYOKU oya="0"/><INIT seed="0,0,0,0,0,98" ten="250,250,250,250" oya="0" hai0="43,87,92,8,121,21,37,18,96,27,110,3,127" hai1="125,81,69,34,135,109,38,40,59,35,55,45,39" hai2="23,41,94,117,97,1,31,106,0,22,116,122,54" hai3="126,62,114,58,64,134,44,77,4,47,112,85,104"/><T129/><D121/><U67/><E39/><V12/><F122/><W74/><G74/><T29/><D129/><U103/><E109/><V90/><F106/><W73/><G73/><T78/><D127/><U66/><E135/><V52/><F41/><W120/><G134/><T53/><D110/><U111/><E111/><V108/><F108/><W89/><G126/><T76/><D87/><U80/><E67/><V28/><F1/><W15/><G120/><T71/><D71/><U10/><E10/><V2/><F2/><W107/><G77/><T30/><D37/><U26/><E103/><V57/><F0/><W113/><G4/><T63/><D43/><U82/><E26/><V36/><F36/><W11/><G11/><T93/><D3/><U124/><E124/><V48/><F54/><W20/><G15/><N who="0" m="7527" /><D30/><N who="2" m="11306" /><F12/><W91/><G20/><T61/><D93/><U123/><E123/><V6/><F6/><W65/><G107/><T25/><D27/><U128/><E128/><V133/><F133/><W101/><G104/><T75/><D75/><U60/><REACH who="1" step="1"/><E125/><REACH who="1" ten="250,240,250,250" step="2"/><V14/><F14/><W7/><G113/><T100/><D53/><U88/><E88/><V83/><F90/><W84/><G91/><T95/><D95/><U5/><E5/><V105/><F94/><W9/><G89/><T72/><D72/><U79/><E79/><AGARI ba="0,1" hai="21,25,29,61,63,76,78,79,92,96,100" m="7527" machi="79" ten="30,2900,0" yaku="8,1,52,1" doraHai="98" who="0" fromWho="1" sc="250,39,240,-29,250,0,250,0" /><INIT seed="0,1,0,2,3,107" ten="289,211,250,250" oya="0" hai0="24,124,13,77,78,8,106,50,88,22,55,71,94" hai1="86,114,38,127,72,126,39,123,26,82,12,98,69" hai2="133,60,59,85,101,25,7,108,58,52,61,92,84" hai3="32,57,112,62,111,9,81,117,130,23,132,29,14"/><T11/><D106/><U3/><E3/><V21/><F108/><W44/><G112/><T105/><D105/><U48/><E69/><V90/><F133/><W33/><G117/><T80/><D71/><U54/><E123/><V66/><F7/><W128/><G111/><T125/><D11/><U49/><E98/><V53/><F101/><W1/><G44/><N who="0" m="28103" /><D80/><U99/><E99/><V45/><F45/><W5/><G81/><T70/><D70/><U36/><E114/><V135/><F135/><W30/><G57/><T76/><D125/><N who="1" m="47627" /><E26/><V0/><F0/><W129/><G62/><T102/><D124/><U43/><E43/><V113/><F113/><W87/><G87/><N who="0" m="52511" /><D102/><U67/><E39/><V121/><F121/><W28/><G132/><T73/><D73/><U116/><E116/><V35/><F35/><N who="3" m="13387" /><G1/><T27/><D22/><AGARI ba="1,0" hai="5,9,14,22,23,28,29,30,128,129,130" m="13387" machi="22" ten="40,5200,0" yaku="19,1,34,2" doraHai="107" who="3" fromWho="0" sc="289,-55,211,0,250,0,250,55" /><INIT seed="1,0,0,4,4,29" ten="234,211,250,305" oya="1" hai0="9,98,39,70,21,131,81,73,103,86,14,89,107" hai1="91,2,24,84,63,87,10,30,60,11,105,106,125" hai2="134,8,16,37,101,90,50,61,119,120,43,40,115" hai3="26,65,46,41,25,110,47,15,82,45,67,62,71"/><U96/><E125/><V85/><F119/><W28/><G110/><T113/><D113/><U78/><E78/><V36/><F120/><W111/><G111/><T116/><D116/><U83/><E87/><V128/><F101/><W122/><G122/><T7/><D131/><U104/><E96/><V75/><F75/><W92/><G65/><T52/><D39/><U38/><E38/><V32/><F37/><W20/><G82/><T6/><D70/><U133/><E133/><V33/><F36/><W135/><G135/><T112/><D112/><U31/><E31/><V95/><F134/><W0/><G0/><T121/><D121/><U17/><E17/><V99/><F115/><W129/><G129/><T123/><D123/><U51/><E51/><V19/><F61/><W3/><G3/><T94/><D21/><U55/><E55/><V109/><F109/><W69/><G69/><T74/><D7/><U126/><E126/><V66/><F66/><W117/><G117/><T59/><REACH who="0" step="1"/><D107/><REACH who="0" ten="224,211,250,305" step="2"/><U79/><E106/><V13/><F128/><W64/><G71/><T12/><D12/><U132/><E105/><V42/><F19/><W23/><G15/><T53/><D53/><U68/><E104/><V56/><F16/><N who="3" m="12423" /><G41/><T118/><D118/><U130/><E130/><V100/><F13/><W27/><G27/><T48/><AGARI ba="0,1" hai="6,9,14,48,52,59,73,74,81,86,89,94,98,103" machi="48" ten="20,8000,1" yaku="1,1,0,1,7,1,54,1,53,1" doraHai="29" doraHaiUra="54" who="0" fromWho="0" sc="224,90,211,-40,250,-20,305,-20" /><INIT seed="2,0,0,3,5,102" ten="314,171,230,285" oya="2" hai0="37,6,43,58,94,72,110,12,41,64,106,61,50" hai1="25,40,32,23,85,123,113,91,14,56,4,109,27" hai2="42,8,93,9,86,11,20,125,53,115,60,48,80" hai3="73,2,105,79,135,107,103,45,66,118,76,129,97"/><V134/><F115/><W83/><G2/><T133/><D72/><U22/><E113/><V89/><F125/><W24/><G66/><T77/><D37/><U18/><E32/><V98/><F134/><W104/><G45/><T57/><D77/><N who="3" m="29769" /><G24/><T108/><D133/><U28/><E109/><V19/><F42/><W16/><G135/><T78/><D78/><U5/><E123/><V116/><F116/><W88/><G16/><T126/><D126/><U124/><E124/><V99/><F60/><W33/><G33/><T132/><D132/><U36/><E36/><V81/><F81/><W29/><G29/><T52/><D106/><N who="3" m="41065" /><G118/><T128/><D128/><U55/><E27/><N who="2" m="14751" /><F80/><W44/><G44/><AGARI ba="0,0" hai="8,9,11,44,48,53,86,89,93,98,99" m="14751" machi="44" ten="30,1500,0" yaku="8,1" doraHai="102" who="2" fromWho="3" sc="314,0,171,0,230,15,285,-15" /><INIT seed="2,1,0,3,4,2" ten="314,171,245,270" oya="2" hai0="24,88,109,54,69,116,27,99,108,60,95,76,114" hai1="124,103,67,62,15,3,131,50,83,85,66,94,78" hai2="123,74,101,106,49,6,17,91,77,135,129,128,9" hai3="37,42,58,80,18,8,86,35,38,31,72,33,65"/><V51/><F123/><W127/><G72/><T41/><D114/><U134/><E3/><V118/><F118/><W44/><G127/><T79/><D116/><U121/><E131/><N who="2" m="50251" /><F135/><W70/><G70/><T23/><D41/><U111/><E124/><V46/><F17/><W11/><G37/><T56/><D69/><U13/><E134/><V96/><F91/><W89/><G31/><T4/><D4/><U40/><E121/><V68/><F68/><W133/><G133/><T45/><D45/><N who="1" m="25895" /><E111/><N who="0" m="42569" /><D27/><U125/><E125/><V130/><N who="2" m="50259" /><V53/><DORA hai="20" /><F51/><W84/><G89/><T47/><D47/><U22/><E62/><V105/><F77/><W36/><G38/><T25/><D25/><U19/><E15/><N who="2" m="5559" /><F74/><W122/><G36/><T119/><D119/><U63/><E63/><V5/><F5/><W81/><G122/><T30/><AGARI ba="1,0" hai="23,24,30,54,56,60,76,79,88,95,99" m="42569" machi="30" ten="30,4000,0" yaku="14,1,52,1,54,1" doraHai="2,20" who="0" fromWho="0" sc="314,43,171,-11,245,-21,270,-11" /><INIT seed="3,0,0,2,2,85" ten="357,160,224,259" oya="3" hai0="102,49,7,19,104,60,84,30,79,105,43,10,111" hai1="96,6,18,27,71,41,39,89,130,22,88,117,4" hai2="116,135,113,87,68,23,131,11,13,125,52,0,63" hai3="48,119,75,73,124,108,38,122,112,40,21,97,67"/><W34/><G67/><T109/><D30/><U99/><E71/><V51/><F116/><W72/><G119/><T17/><D60/><U61/><E117/><V66/><F113/><W44/><G34/><T120/><D120/><U16/><E130/><V127/><F131/><W64/><G112/><T110/><D43/><U83/><E39/><V45/><F135/><W35/><G35/><T57/><D49/><U78/><E41/><V103/><F103/><W14/><G122/><T118/><D57/><U129/><E129/><V98/><F98/><N who="1" m="37417" /><E61/><V77/><F23/><W15/><G64/><T28/><D28/><U82/><E18/><N who="0" m="6665" /><D102/><U106/><E106/><V20/><F20/><W54/><G124/><N who="2" m="47689" /><F0/><W86/><G108/><T9/><D118/><U132/><E132/><V91/><F77/><W100/><G86/><T94/><D10/><U107/><E107/><V5/><F87/><W93/><REACH who="3" step="1"/><G21/><REACH who="3" ten="357,160,224,249" step="2"/><T29/><D84/><N who="1" m="48247" /><E82/><V50/><F68/><W80/><G80/><T37/><D110/><U33/><E33/><V90/><F66/><W26/><G26/><T128/><D109/><U55/><E55/><N who="2" m="30159" /><F63/><W56/><AGARI ba="0,1" hai="14,15,38,40,44,48,54,56,72,73,75,93,97,100" machi="56" ten="30,3000,0" yaku="1,1,0,1,53,0" doraHai="85" doraHaiUra="62" who="3" fromWho="3" sc="357,-10,160,-10,224,-10,249,40" /><INIT seed="3,1,0,5,4,107" ten="347,150,214,289" oya="3" hai0="122,11,35,110,54,96,73,27,18,76,20,24,21" hai1="72,31,128,118,85,26,94,116,8,6,19,125,56" hai2="33,44,121,82,88,59,41,95,89,30,7,108,13" hai3="37,119,74,113,103,5,93,68,29,28,134,60,97"/><W3/><G119/><N who="1" m="45610" /><E56/><V70/><F70/><W1/><G113/><T14/><D122/><U90/><E128/><V112/><F112/><W65/><G37/><T84/><D110/><U131/><E131/><V100/><F108/><W129/><G129/><T71/><D71/><U45/><E45/><V49/><F121/><W69/><G134/><T135/><D135/><U62/><E62/><V48/><F33/><W66/><G74/><T58/><D35/><N who="1" m="20983" /><E19/><V111/><F30/><W32/><G5/><T83/><D96/><U77/><E125/><V99/><F111/><W75/><G75/><T47/><D47/><U132/><E132/><V43/><F43/><W61/><REACH who="3" step="1"/><G32/><REACH who="3" ten="347,150,214,279" step="2"/><T46/><D73/><U64/><E72/><V63/><F7/><W91/><G91/><T79/><D76/><U87/><E77/><V115/><F89/><W42/><G42/><T0/><D79/><U51/><E6/><V86/><F115/><W55/><G55/><T17/><D54/><U106/><E90/><V12/><F49/><W40/><G40/><T9/><D0/><AGARI ba="1,1" hai="0,1,3,28,29,60,61,65,66,68,69,93,97,103" machi="0" ten="40,3900,0" yaku="1,1,9,1,53,0" doraHai="107" doraHaiUra="80" who="3" fromWho="0" sc="347,-42,150,0,214,0,279,52" /><INIT seed="3,2,0,1,1,13" ten="305,150,214,331" oya="3" hai0="36,3,115,45,33,129,67,72,117,66,49,90,34" hai1="18,5,86,70,61,114,80,104,27,74,122,76,81" hai2="57,68,10,85,98,133,101,113,38,52,88,50,8" hai3="19,54,31,100,41,126,21,56,43,127,77,99,97"/><W87/><G31/><T37/><D117/><U125/><E104/><V22/><F113/><W132/><G132/><T109/><D3/><U106/><E106/><V48/><F38/><W131/><G131/><T14/><D72/><U2/><E122/><V29/><F68/><W118/><G118/><T51/><D129/><U11/><E114/><V62/><F133/><W121/><G121/><T123/><D123/><U84/><E125/><N who="3" m="47626" /><G87/><T82/><D115/><U6/><E6/><V15/><F98/><N who="3" m="37387" /><G77/><T128/><D128/><U59/><E70/><V53/><F101/><W39/><G39/><T69/><D69/><U4/><E4/><V58/><F62/><N who="3" m="36119" /><G100/><T83/><D37/><U96/><E96/><V111/><F111/><W107/><G107/><T95/><D109/><U25/><E74/><V134/><F134/><W12/><AGARI ba="2,0" hai="12,19,21,41,43" m="36119,37387,47626" machi="12" ten="30,3000,0" yaku="18,1,52,1" doraHai="13" who="3" fromWho="3" sc="305,-12,150,-12,214,-12,331,36" /><INIT seed="3,3,0,2,5,58" ten="293,138,202,367" oya="3" hai0="2,49,53,77,73,34,21,112,0,66,103,27,64" hai1="70,96,3,89,18,29,121,86,107,43,102,11,134" hai2="22,83,32,84,100,135,113,60,75,28,125,51,94" hai3="80,128,1,50,10,69,72,127,81,24,99,67,71"/><W74/><G127/><T68/><D34/><U63/><E121/><V132/><F113/><W20/><G128/><T25/><D112/><U19/><E134/><V47/><F32/><W55/><G74/><T44/><D103/><U126/><E126/><V88/><F125/><W97/><G97/><T42/><D27/><U92/><E43/><V124/><F124/><W56/><G99/><T108/><D108/><U9/><E29/><V35/><F35/><W37/><G37/><T76/><D0/><U119/><E119/><V39/><F39/><W111/><G111/><T101/><D2/><U15/><E3/><V16/><F28/><W7/><G72/><T26/><D26/><U117/><E117/><V106/><F106/><W61/><REACH who="3" step="1"/><G69/><REACH who="3" ten="293,138,202,357" step="2"/><T4/><D68/><U129/><E129/><V62/><F132/><W87/><G87/><T38/><D73/><U95/><E70/><V133/><F133/><W41/><G41/><T31/><D42/><U30/><E96/><N who="2" m="59415" /><F75/><W17/><AGARI ba="3,1" hai="1,7,10,17,20,24,50,55,56,61,67,71,80,81" machi="17" ten="20,7800,0" yaku="1,1,0,1,7,1,52,1,53,0" doraHai="58" doraHaiUra="82" who="3" fromWho="3" sc="293,-29,138,-29,202,-29,357,97" /><INIT seed="3,4,0,1,3,116" ten="264,109,173,454" oya="3" hai0="93,66,120,92,105,33,41,106,98,95,129,49,45" hai1="20,1,123,103,71,86,43,124,127,36,113,75,107" hai2="131,42,78,14,53,56,37,52,23,17,60,130,31" hai3="35,135,82,6,65,30,2,85,25,8,70,68,62"/><W87/><G135/><T102/><D33/><U119/><E86/><V128/><F78/><W4/><G4/><T73/><D73/><U125/><E20/><V67/><REACH who="2" step="1"/><F31/><REACH who="2" ten="264,109,163,454" step="2"/><W51/><G51/><T16/><D49/><U55/><E125/><V48/><F48/><W10/><G70/><T100/><D129/><U26/><E124/><V126/><F126/><W89/><G10/><T34/><D120/><U32/><E123/><V77/><F77/><W57/><G68/><T133/><D133/><U19/><E71/><V64/><F64/><W12/><G65/><T15/><D66/><U88/><E127/><V24/><F24/><W29/><G30/><T79/><D79/><U59/><E26/><V13/><F13/><W114/><G12/><T7/><D15/><U104/><E119/><V9/><F9/><W18/><G25/><T47/><D106/><U72/><E107/><V76/><F76/><W54/><G8/><T109/><D105/><U38/><E104/><V94/><F94/><W80/><G29/><T132/><D93/><U108/><E75/><V84/><F84/><W61/><G85/><T121/><D95/><U5/><E72/><V81/><F81/><W96/><G82/><T101/><D92/><U0/><E0/><V112/><F112/><W134/><G2/><T27/><D132/><U63/><E113/><V50/><F50/><W58/><G114/><T117/><D27/><U91/><E1/><V46/><AGARI ba="4,1" hai="14,17,23,37,42,46,52,53,56,60,67,128,130,131" machi="46" ten="40,8000,1" yaku="1,1,0,1,19,1,54,1,53,1" doraHai="116" doraHaiUra="69" who="2" fromWho="2" sc="264,-24,109,-24,163,102,454,-44" /><INIT seed="4,0,0,4,1,44" ten="240,85,265,410" oya="0" hai0="114,72,89,132,2,101,135,68,77,87,11,88,47" hai1="81,0,52,55,90,117,26,65,15,67,23,130,99" hai2="129,86,107,48,112,120,73,16,20,84,4,127,91" hai3="60,27,31,9,103,116,66,39,45,24,118,96,61"/><T14/><D2/><U43/><E0/><V76/><F120/><W79/><G79/><T18/><D68/><U71/><E117/><V95/><F112/><W131/><G131/><T100/><D114/><U128/><E43/><V69/><F69/><W3/><G24/><T28/><D28/><U126/><E15/><V93/><F107/><N who="3" m="63975" /><G61/><T6/><D72/><U40/><E40/><V22/><F129/><N who="1" m="49769" /><E126/><V1/><F127/><W123/><G123/><T75/><D75/><U17/><E71/><V106/><F106/><W34/><G45/><T50/><D77/><U62/><E55/><V104/><F104/><W57/><G39/><T83/><D89/><U133/><E133/><N who="0" m="51273" /><D6/><U109/><E109/><V59/><F4/><N who="3" m="1183" /><G57/><T108/><D108/><U121/><E121/><V7/><F7/><W119/><G60/><T32/><D32/><U51/><E62/><V19/><F1/><W21/><G66/><T5/><D5/><U97/><E67/><V110/><F110/><W29/><G29/><T54/><AGARI ba="0,0" hai="11,14,18,47,50,54,83,87,88,100,101" m="51273" machi="54" ten="30,11700,0" yaku="25,1,20,1,52,1,54,1" doraHai="44" who="0" fromWho="0" sc="240,117,85,-39,265,-39,410,-39" /><INIT seed="4,1,0,0,1,125" ten="357,46,226,371" oya="0" hai0="74,127,94,72,114,21,52,77,124,59,131,43,63" hai1="20,71,101,108,51,13,42,37,134,70,109,24,85" hai2="38,112,120,61,28,91,22,67,106,29,48,53,49" hai3="12,95,123,107,75,89,135,17,64,128,18,117,36"/><T102/><D114/><U104/><E104/><V19/><F120/><W76/><G117/><T40/><D21/><U90/><E101/><V65/><F38/><W88/><G107/><T57/><D131/><U80/><E37/><V129/><F106/><W132/><G36/><T11/><D11/><U103/><E103/><V68/><F112/><W56/><G128/><T119/><D119/><U115/><E115/><V82/><F67/><W8/><G123/><T6/><D6/><U1/><E1/><V7/><F7/><W118/><G118/><T100/><D94/><U92/><E134/><N who="3" m="51242" /><G18/><T3/><D63/><U0/><E0/><V10/><F49/><W46/><G46/><T32/><D3/><U84/><E13/><V121/><F10/><W2/><G2/><T133/><D133/><U14/><E14/><V81/><F129/><W16/><G17/><T50/><D50/><U41/><E108/><V99/><F99/><W9/><G9/><T15/><D15/><U58/><E109/><V33/><F33/><W73/><G76/><T83/><D77/><U79/><E71/><V45/><F121/><W78/><G78/><T113/><D113/><U27/><E70/><V35/><F35/><W34/><G34/><T39/><D32/><U98/><E98/><V55/><F55/><W105/><G105/><T96/><D96/><U116/><E116/><V86/><F81/><W62/><G95/><T69/><D39/><U30/><REACH who="1" step="1"/><E27/><AGARI ba="1,0" hai="19,22,27,28,29,45,48,53,61,65,68,82,86,91" machi="27" ten="30,1000,0" yaku="7,1" doraHai="125" who="2" fromWho="1" sc="357,0,46,-13,226,13,371,0" /><INIT seed="5,0,0,0,2,58" ten="357,33,239,371" oya="1" hai0="36,56,13,50,95,52,112,109,31,32,117,111,106" hai1="92,19,77,71,98,41,37,9,44,27,62,30,80" hai2="110,48,105,91,79,74,35,66,11,15,107,57,82" hai3="17,113,134,3,122,84,120,75,72,4,130,127,100"/><U5/><E19/><V114/><F110/><W89/><G113/><T49/><D106/><U63/><E71/><V47/><F35/><W59/><G134/><T6/><D36/><U29/><E92/><V18/><F114/><W102/><G130/><T104/><D104/><U28/><E27/><V53/><F66/><W96/><G127/><T78/><D112/><U10/><E98/><V60/><F91/><W93/><G100/><T22/><D117/><U65/><E65/><V123/><F123/><W45/><G45/><T116/><D116/><U126/><E126/><V128/><F128/><W83/><G17/><T40/><D32/><U119/><E119/><V97/><F97/><W88/><G89/><T39/><D39/><U64/><E64/><V118/><F118/><W46/><G46/><T76/><D95/><U33/><E33/><V51/><F60/><W90/><G102/><T38/><D38/><U34/><E34/><V67/><F67/><W16/><G90/><T54/><D40/><AGARI ba="0,0" hai="11,15,18,40,47,48,51,53,57,74,79,82,105,107" machi="40" ten="30,1000,0" yaku="7,1" doraHai="58" who="2" fromWho="0" sc="357,-10,33,0,239,10,371,0" /><INIT seed="6,0,0,2,3,26" ten="347,33,249,371" oya="2" hai0="50,5,12,101,69,14,76,72,7,82,67,53,89" hai1="11,22,120,93,122,25,36,46,41,58,3,96,68" hai2="71,43,132,116,111,2,121,90,102,55,117,1,4" hai3="59,42,31,104,24,45,95,33,133,99,74,70,135"/><V91/><F121/><W10/><G70/><T108/><D108/><U6/><E68/><V0/><F71/><W73/><G104/><T119/><D119/><U88/><REACH who="1" step="1"/><E58/><REACH who="1" ten="347,23,249,371" step="2"/><V51/><F116/><W112/><G59/><T34/><D69/><U103/><E103/><V54/><F102/><W100/><G100/><T98/><D101/><U85/><E85/><V129/><F117/><W30/><G74/><T32/><D72/><U105/><E105/><V86/><F86/><W56/><G56/><T66/><D98/><U109/><E109/><V47/><F111/><W118/><G73/><T27/><D34/><U83/><E83/><V110/><F110/><W125/><G118/><T8/><D32/><U65/><E65/><V28/><F1/><W64/><G64/><T94/><D67/><U38/><E38/><V126/><F2/><W130/><G33/><T44/><D82/><U37/><E37/><V61/><F0/><W57/><G57/><T13/><D66/><U127/><E127/><V78/><F126/><W114/><G125/><T123/><D123/><U80/><E80/><V92/><F61/><W48/><G133/><T15/><D94/><U23/><E23/><V49/><F92/><W21/><G95/><T134/><D134/><U77/><E77/><V52/><F78/><W62/><G21/><T40/><D76/><U128/><E128/><V60/><F129/><W19/><G130/><T63/><D63/><U84/><E84/><V20/><F60/><W131/><G99/><T106/><D106/><U29/><AGARI ba="0,1" hai="3,6,11,22,25,29,36,41,46,88,93,96,120,122" machi="29" ten="30,7900,0" yaku="1,1,0,1,52,1,54,1,53,0" doraHai="26" doraHaiUra="124" who="1" fromWho="1" sc="347,-20,23,89,249,-39,371,-20" /><INIT seed="7,0,0,3,2,18" ten="327,112,210,351" oya="3" hai0="122,30,64,14,79,75,23,116,31,62,90,44,45" hai1="98,110,65,33,34,38,83,91,72,39,80,4,111" hai2="85,57,58,115,19,93,96,3,60,47,103,63,61" hai3="10,53,68,6,104,46,22,129,1,28,82,134,69"/><W20/><G104/><T71/><D116/><U132/><E65/><V121/><F3/><W67/><G134/><T133/><D122/><U117/><E72/><V13/><F115/><W113/><G113/><T59/><D133/><U32/><E132/><V125/><F125/><W97/><G129/><T114/><D114/><U119/><E4/><V29/><F121/><W74/><G97/><T127/><D127/><U108/><E91/><V49/><F85/><W128/><G128/><T120/><D120/><U73/><E98/><V109/><F29/><W27/><G67/><T56/><D31/><U43/><E43/><N who="2" m="24831" /><F109/><W35/><G68/><T107/><D107/><U92/><E92/><V54/><F58/><W78/><G69/><T84/><D75/><U126/><E126/><V55/><F57/><W101/><G101/><T25/><D79/><U70/><E70/><V0/><F0/><W105/><G105/><T124/><D124/><U87/><E87/><V131/><F131/><W36/><G53/><T42/><D14/><U37/><REACH who="1" step="1"/><E73/><REACH who="1" ten="327,102,210,351" step="2"/><V11/><AGARI ba="0,1" hai="11,13,19,54,55,60,61,63,93,96,103" m="24831" machi="11" ten="30,1100,0" yaku="8,1" doraHai="18" who="2" fromWho="2" sc="327,-3,102,-3,210,21,351,-5" owari="324,12.0,99,-40.0,231,-17.0,346,45.0" /></mjloggm>