<mjloggm ver="2.3"><GO type="169" lobby="0"/><UN n0="%E5%87%9C%E7%94%B0%E8%8E%89%E5%AD%90" n1="%E7%9C%9F%E7%A9%BA%E3%83%95%E3%82%A7%E3%82%B9%E3%82%BF" n2="%E3%83%9F%E3%83%92%E3%83%A3%E3%82%A8%E3%83%AB" n3="%E3%82%A6%E3%83%AB%E3%83%88%E3%83%A9%E7%AB%8B%E7%9B%B4" dan="16,16,16,19" rate="2140.46,2090.95,2130.64,2313.21" sx="M,M,M,M"/><TAIKYOKU oya="0"/><INIT seed="0,0,0,5,1,34" ten="250,250,250,250" oya="0" hai0="113,3,52,27,112,45,109,134,29,67,78,39,107" hai1="80,21,41,89,103,53,44,17,12,35,49,50,84" hai2="92,57,37,2,16,91,75,66,110,71,55,70,22" hai3="105,116,115,94,25,24,11,117,9,62,85,43,128"/><T10/><D134/><U33/><REACH who="1" step="1"/><E103/><REACH who="1" ten="250,240,250,250" step="2"/><V69/><F110/><W86/><G117/><T47/><D109/><U119/><E119/><V108/><F108/><W59/><G116/><T61/><D112/><U30/><E30/><V4/><F37/><W56/><G115/><T73/><D29/><U133/><E133/><V20/><F71/><W131/><G131/><T126/><D39/><U79/><E79/><V124/><F70/><W83/><G128/><T104/><D78/><U6/><E6/><V46/><F4/><W38/><G38/><T96/><D113/><U14/><E14/><V42/><F69/><W7/><G7/><T81/><D107/><U58/><AGARI ba="0,1" hai="12,17,21,33,35,41,44,49,50,53,58,80,84,89" machi="58" ten="20,5200,0" yaku="21,2,0,1,7,1,53,0" doraHai="34" doraHaiUra="72" who="1" fromWho="1" sc="250,-26,240,62,250,-13,250,-13" /><INIT seed="1,0,0,2,5,84" ten="224,302,237,237" oya="1" hai0="111,34,118,40,130,104,126,21,112,20,30,65,124" hai1="26,108,102,51,117,25,22,54,93,60,129,119,37" hai2="38,67,12,94,18,55,63,81,125,82,48,4,85" hai3="52,80,128,16,0,6,75,78,3,2,99,97,61"/><U77/><E37/><V31/><F38/><W47/><G128/><T135/><D40/><U115/><E115/><V87/><F125/><W44/><G6/><T5/><D65/><U92/><E129/><V28/><F4/><W39/><G39/><T42/><D42/><U46/><E77/><V122/><F122/><W62/><G16/><T13/><D104/><U105/><E108/><V33/><F94/><W59/><REACH who="3" step="1"/><G62/><REACH who="3" ten="224,302,237,227" step="2"/><T15/><D130/><U101/><E117/><V91/><F63/><W109/><G109/><T50/><D5/><U53/><E119/><V114/><F18/><W69/><G69/><T58/><D111/><U120/><E120/><V9/><F9/><W19/><G19/><T88/><D118/><U56/><E105/><V131/><F131/><W98/><AGARI ba="0,1" hai="0,2,3,44,47,52,59,61,75,78,80,97,98,99" machi="98" ten="40,8000,1" yaku="1,1,0,1,54,1,53,1" doraHai="84" doraHaiUra="79" who="3" fromWho="3" sc="224,-20,302,-40,237,-20,227,90" /><INIT seed="2,0,0,5,4,40" ten="204,262,217,317" oya="2" hai0="30,132,46,5,51,92,6,88,84,85,82,104,127" hai1="118,60,100,123,73,110,125,50,70,14,80,94,79" hai2="72,122,86,62,134,49,99,1,113,77,124,13,93" hai3="119,45,68,26,17,47,43,54,29,15,44,33,7"/><V20/><F1/><W22/><G68/><T8/><D104/><U105/><E118/><V128/><F72/><W109/><G119/><T0/><D132/><U4/><E123/><V81/><F134/><W97/><G109/><T69/><D127/><U12/><E125/><V9/><F124/><W114/><G114/><T131/><D131/><U64/><E110/><V23/><F113/><W116/><G116/><T52/><D69/><U28/><E94/><V35/><F35/><W111/><G111/><T74/><D30/><U115/><E4/><V108/><F128/><W91/><G54/><T53/><D6/><U21/><E115/><V89/><F122/><W19/><G7/><T83/><D74/><U76/><E76/><V57/><F49/><W39/><G91/><T67/><D67/><U36/><E36/><V65/><REACH who="2" step="1"/><F108/><REACH who="2" ten="204,262,207,317" step="2"/><W101/><REACH who="3" step="1"/><G19/><AGARI ba="0,1" hai="9,13,19,20,23,57,62,65,77,81,86,89,93,99" machi="19" ten="30,11600,0" yaku="1,1,2,1,7,1,8,1,53,0" doraHai="40" doraHaiUra="32" who="2" fromWho="3" sc="204,0,262,0,207,126,317,-116" /><INIT seed="2,1,0,3,2,101" ten="204,262,333,201" oya="2" hai0="21,70,30,8,27,37,64,84,73,18,38,5,80" hai1="75,108,66,78,62,42,105,48,22,6,77,63,46" hai2="114,111,95,97,65,122,10,118,135,49,55,23,26" hai3="15,76,44,116,20,11,89,56,72,102,58,13,91"/><V53/><F114/><W33/><G33/><T126/><D73/><U130/><E108/><V117/><F122/><W7/><G116/><T119/><D126/><U41/><E130/><V39/><F39/><W103/><G72/><T3/><D119/><U57/><E6/><V94/><F111/><W133/><G76/><T115/><D115/><U96/><E41/><V125/><F125/><W121/><G121/><T100/><D100/><N who="3" m="38441" /><G133/><T32/><D64/><U47/><E47/><V4/><F135/><W87/><G44/><T113/><D70/><U52/><E96/><V128/><F128/><W124/><G124/><T12/><REACH who="0" step="1"/><D113/><REACH who="0" ten="194,262,333,201" step="2"/><U127/><E127/><V50/><F65/><W40/><G91/><AGARI ba="1,1" hai="3,5,8,12,18,21,27,30,32,37,38,80,84,91" machi="91" ten="30,8000,1" yaku="1,1,2,1,7,1,24,2,53,0" doraHai="101" doraHaiUra="74" who="0" fromWho="3" sc="194,93,262,0,333,0,201,-83" /><INIT seed="3,0,0,4,2,88" ten="287,262,333,118" oya="3" hai0="102,84,131,105,26,94,53,125,6,28,49,99,10" hai1="15,48,111,113,58,17,128,134,70,109,72,62,124" hai2="32,87,114,86,51,106,83,112,60,100,63,3,35" hai3="75,20,54,89,2,82,64,38,118,18,107,45,13"/><W55/><G118/><T91/><D131/><U81/><E72/><V22/><F3/><W40/><G107/><T9/><D125/><U74/><E74/><V108/><F108/><N who="1" m="41545" /><E81/><V76/><F106/><W65/><G55/><T69/><D69/><U4/><E4/><V24/><F100/><W25/><G2/><T23/><REACH who="0" step="1"/><D6/><REACH who="0" ten="277,262,333,118" step="2"/><U116/><E124/><V52/><F114/><W104/><G104/><T119/><D119/><U37/><E116/><V78/><F112/><W135/><G135/><T80/><D80/><U73/><E113/><V110/><F110/><W133/><G133/><T50/><D50/><U101/><E134/><V79/><F83/><W0/><G0/><T11/><D11/><U120/><E128/><V92/><F51/><W27/><G75/><T130/><D130/><U123/><E73/><V30/><F35/><W66/><G82/><T57/><AGARI ba="0,1" hai="9,10,23,26,28,49,53,57,84,91,94,99,102,105" machi="57" ten="20,5200,0" yaku="1,1,0,1,7,1,52,1,53,0" doraHai="88" doraHaiUra="59" who="0" fromWho="0" sc="277,62,262,-13,333,-13,118,-26" /><INIT seed="4,0,0,5,4,25" ten="339,249,320,92" oya="0" hai0="123,116,18,16,34,33,2,90,58,134,63,19,101" hai1="27,115,73,81,42,120,96,62,46,99,93,56,61" hai2="55,23,102,82,89,92,12,133,35,45,59,64,85" hai3="69,36,49,118,7,131,60,114,87,32,8,97,50"/><T17/><D116/><U132/><E120/><V3/><F133/><W24/><G118/><T128/><D123/><U5/><E132/><V41/><F35/><W11/><G36/><T98/><D134/><U110/><E110/><V70/><F3/><W20/><G114/><T119/><D119/><U75/><E115/><V78/><F70/><W28/><G131/><T44/><D128/><U94/><E5/><V47/><F64/><W51/><G87/><T54/><D2/><U80/><E27/><V52/><F102/><W37/><G37/><T86/><N who="0" m="4096" /><DORA hai="1" /><T125/><D44/><U6/><E6/><V130/><F130/><W72/><G72/><T38/><D38/><U65/><E46/><V22/><F12/><W126/><G126/><T124/><D34/><U68/><E42/><V4/><F4/><W15/><G11/><T105/><REACH who="0" step="1"/><D33/><REACH who="0" ten="329,249,320,92" step="2"/><U91/><E73/><V26/><F47/><W21/><G32/><T31/><D31/><U121/><E75/><V67/><F45/><W29/><G29/><T103/><D103/><U79/><E121/><V122/><F122/><W74/><G74/><T107/><D107/><U111/><E111/><V40/><F40/><W100/><G21/><T77/><D77/><U84/><E79/><V95/><F41/><W108/><G108/><T88/><D88/><U0/><E0/><V127/><F23/><W39/><G39/><T106/><D106/><U71/><E91/><V112/><F89/><W129/><G129/><T76/><D76/><U14/><E14/><V57/><F78/><W30/><G15/><T104/><D104/><RYUUKYOKU ba="0,1" sc="329,30,249,-10,320,-10,92,-10" hai0="54,58,63,86,90,98,101,105,124,125" /><INIT seed="4,1,1,3,4,95" ten="359,239,310,82" oya="0" hai0="75,125,65,82,121,34,52,131,108,36,113,117,50" hai1="33,74,81,111,42,71,73,19,27,97,119,76,16" hai2="58,86,85,11,102,64,90,127,23,104,12,91,70" hai3="63,110,0,17,124,2,120,32,79,28,135,114,41"/><T118/><RYUUKYOKU type="yao9" ba="1,1" sc="359,0,239,0,310,0,82,0" hai0="34,36,50,52,65,75,82,108,113,117,118,121,125,131" /><INIT seed="4,2,1,4,2,16" ten="359,239,310,82" oya="0" hai0="9,2,57,77,46,99,122,59,10,112,123,84,8" hai1="110,19,15,7,28,55,31,71,44,3,117,21,14" hai2="134,1,73,103,54,95,22,61,76,118,83,106,108" hai3="41,94,75,121,89,109,79,124,56,38,66,97,105"/><T129/><D112/><U119/><E71/><V85/><F108/><W98/><G38/><T37/><D129/><U35/><E44/><V60/><F134/><W25/><G41/><T33/><D2/><U111/><E55/><V51/><F1/><W131/><G109/><N who="1" m="41482" /><E14/><V135/><F135/><W23/><G121/><T65/><D33/><U40/><E40/><V32/><F32/><W42/><G42/><T58/><D37/><U45/><E45/><V24/><F118/><N who="1" m="45065" /><E35/><V43/><F43/><W5/><G124/><T104/><D46/><U92/><E92/><V34/><F106/><W29/><G131/><T74/><D65/><U17/><E17/><V6/><F6/><W101/><G5/><T115/><D104/><U49/><E49/><V50/><F34/><W78/><REACH who="3" step="1"/><G75/><REACH who="3" ten="359,239,310,72" step="2"/><T86/><D74/><U18/><E18/><V27/><F73/><W64/><G64/><T90/><D122/><U113/><E113/><V26/><F54/><W36/><G36/><T133/><D123/><U67/><E67/><V127/><F127/><W63/><AGARI ba="2,2" hai="23,25,29,56,63,66,78,79,89,94,97,98,101,105" machi="63" ten="30,4000,0" yaku="1,1,0,1,52,1,53,0" doraHai="16" doraHaiUra="82" who="3" fromWho="3" sc="359,-22,239,-12,310,-12,72,66" /><INIT seed="5,0,0,4,4,1" ten="337,227,298,138" oya="1" hai0="75,61,18,57,53,69,97,107,126,55,62,64,14" hai1="121,130,114,19,11,108,94,46,65,51,4,67,7" hai2="27,0,31,132,95,49,110,125,35,40,103,3,89" hai3="30,41,117,38,44,124,20,32,96,16,72,76,118"/><U135/><E121/><V100/><F110/><W128/><G32/><T25/><D75/><U73/><E73/><V120/><F120/><W105/><G30/><T48/><D126/><U101/><E108/><V60/><F125/><W42/><G124/><T10/><D25/><U37/><E37/><V109/><F109/><W58/><G42/><T134/><D134/><U56/><E135/><V34/><F34/><W133/><G133/><T28/><D28/><U15/><E130/><V86/><F132/><W23/><G23/><T17/><D107/><U43/><E114/><V91/><F91/><W2/><G128/><T5/><REACH who="0" step="1"/><D97/><REACH who="0" ten="327,227,298,138" step="2"/><N who="1" m="59575" /><E56/><AGARI ba="0,1" hai="5,10,14,17,18,48,53,55,56,57,61,62,64,69" machi="56" ten="30,7700,0" yaku="1,1,7,1,52,1,53,1" doraHai="1" doraHaiUra="66" who="0" fromWho="1" sc="327,87,227,-77,298,0,138,0" /><INIT seed="6,0,0,2,3,128" ten="414,150,298,138" oya="2" hai0="38,24,36,121,33,91,123,115,62,96,72,89,59" hai1="30,73,92,13,101,90,51,109,118,32,93,0,17" hai2="22,10,58,60,83,74,105,94,49,16,95,47,4" hai3="107,29,71,5,100,120,34,50,52,110,64,2,112"/><V127/><F105/><W119/><G119/><T133/><D72/><U77/><E0/><V55/><F127/><W31/><G120/><T41/><D115/><U79/><E118/><V76/><F4/><W23/><G110/><T125/><D125/><U56/><E109/><V70/><F70/><W86/><G112/><T106/><D106/><U8/><E101/><V116/><F10/><W102/><G34/><T126/><D126/><U75/><E32/><V134/><F134/><W7/><G71/><T124/><D133/><U80/><E30/><N who="3" m="11274" /><G64/><T82/><D24/><U84/><E73/><V88/><F116/><W12/><G107/><T9/><D124/><U113/><E113/><V69/><F69/><W97/><G2/><T108/><D108/><U111/><E111/><V37/><F37/><W67/><G67/><T3/><D33/><U132/><E132/><V20/><F20/><W122/><G122/><T81/><D3/><U43/><E75/><V53/><REACH who="2" step="1"/><F88/><REACH who="2" ten="414,150,288,138" step="2"/><W130/><G23/><T19/><D36/><U26/><E26/><AGARI ba="0,1" hai="16,22,26,47,49,53,55,58,60,74,76,83,94,95" machi="26" ten="30,12000,1" yaku="1,1,2,1,7,1,54,1,53,1" doraHai="128" doraHaiUra="42" who="2" fromWho="1" sc="414,0,150,-120,288,130,138,0" /><INIT seed="6,1,0,1,4,121" ten="414,30,418,138" oya="2" hai0="40,30,9,71,47,81,57,92,19,102,130,107,66" hai1="135,111,82,63,119,43,11,100,129,27,124,75,36" hai2="68,48,1,37,22,4,32,52,123,134,94,117,108" hai3="126,33,25,31,93,56,6,18,70,120,50,14,133"/><V78/><F32/><W61/><G70/><T3/><D71/><U96/><E119/><V101/><F37/><W5/><G120/><T45/><D107/><U12/><E124/><V105/><F123/><W67/><G133/><T55/><D66/><U54/><E135/><V88/><F134/><W15/><G126/><T41/><D30/><U51/><E129/><V62/><F117/><W90/><G50/><T128/><D81/><U103/><E36/><V44/><F22/><W113/><G15/><N who="0" m="7663" /><D3/><U69/><E43/><N who="0" m="16457" /><D102/><U80/><E75/><V46/><F78/><W29/><G29/><T99/><D128/><U127/><E127/><V112/><F101/><W42/><G42/><T59/><D59/><U49/><E27/><V97/><F105/><W83/><G83/><T8/><D8/><U28/><E28/><V76/><F76/><W118/><G118/><T17/><D17/><U89/><E69/><V79/><F79/><W131/><G131/><T109/><D130/><U116/><E116/><V35/><F35/><W20/><G113/><T2/><D2/><U86/><E111/><V10/><F112/><W74/><G74/><T21/><D21/><U24/><E24/><V87/><F108/><W64/><G64/><T0/><D0/><U23/><E80/><V16/><F16/><W7/><G7/><T91/><D109/><U122/><E122/><V95/><F46/><W39/><G39/><T13/><D13/><U114/><E23/><V34/><F34/><W73/><G73/><T84/><D84/><AGARI ba="1,0" hai="5,6,14,18,20,25,31,33,56,61,67,84,90,93" machi="84" ten="30,1000,0" yaku="7,1" doraHai="121" who="3" fromWho="0" sc="414,-13,30,0,418,0,138,13" /><INIT seed="7,0,0,0,0,89" ten="401,30,418,151" oya="3" hai0="102,77,46,94,18,98,132,70,7,112,92,126,128" hai1="111,114,105,78,100,16,64,63,14,133,57,130,75" hai2="20,113,36,49,72,3,95,74,129,118,29,41,0" hai3="40,15,106,76,21,108,110,135,19,107,68,97,69"/><W13/><G40/><T86/><D70/><U122/><E111/><V11/><F118/><W66/><G76/><T55/><D112/><U65/><E114/><V34/><F113/><W4/><G15/><T87/><D126/><U88/><E122/><V8/><F34/><W116/><G135/><T52/><D132/><U45/><E133/><V1/><F36/><W58/><G58/><T127/><D127/><U47/><E130/><V99/><F129/><W119/><G97/><N who="0" m="59687" /><D128/><U93/><E105/><V80/><F29/><W96/><G19/><T17/><D7/><U23/><E100/><V37/><F20/><W54/><G54/><N who="0" m="20523" /><D46/><U27/><E65/><V60/><F37/><W117/><G21/><T9/><D9/><U32/><E32/><V26/><F60/><W5/><G66/><T120/><D120/><U82/><REACH who="1" step="1"/><E27/><REACH who="1" ten="401,20,418,151" step="2"/><V84/><F26/><W104/><G107/><T121/><D121/><U39/><E39/><V2/><F2/><W79/><G106/><T51/><D51/><U83/><E83/><V24/><F1/><W42/><G104/><T30/><D30/><U71/><E71/><V101/><F3/><W67/><G67/><T10/><D10/><U73/><E73/><N who="2" m="28267" /><F24/><W115/><G115/><T123/><D123/><U81/><E81/><V85/><F11/><W61/><G69/><T90/><D77/><U33/><E33/><V48/><F80/><W50/><G68/><T103/><D103/><U38/><E38/><V28/><F28/><W131/><G110/><T12/><D12/><U56/><E56/><V124/><F0/><W44/><G108/><RYUUKYOKU ba="0,1" sc="401,15,20,15,418,-15,151,-15" hai0="17,18,86,87,90,94,98" hai1="14,16,23,45,47,57,63,64,75,78,82,88,93" owari="426,52.0,35,-46.0,403,20.0,136,-26.0" /></mjloggm>