<mjloggm ver="2.3"><GO type="169" lobby="0"/><UN n0="%E3%83%84%E3%83%AC%E3%82%AA" n1="%E3%83%88%E3%83%88%E3%83%AA%E5%85%88%E7%94%9F%31%39%E6%AD%B3" n2="%43%52%41%5A%59%42%45%45" n3="%E6%B0%B4%E5%93%89%E3%81%AE%E3%83%AC%E3%82%B8%E3%82%A7%E3%83%B3%E3%83%89" dan="17,19,18,17" rate="2136.24,2307.81,2231.70,2162.91" sx="M,F,F,M"/><TAIKYOKU oya="0"/><INIT seed="0,0,0,2,5,22" ten="250,250,250,250" oya="0" hai0="27,126,125,12,89,17,51,74,39,31,64,8,63" hai1="96,112,105,16,1,3,58,6,97,77,59,5,20" hai2="108,134,84,107,45,62,113,99,119,15,9,71,104" hai3="115,120,94,32,44,49,70,80,109,98,46,100,26"/><T127/><D39/><U53/><E77/><V90/><F113/><W81/><G115/><T38/><D38/><U42/><E42/><V21/><F108/><W123/><G109/><T66/><D74/><U130/><E130/><V4/><F134/><W2/><G2/><T73/><D73/><U72/><E72/><V34/><F34/><W18/><G70/><T57/><D51/><U69/><E69/><V131/><F131/><W50/><G50/><T121/><D121/><N who="3" m="46665" /><G46/><T28/><D28/><U110/><E110/><V87/><F119/><W86/><G86/><T103/><D103/><U37/><E37/><V95/><F45/><W61/><G61/><T14/><D14/><U25/><E112/><V10/><F10/><W76/><G76/><T56/><D89/><U30/><E1/><V54/><F71/><W0/><G0/><T129/><D129/><U36/><E36/><V40/><F40/><N who="3" m="24711" /><G18/><T11/><D11/><U41/><E41/><V55/><F62/><W67/><G67/><N who="0" m="25643" /><D63/><N who="1" m="36303" /><E3/><V111/><F111/><W135/><G135/><T47/><D47/><U114/><E114/><V124/><F54/><W7/><G7/><N who="1" m="2570" /><E105/><V92/><F104/><W83/><G32/><AGARI ba="0,0" hai="8,12,17,27,31,32,56,57,125,126,127" m="25643" machi="32" ten="30,2900,0" yaku="18,1,52,1" doraHai="22" who="0" fromWho="3" sc="250,29,250,0,250,0,250,-29" /><INIT seed="0,1,0,2,3,119" ten="279,250,250,221" oya="0" hai0="126,107,56,37,89,15,44,113,80,95,18,111,131" hai1="118,83,64,72,40,33,38,42,135,67,50,105,34" hai2="14,39,3,90,4,68,17,101,98,30,45,24,103" hai3="112,55,11,128,48,96,36,133,59,9,125,23,93"/><T122/><D113/><U49/><E118/><V32/><F68/><W75/><G112/><T65/><D107/><U79/><E105/><V121/><F121/><W28/><G128/><T31/><D131/><U20/><E135/><V7/><F90/><W60/><G133/><T52/><D31/><U66/><E38/><V132/><F132/><W13/><G125/><T69/><D126/><U71/><E71/><V84/><F84/><W82/><G36/><T26/><D26/><U99/><E99/><V70/><F70/><W27/><G75/><T87/><D69/><U97/><E97/><V12/><F12/><W81/><G48/><T76/><D122/><U91/><E91/><V102/><F98/><W25/><G25/><T127/><D127/><U134/><E134/><V6/><F3/><W57/><G57/><T86/><D111/><U51/><REACH who="1" step="1"/><E20/><REACH who="1" ten="279,240,250,221" step="2"/><V106/><F106/><W47/><G9/><T110/><D110/><U129/><E129/><V123/><F123/><W92/><G92/><T130/><D130/><U109/><E109/><V108/><F108/><W46/><G82/><T16/><D37/><U100/><E100/><V63/><F39/><W41/><G81/><T62/><D15/><U1/><E1/><V10/><F101/><W54/><G13/><T53/><D44/><U8/><E8/><V85/><F45/><N who="3" m="16907" /><G11/><T117/><D117/><U114/><E114/><V94/><F102/><N who="3" m="60687" /><G41/><AGARI ba="1,1" hai="33,34,40,41,42,49,50,51,64,66,67,72,79,83" machi="41" ten="40,2600,0" yaku="1,1,53,1" doraHai="119" doraHaiUra="104" who="1" fromWho="3" sc="279,0,240,39,250,0,221,-29" /><INIT seed="1,0,0,5,3,101" ten="279,279,250,192" oya="1" hai0="74,29,83,34,32,129,0,98,79,13,90,130,16" hai1="3,77,119,11,114,78,33,28,88,30,73,43,71" hai2="85,133,15,54,116,51,12,40,4,106,31,23,22" hai3="72,115,125,95,36,35,38,84,68,48,99,97,69"/><U2/><E114/><V104/><F116/><W39/><G115/><T105/><D0/><U135/><E119/><V126/><F40/><W61/><G72/><T50/><D50/><U5/><E71/><V20/><F31/><W8/><G35/><T124/><D124/><U92/><E135/><V109/><F126/><W63/><G125/><T27/><D34/><U89/><E3/><V70/><F70/><W52/><G8/><T14/><D14/><U60/><E89/><V24/><F24/><W56/><G84/><T58/><D58/><U49/><E60/><V121/><F121/><W37/><N who="3" m="9216" /><DORA hai="62" /><W18/><G18/><T17/><D90/><U21/><E33/><V10/><F109/><W47/><G97/><T64/><D64/><U86/><E73/><V55/><F55/><W45/><G63/><T128/><REACH who="0" step="1"/><D13/><REACH who="0" ten="269,279,250,192" step="2"/><U93/><E49/><V59/><F15/><W132/><G132/><T112/><D112/><U76/><E43/><V96/><F133/><W6/><G6/><T7/><D7/><U120/><E120/><V9/><F9/><W42/><REACH who="3" step="1"/><G47/><REACH who="3" ten="269,279,250,182" step="2"/><T26/><D26/><U44/><E44/><V53/><F4/><W75/><G75/><T107/><D107/><U65/><E5/><V87/><F106/><W102/><AGARI ba="0,2" hai="42,45,48,52,56,61,68,69,95,99,102" m="9216" machi="102" ten="60,7900,0" yaku="1,1,0,1,54,1,53,0" doraHai="101,62" doraHaiUra="134,113" who="3" fromWho="3" sc="269,-20,279,-39,250,-20,182,99" /><INIT seed="2,0,0,2,4,63" ten="249,240,230,281" oya="2" hai0="22,19,31,3,87,59,88,44,14,123,35,120,106" hai1="13,27,29,116,50,109,111,105,85,5,89,33,46" hai2="103,53,79,125,57,23,7,92,81,58,121,100,12" hai3="68,4,6,51,18,52,132,41,117,40,82,9,34"/><V128/><F121/><W115/><G117/><T69/><D69/><U28/><E116/><V78/><F125/><W55/><G34/><T74/><D74/><U112/><E112/><V93/><F128/><W65/><G115/><T21/><D106/><U80/><E105/><V24/><F58/><W124/><G124/><T133/><D3/><U49/><E29/><V17/><F92/><W129/><G129/><T37/><D35/><U16/><E5/><V127/><F127/><W108/><G108/><T25/><D133/><U62/><E62/><N who="2" m="36143" /><F81/><W102/><G132/><T42/><REACH who="0" step="1"/><D59/><REACH who="0" ten="239,240,230,281" step="2"/><U134/><E134/><V38/><F38/><W20/><G68/><T60/><D60/><U110/><REACH who="1" step="1"/><E46/><REACH who="1" ten="239,230,230,281" step="2"/><V94/><F7/><W131/><G6/><T8/><D8/><AGARI ba="0,2" hai="8,13,16,27,28,33,49,50,80,85,89,109,110,111" machi="8" ten="40,8000,1" yaku="1,1,2,1,14,1,54,1,53,0" doraHai="63" doraHaiUra="97" who="1" fromWho="0" sc="239,-80,230,100,230,0,281,0" /><INIT seed="3,0,0,3,3,35" ten="159,330,230,281" oya="3" hai0="41,51,14,6,129,7,47,93,54,62,2,12,133" hai1="107,112,27,122,104,59,67,117,120,16,74,80,10" hai2="50,118,64,132,126,4,65,58,43,33,48,94,89" hai3="127,83,66,125,37,25,23,5,45,131,56,20,72"/><W63/><G131/><T55/><D129/><U52/><E112/><V31/><F118/><W26/><G5/><T53/><D133/><U84/><E74/><V105/><F105/><W76/><G37/><T116/><D116/><U78/><E117/><V75/><F75/><W9/><G45/><T100/><D62/><U18/><E67/><V101/><F101/><W32/><G9/><T115/><D115/><U110/><E110/><V95/><F126/><N who="3" m="48139" /><G32/><T29/><D29/><U44/><E44/><V70/><F70/><W34/><G34/><T11/><REACH who="0" step="1"/><D7/><REACH who="0" ten="149,330,230,281" step="2"/><U30/><E120/><V96/><F31/><W88/><G63/><T8/><D8/><U121/><E122/><V79/><F132/><W135/><G135/><T97/><AGARI ba="0,1" hai="2,6,11,12,14,41,47,51,53,54,55,93,97,100" machi="97" ten="30,7900,0" yaku="1,1,0,1,52,1,53,1" doraHai="35" doraHaiUra="92" who="0" fromWho="0" sc="149,89,330,-20,230,-20,281,-39" /><INIT seed="4,0,0,5,0,98" ten="238,310,210,242" oya="0" hai0="131,12,26,48,9,74,121,5,108,102,60,65,17" hai1="1,55,70,123,113,126,81,58,80,134,72,33,27" hai2="56,124,40,35,78,96,97,73,86,52,119,128,64" hai3="0,20,32,91,132,115,116,14,10,25,118,13,109"/><T22/><D121/><U44/><E123/><V82/><F35/><W110/><G91/><T42/><D131/><U24/><E70/><V28/><F128/><W120/><G120/><T45/><D74/><U89/><E1/><V15/><F124/><W37/><G37/><T66/><D108/><N who="3" m="41577" /><G32/><T101/><REACH who="0" step="1"/><D66/><REACH who="0" ten="228,310,210,242" step="2"/><U39/><E72/><V69/><F73/><W133/><G115/><T67/><D67/><U18/><E126/><V75/><F64/><W130/><G130/><T3/><D3/><U23/><E113/><V53/><F75/><W47/><G0/><T76/><D76/><U61/><E134/><V46/><F78/><W16/><G116/><T95/><D95/><U87/><E81/><V127/><F82/><W106/><G118/><T59/><AGARI ba="0,1" hai="5,9,12,17,22,26,42,45,48,59,60,65,101,102" machi="59" ten="20,18000,2" yaku="1,1,0,1,7,1,8,1,52,2,53,0" doraHai="98" doraHaiUra="114" who="0" fromWho="0" sc="228,190,310,-60,210,-60,242,-60" /><INIT seed="4,1,0,1,1,128" ten="418,250,150,182" oya="0" hai0="90,134,82,13,46,64,65,91,88,56,111,120,77" hai1="4,92,23,116,72,30,131,130,61,25,36,16,122" hai2="49,0,40,97,80,70,66,52,39,124,48,21,51" hai3="15,68,99,106,34,42,93,12,53,103,26,79,3"/><T89/><D120/><U33/><E122/><V50/><F0/><W126/><G3/><T83/><D111/><U121/><E121/><V8/><F8/><W18/><G126/><T27/><D27/><U73/><E116/><V135/><F124/><W43/><G79/><T32/><D32/><U127/><E127/><V9/><F9/><W84/><G68/><T123/><D123/><U108/><E108/><V38/><F80/><W35/><G53/><T7/><D46/><U75/><E36/><N who="2" m="13867" /><F97/><W44/><G15/><T5/><D83/><U58/><E4/><V74/><F21/><W133/><G106/><T129/><D129/><N who="1" m="49163" /><E92/><V78/><F78/><W115/><G84/><T114/><D5/><U107/><E107/><V31/><F31/><W10/><G44/><T100/><D7/><U41/><E41/><V19/><F19/><W86/><G86/><T94/><D94/><U55/><E33/><V113/><F74/><W105/><G105/><T62/><D82/><U67/><E67/><V87/><F87/><W102/><G43/><T22/><D65/><U14/><E14/><V54/><F113/><W24/><G42/><T37/><D13/><U45/><E45/><N who="2" m="25639" /><F135/><W101/><G115/><T11/><D134/><U109/><E109/><V132/><F132/><W95/><G133/><T85/><D114/><U63/><E30/><V29/><F29/><N who="3" m="19751" /><G95/><T59/><D85/><U117/><E117/><V81/><F81/><W125/><G125/><T2/><D2/><U112/><E112/><V98/><F98/><W110/><G110/><T96/><D96/><U6/><E6/><RYUUKYOKU ba="1,0" sc="418,-30,250,10,150,10,182,10" hai1="16,23,25,55,58,61,63,72,73,75" hai2="49,50,51,52,54,66,70" hai3="10,12,18,26,35,93,99,101,102,103" /><INIT seed="5,2,0,5,2,28" ten="388,260,160,192" oya="1" hai0="19,18,95,17,27,64,128,25,38,32,14,76,75" hai1="68,119,70,92,2,99,118,21,66,132,42,124,106" hai2="40,114,16,91,94,103,46,82,56,72,43,65,23" hai3="69,5,93,50,0,86,113,24,54,109,85,135,44"/><U122/><E122/><V134/><F134/><W6/><G109/><T130/><D38/><U41/><E2/><V31/><F31/><W55/><G69/><T77/><D64/><U12/><E106/><V102/><F114/><W53/><G135/><T8/><D95/><U58/><E132/><V115/><F115/><W120/><G113/><T45/><D45/><U108/><E108/><V61/><F72/><W117/><G120/><T126/><D126/><U125/><E21/><V3/><F3/><W22/><G117/><N who="1" m="44554" /><E12/><V79/><F79/><W129/><G129/><N who="0" m="49771" /><D75/><U37/><E92/><V1/><F1/><W7/><G0/><T131/><D131/><U110/><E99/><V83/><F83/><W98/><G86/><T62/><D25/><U67/><E110/><V59/><F59/><W111/><G85/><T20/><D20/><U97/><E97/><N who="2" m="57567" /><F82/><W29/><REACH who="3" step="1"/><G111/><REACH who="3" ten="388,260,160,182" step="2"/><T48/><D76/><U88/><E70/><V127/><F127/><W34/><G34/><T100/><D32/><U89/><E68/><V57/><F57/><W36/><G36/><T51/><D77/><U15/><E124/><V84/><F84/><W26/><G26/><T35/><D27/><U116/><E125/><V104/><F46/><W52/><G52/><T90/><D35/><U80/><E37/><V39/><F39/><W30/><G30/><T78/><D78/><U105/><E58/><V49/><F49/><W9/><G9/><T73/><D8/><U10/><E67/><V33/><F33/><W11/><G11/><T96/><D48/><U74/><N who="1" m="44562" /><U81/><DORA hai="101" /><E74/><RYUUKYOKU ba="2,1" sc="388,-10,260,-10,160,-10,182,30" hai3="5,6,7,22,24,29,44,50,53,54,55,93,98" /><INIT seed="6,3,1,2,5,117" ten="378,250,150,212" oya="2" hai0="38,134,66,88,19,71,135,130,104,119,112,0,9" hai1="33,105,14,17,29,40,92,20,64,56,96,5,74" hai2="129,94,62,6,59,95,63,69,86,25,16,45,52" hai3="41,118,7,97,126,55,123,28,124,128,122,39,111"/><V58/><F69/><W26/><G111/><T132/><D119/><U11/><E74/><V47/><F6/><W84/><G118/><T133/><D133/><U100/><E40/><V68/><F68/><W93/><G128/><T51/><D38/><U75/><E75/><V3/><F3/><W81/><G7/><T27/><D104/><U30/><E33/><V46/><F129/><W78/><G55/><T53/><D130/><U43/><E105/><V2/><F2/><W102/><G41/><T65/><D71/><U60/><REACH who="1" step="1"/><E43/><REACH who="1" ten="378,240,150,212" step="2"/><V35/><F35/><N who="3" m="20887" /><G39/><T80/><D132/><U91/><E91/><V115/><F115/><W103/><G102/><T18/><D112/><U15/><AGARI ba="3,2" hai="5,11,14,15,17,20,29,30,56,60,64,92,96,100" machi="15" ten="20,5200,0" yaku="1,1,0,1,7,1,8,1,53,0" doraHai="117" doraHaiUra="31" who="1" fromWho="1" sc="378,-16,240,81,150,-29,212,-16" /><INIT seed="7,0,0,3,5,4" ten="362,321,121,196" oya="3" hai0="56,7,61,55,99,83,26,87,36,105,42,73,44" hai1="11,121,14,130,129,15,6,52,80,29,134,0,86" hai2="91,2,115,102,74,89,37,77,108,19,17,75,3" hai3="106,38,41,49,1,84,30,119,18,13,8,31,131"/><W62/><G119/><T100/><D7/><U34/><E121/><V40/><F102/><W94/><G106/><T57/><D57/><U70/><E70/><V101/><F101/><W103/><G38/><T10/><D26/><U20/><E134/><V110/><F77/><W123/><G1/><T82/><D73/><U93/><E93/><V96/><F96/><W97/><G131/><N who="1" m="50186" /><E34/><V25/><F25/><W126/><G126/><T92/><D10/><N who="1" m="4439" /><E20/><V113/><REACH who="2" step="1"/><F37/><REACH who="2" ten="362,321,111,196" step="2"/><W35/><G103/><T22/><D100/><U117/><E117/><V45/><F45/><W127/><G97/><T114/><D99/><U50/><E29/><V47/><F47/><W79/><G31/><T71/><D36/><U39/><E39/><V128/><F128/><W12/><G30/><T104/><D104/><U116/><E116/><V69/><F69/><W43/><G79/><T107/><D71/><U133/><E133/><V23/><F23/><W58/><G127/><T24/><D22/><U64/><E0/><V76/><F76/><W120/><G120/><T132/><D107/><U46/><E64/><V124/><F124/><W122/><G122/><T21/><D21/><U135/><E135/><V32/><F32/><W5/><G35/><T85/><D105/><U59/><E46/><V118/><F118/><W65/><G123/><T16/><D44/><U60/><E15/><V98/><F98/><W53/><G13/><T67/><D132/><U125/><E125/><V90/><F90/><W68/><G12/><T28/><D28/><U33/><E33/><V54/><F54/><W48/><G68/><RYUUKYOKU ba="0,1" sc="362,-10,321,-10,111,30,196,-10" hai2="2,3,17,19,40,74,75,89,91,108,110,113,115" owari="362,46.0,311,11.0,141,-36.0,186,-21.0" /></mjloggm>