<mjloggm ver="2.3"><GO type="169" lobby="0"/><UN n0="%E3%81%8B%E3%81%97%E3%81%8B%E3%81%8A" n1="%4D%4A%E3%81%AE%E6%9C%80%E9%AB%98%E5%B3%B0" n2="%E6%97%A5%E6%9B%9C%E6%97%A5%E3%82%88%E3%82%8A%E3%81%AE%E4%BD%BF%E8%80%85" n3="%E3%83%88%E3%83%88%E3%83%AA%E5%85%88%E7%94%9F%31%39%E6%AD%B3" dan="16,17,16,19" rate="2177.20,2258.39,2113.80,2313.60" sx="M,M,M,F"/><TAIKYOKU oya="0"/><INIT seed="0,0,0,2,2,74" ten="250,250,250,250" oya="0" hai0="83,56,108,125,41,77,64,89,4,7,120,37,105" hai1="36,87,28,9,3,94,23,72,73,86,75,121,18" hai2="107,60,112,61,93,65,122,123,68,21,62,45,24" hai3="40,13,2,119,53,109,76,35,17,116,67,66,100"/><T69/><D120/><U128/><E36/><V84/><F107/><W39/><G2/><T59/><D105/><U103/><E128/><V27/><F112/><W88/><G35/><T1/><D89/><U111/><E111/><V57/><F45/><W115/><G115/><T63/><D108/><U14/><E121/><V34/><F34/><W130/><G109/><T50/><D125/><U47/><E47/><V98/><F84/><W31/><G31/><T79/><D83/><U91/><E103/><V20/><F61/><W104/><G40/><T81/><D81/><U6/><E28/><V114/><F114/><W110/><G39/><T113/><D113/><U0/><REACH who="1" step="1"/><E87/><REACH who="1" ten="250,240,250,250" step="2"/><V78/><F123/><W99/><G110/><T71/><D37/><U129/><E129/><V51/><F122/><W97/><G130/><T15/><D71/><U30/><E30/><V26/><F68/><W19/><G100/><T52/><D41/><U95/><E95/><V117/><F93/><W8/><G104/><T96/><D69/><U90/><E90/><V135/><F117/><W10/><G88/><T38/><D38/><U127/><E127/><V134/><F134/><W42/><G116/><T44/><D44/><U58/><E58/><V131/><F135/><W11/><G119/><T33/><D96/><U106/><E106/><V43/><F131/><W126/><G42/><T132/><D132/><U29/><E29/><V82/><F43/><W101/><G126/><T85/><D85/><U92/><E92/><V133/><F133/><W102/><G99/><T118/><D118/><U46/><E46/><RYUUKYOKU ba="0,1" sc="250,-10,240,30,250,-10,250,-10" hai1="0,3,6,9,14,18,23,72,73,75,86,91,94" /><INIT seed="1,1,1,5,2,92" ten="240,270,240,240" oya="1" hai0="35,108,43,124,135,24,100,110,39,65,37,5,28" hai1="47,105,114,21,61,48,0,58,27,75,64,89,117" hai2="25,50,8,96,123,74,55,121,66,14,15,19,95" hai3="72,11,29,33,73,70,78,128,13,46,34,3,32"/><U115/><E117/><V129/><F74/><W97/><G70/><T56/><D135/><U67/><E0/><V6/><F25/><W40/><G128/><T76/><D124/><U87/><E75/><V59/><F66/><W106/><G29/><T12/><D76/><U118/><E105/><V68/><F68/><W77/><G77/><T102/><D5/><U63/><E118/><V31/><F31/><W52/><G78/><T133/><D133/><U101/><E101/><N who="0" m="39017" /><D12/><U125/><E125/><V109/><F109/><N who="0" m="42090" /><D43/><U127/><E127/><V112/><F112/><W41/><G3/><T17/><D17/><U69/><E89/><V1/><F129/><W4/><G73/><T90/><D90/><U126/><E126/><V57/><F57/><W80/><G72/><T10/><D10/><U88/><E27/><V134/><F134/><W131/><G131/><T22/><D35/><U113/><E21/><V132/><F132/><W7/><G7/><T23/><D22/><U53/><REACH who="1" step="1"/><E114/><REACH who="1" ten="240,260,240,240" step="2"/><V60/><F1/><N who="3" m="399" /><G34/><T86/><D86/><U9/><E9/><N who="2" m="6607" /><F123/><W93/><G13/><T98/><D98/><U84/><E84/><V83/><F121/><W51/><G32/><T79/><D79/><U116/><E116/><V130/><F130/><W85/><G33/><T107/><D107/><U18/><E18/><V2/><F2/><W111/><G106/><T26/><D24/><U30/><E30/><V42/><F15/><W120/><G120/><T91/><D91/><U44/><E44/><N who="2" m="25879" /><F8/><W49/><G111/><T82/><D82/><AGARI ba="1,2" hai="47,48,53,58,61,63,64,67,69,82,87,88,113,115" machi="82" ten="30,5800,0" yaku="1,1,7,1,54,1,53,0" doraHai="92" doraHaiUra="36" who="1" fromWho="0" sc="240,-61,260,81,240,0,240,0" /><INIT seed="1,2,0,4,1,95" ten="179,341,240,240" oya="1" hai0="65,22,105,5,131,111,63,102,64,40,107,93,53" hai1="43,9,66,41,109,74,106,72,76,98,46,55,16" hai2="51,129,15,84,52,124,8,13,116,59,28,62,36" hai3="60,35,119,108,10,47,96,30,38,82,94,101,77"/><U133/><E133/><V83/><F36/><W56/><G108/><T27/><D111/><U121/><E121/><V24/><F116/><W112/><G112/><T14/><D40/><U12/><E66/><V134/><F134/><W97/><G119/><T34/><D34/><U69/><E69/><V86/><F124/><W115/><G115/><T122/><D122/><U50/><E109/><V114/><F129/><W80/><G10/><T19/><D131/><U104/><E104/><V110/><F110/><W57/><G57/><N who="0" m="35247" /><D107/><U100/><REACH who="1" step="1"/><E76/><REACH who="1" ten="179,331,240,240" step="2"/><V99/><F114/><W48/><G77/><T91/><D105/><U123/><E123/><V11/><F11/><W79/><G79/><T126/><D126/><U32/><E32/><V31/><F8/><W75/><G35/><T135/><D135/><U61/><E61/><V20/><F62/><W23/><G60/><T87/><D65/><U54/><E54/><V39/><F52/><W0/><G0/><T25/><D64/><U103/><E103/><V81/><F81/><W67/><G82/><T4/><D102/><U117/><E117/><V113/><F83/><W7/><G80/><T17/><D27/><U42/><AGARI ba="2,1" hai="9,12,16,41,42,43,46,50,55,72,74,98,100,106" machi="42" ten="30,11700,0" yaku="1,1,0,1,52,1,54,1,53,0" doraHai="95" doraHaiUra="125" who="1" fromWho="1" sc="179,-41,331,133,240,-41,240,-41" /><INIT seed="1,3,0,5,4,30" ten="138,464,199,199" oya="1" hai0="14,53,28,129,112,50,67,83,85,95,119,12,80" hai1="88,84,101,42,89,134,13,10,131,38,6,69,109" hai2="71,68,98,61,26,76,2,20,15,96,103,79,52" hai3="128,45,99,4,59,127,62,132,25,46,126,78,33"/><U135/><E69/><V3/><F15/><W0/><G128/><T66/><D112/><U111/><E101/><V118/><F118/><W70/><G70/><T18/><D119/><U51/><E38/><V107/><F98/><W39/><G132/><N who="1" m="50730" /><E131/><V86/><F71/><W63/><G78/><T65/><D129/><U121/><E121/><V44/><F68/><W57/><G99/><T82/><D28/><U1/><E1/><V47/><F47/><W72/><G25/><T56/><REACH who="0" step="1"/><D18/><REACH who="0" ten="128,464,199,199" step="2"/><U130/><E130/><V115/><F115/><W125/><G125/><T58/><D58/><U116/><E116/><V64/><F44/><W16/><G16/><T7/><D7/><U48/><E42/><V37/><F107/><W74/><G4/><T19/><D19/><U102/><E102/><V23/><F103/><W100/><G100/><T97/><D97/><U92/><E89/><AGARI ba="3,1" hai="12,14,50,53,56,65,66,67,80,82,83,85,89,95" machi="89" ten="40,2600,0" yaku="1,1,8,1,53,0" doraHai="30" doraHaiUra="106" who="0" fromWho="1" sc="128,45,464,-35,199,0,199,0" /><INIT seed="2,0,0,1,0,116" ten="173,429,199,199" oya="2" hai0="59,79,99,14,5,81,80,105,58,88,53,109,20" hai1="29,50,26,122,19,55,10,73,97,98,65,8,40" hai2="110,45,87,126,36,44,128,1,134,130,94,133,2" hai3="66,63,4,43,18,78,52,47,23,123,117,7,38"/><V27/><F27/><W16/><G117/><T41/><D109/><U31/><E73/><V70/><F70/><W118/><G118/><T108/><D108/><U127/><E40/><N who="2" m="22535" /><F45/><W48/><G123/><T83/><D41/><U115/><E122/><V85/><F110/><W90/><G78/><T113/><D113/><U95/><E65/><V64/><F64/><W69/><G90/><T111/><D111/><U30/><E98/><V96/><F87/><W77/><G77/><T0/><D0/><N who="2" m="106" /><F85/><W86/><G86/><T131/><D131/><N who="2" m="50218" /><F126/><W71/><G71/><T121/><D79/><U67/><E67/><V28/><F28/><W33/><G33/><T9/><D20/><N who="1" m="13599" /><E127/><V11/><F11/><W39/><G39/><T76/><D76/><U101/><E115/><V72/><F72/><W13/><G18/><T84/><D58/><AGARI ba="0,0" hai="8,10,29,30,31,50,55,58,95,97,101" m="13599" machi="58" ten="30,1000,0" yaku="8,1" doraHai="116" who="1" fromWho="0" sc="173,-10,429,10,199,0,199,0" /><AGARI ba="0,0" hai="4,7,13,16,23,38,43,47,48,52,58,63,66,69" machi="58" ten="30,8000,1" yaku="7,1,24,2,54,2" doraHai="116" who="3" fromWho="0" sc="163,-80,439,0,199,0,199,80" /><INIT seed="3,0,0,4,3,22" ten="83,439,199,279" oya="3" hai0="78,107,111,20,82,11,4,25,51,39,93,97,128" hai1="23,72,57,96,79,65,77,124,114,75,43,21,106" hai2="112,99,85,24,92,12,13,70,88,54,46,81,35" hai3="58,49,61,132,45,15,119,10,17,127,110,14,8"/><W18/><G132/><T5/><D111/><U108/><E114/><V91/><F70/><W86/><G127/><T62/><D128/><U68/><E108/><V59/><F46/><W109/><G119/><T28/><D39/><U126/><E68/><V129/><F129/><W1/><G1/><T71/><D107/><U41/><E106/><V83/><F83/><W80/><G58/><T130/><D130/><U76/><E96/><V135/><F135/><W73/><G73/><T48/><D71/><U52/><E77/><V0/><F0/><W94/><G94/><T104/><D104/><U7/><E57/><V121/><F112/><W115/><G61/><T60/><D60/><U33/><E33/><V34/><F121/><W19/><G19/><T95/><D62/><U55/><E7/><V66/><F66/><AGARI ba="0,0" hai="21,23,41,43,52,55,65,66,72,75,76,79,124,126" machi="66" ten="25,3200,0" yaku="22,2,54,1" doraHai="22" who="1" fromWho="2" sc="83,0,439,32,199,-32,279,0" /><INIT seed="4,0,0,5,1,55" ten="83,471,167,279" oya="0" hai0="121,113,66,50,16,4,134,44,28,117,63,95,108" hai1="104,81,99,128,17,89,48,45,101,84,29,57,80" hai2="5,67,70,60,64,116,21,61,132,90,0,58,85" hai3="115,15,107,59,109,100,7,35,130,68,46,56,120"/><T3/><D117/><U114/><E29/><V135/><F116/><W125/><G109/><T106/><D106/><U33/><E33/><V94/><REACH who="2" step="1"/><F21/><REACH who="2" ten="83,471,157,279" step="2"/><W49/><G35/><T98/><D121/><U93/><E128/><V92/><F92/><W2/><G130/><T20/><D108/><U38/><E93/><V54/><F54/><W43/><G120/><T1/><D113/><U51/><E114/><V62/><F62/><W65/><G115/><T129/><D129/><U13/><E81/><V42/><F42/><W79/><G43/><T24/><D134/><U112/><E112/><V69/><F69/><W6/><G68/><T32/><D32/><U103/><E80/><V19/><F19/><W119/><G119/><T14/><D4/><U39/><E17/><V97/><F97/><W73/><G7/><T88/><D28/><U18/><E18/><V77/><F77/><W133/><G79/><T126/><D126/><U102/><E99/><V118/><F118/><W25/><G6/><T12/><D1/><U86/><E104/><V47/><F47/><W124/><G107/><T8/><D3/><U10/><E45/><V75/><F75/><W96/><G2/><T82/><D82/><U41/><E41/><V71/><F71/><W30/><G30/><T131/><D131/><U23/><E23/><V52/><F52/><W72/><G72/><T26/><D8/><AGARI ba="0,1" hai="0,5,8,58,60,61,64,67,70,85,90,94,132,135" machi="8" ten="40,2600,0" yaku="1,1,52,1,53,0" doraHai="55" doraHaiUra="110" who="2" fromWho="0" sc="83,-26,471,0,157,36,279,0" /><INIT seed="5,0,0,1,0,100" ten="57,471,193,279" oya="1" hai0="133,53,36,32,77,43,68,14,76,67,13,81,9" hai1="119,96,103,34,15,122,41,99,128,62,44,24,69" hai2="85,16,28,17,107,25,104,92,97,70,84,73,22" hai3="7,101,0,120,74,49,37,23,5,54,38,40,27"/><U118/><E99/><V29/><F73/><W116/><G120/><T115/><D32/><U134/><E15/><V130/><F70/><W78/><G116/><T50/><D115/><U47/><E122/><V112/><F112/><W125/><G125/><T39/><D133/><U131/><E44/><V64/><F64/><W95/><G40/><T63/><D39/><N who="1" m="21951" /><E134/><V127/><F127/><W102/><G102/><T56/><D9/><U98/><E98/><V106/><F130/><N who="1" m="49705" /><E62/><V88/><REACH who="2" step="1"/><F16/><REACH who="2" ten="57,471,183,279" step="2"/><W10/><G74/><T105/><D77/><U129/><E69/><V82/><F82/><W111/><G78/><T48/><D81/><U86/><E129/><V18/><F18/><W87/><G7/><T135/><D76/><U93/><E119/><V20/><F20/><W2/><G5/><T75/><D135/><U11/><E11/><V114/><F114/><W79/><G10/><T123/><D75/><U3/><E118/><V55/><F55/><W109/><G54/><T117/><D117/><U83/><E34/><V80/><F80/><W30/><G23/><T51/><D123/><U126/><E126/><V59/><F59/><W21/><G21/><T71/><D71/><U19/><E19/><V61/><F61/><W91/><G79/><T45/><REACH who="0" step="1"/><D105/><REACH who="0" ten="47,471,183,279" step="2"/><U58/><E83/><V6/><F6/><W110/><G110/><T60/><AGARI ba="0,2" hai="13,14,36,43,45,48,50,51,53,56,60,63,67,68" machi="60" ten="30,4000,0" yaku="1,1,2,1,0,1,53,0" doraHai="100" doraHaiUra="90" who="0" fromWho="0" sc="47,60,471,-20,183,-10,279,-10" /><INIT seed="6,0,0,5,3,34" ten="107,451,173,269" oya="2" hai0="49,131,111,32,14,69,41,31,9,45,118,102,130" hai1="109,114,62,119,55,82,10,5,120,105,48,44,38" hai2="4,85,103,33,1,121,78,129,83,95,66,124,63" hai3="107,53,126,104,37,75,67,116,98,35,46,125,61"/><V39/><F121/><W23/><G116/><T16/><D69/><U29/><E109/><V30/><F39/><W24/><G75/><T6/><D111/><U58/><E119/><V110/><F110/><W112/><G112/><T123/><D118/><U122/><E105/><V50/><F30/><N who="3" m="19911" /><G23/><T106/><D123/><N who="1" m="47147" /><E114/><V96/><F33/><W65/><G65/><T92/><D106/><U86/><E29/><V94/><F124/><N who="3" m="47723" /><G98/><T51/><D51/><U64/><E38/><V27/><F27/><W28/><G28/><T72/><D72/><U15/><E82/><V19/><F19/><W77/><G77/><T57/><D31/><U60/><E60/><V13/><F13/><W73/><G73/><T2/><D32/><U43/><E86/><V133/><F50/><N who="3" m="28887" /><G37/><T127/><D127/><U47/><E47/><V21/><F21/><W42/><G42/><AGARI ba="0,0" hai="5,10,15,42,43,44,48,55,58,62,64" m="47147" machi="42" ten="30,1000,0" yaku="13,1" doraHai="34" who="1" fromWho="3" sc="107,0,451,10,173,0,269,-10" /><INIT seed="7,0,0,4,0,106" ten="107,461,173,259" oya="3" hai0="128,4,41,3,112,71,100,87,109,89,0,107,66" hai1="24,33,60,135,62,78,126,76,53,91,27,28,2" hai2="85,44,49,134,18,79,21,14,110,75,130,19,86" hai3="32,29,54,39,95,5,59,64,7,13,117,108,102"/><W61/><G117/><T114/><D41/><U103/><E2/><V96/><F110/><W77/><G39/><T6/><D109/><U124/><E103/><V68/><F68/><W90/><G108/><T45/><D45/><U131/><E131/><V88/><F130/><W26/><G102/><T73/><D128/><U36/><E36/><V80/><F134/><W104/><G104/><T35/><D35/><U34/><E91/><V38/><F38/><W122/><G122/><T52/><D66/><U113/><E113/><N who="0" m="43625" /><D71/><U1/><E1/><N who="0" m="585" /><D100/><U105/><E105/><V22/><F96/><W121/><G121/><T74/><D107/><U12/><E12/><V120/><F88/><W37/><G13/><T116/><D116/><U51/><E135/><V67/><F67/><W83/><G37/><T125/><D52/><U30/><E53/><V57/><F57/><W17/><G54/><T94/><D125/><U92/><E92/><V15/><F120/><W42/><G42/><AGARI ba="0,0" hai="14,15,18,19,21,22,42,44,49,75,79,80,85,86" machi="42" ten="30,3900,0" yaku="7,1,9,1,52,1" doraHai="106" who="2" fromWho="3" sc="107,0,461,0,173,39,259,-39" owari="107,-39.0,461,56.0,212,-19.0,220,2.0" /></mjloggm>