<mjloggm ver="2.3"><GO type="169" lobby="0"/><UN n0="%E3%83%8B%E3%83%A3%E3%83%83%E3%83%94%E3%83%BC%E5%A4%8F%E7%9B%AE" n1="%E6%A4%8D%E9%87%8E" n2="%E3%83%88%E3%83%88%E3%83%AA%E5%85%88%E7%94%9F%31%39%E6%AD%B3" n3="%E3%83%A1%E3%82%AB%E3%82%BC%E3%83%83%E3%83%88%E3%83%B3" dan="17,17,19,17" rate="2186.82,2101.72,2295.99,2169.57" sx="M,M,F,M"/><TAIKYOKU oya="0"/><INIT seed="0,0,0,4,3,93" ten="250,250,250,250" oya="0" hai0="12,64,102,84,8,3,10,76,23,31,124,100,126" hai1="14,135,2,61,97,37,0,134,106,30,123,96,17" hai2="59,36,129,72,1,87,74,111,108,5,70,62,18" hai3="86,65,32,40,116,112,50,29,44,9,85,94,52"/><T83/><D3/><U68/><E123/><V114/><F114/><W57/><G112/><T66/><D31/><U132/><E37/><V73/><F129/><W60/><G116/><T110/><D23/><N who="1" m="11703" /><E30/><V127/><F127/><N who="0" m="48682" /><D10/><U75/><E75/><V43/><F18/><W103/><G9/><T120/><D120/><U121/><E121/><V122/><F122/><W92/><G92/><T33/><D33/><U63/><E106/><V35/><F35/><W22/><G32/><T67/><D110/><N who="2" m="42026" /><F70/><W119/><G40/><T25/><D25/><U26/><E26/><V55/><F87/><W34/><G34/><T6/><AGARI ba="0,0" hai="6,8,12,64,66,67,76,83,84,100,102" m="48682" machi="6" ten="30,1500,0" yaku="18,1" doraHai="93" who="0" fromWho="0" sc="250,15,250,-5,250,-5,250,-5" /><INIT seed="0,1,0,1,3,58" ten="265,245,245,245" oya="0" hai0="50,45,40,74,63,67,26,37,77,85,133,25,132" hai1="72,54,98,2,69,15,86,41,135,70,62,134,108" hai2="56,106,89,115,109,114,12,118,38,88,102,44,28" hai3="75,24,35,39,36,76,0,121,55,110,80,111,104"/><T21/><D74/><U27/><E2/><V83/><F109/><N who="3" m="41483" /><G104/><T123/><D123/><U60/><E72/><V5/><F118/><W61/><G0/><T95/><D37/><U122/><E108/><V59/><F28/><N who="3" m="19847" /><G121/><T101/><D77/><U20/><E122/><V53/><F59/><AGARI ba="1,0" hai="36,39,55,59,61,75,76,80" m="19847,41483" machi="59" ten="30,2000,0" yaku="14,1,52,1" doraHai="58" who="3" fromWho="2" sc="265,0,245,0,245,-23,245,23" /><INIT seed="1,0,0,1,2,52" ten="265,245,222,268" oya="1" hai0="28,84,46,50,20,35,3,81,19,25,85,78,47" hai1="120,54,16,101,59,90,34,75,63,118,60,74,17" hai2="124,0,122,128,57,114,24,8,112,131,88,39,23" hai3="135,6,93,21,69,68,107,13,61,83,98,42,40"/><U94/><E118/><V62/><F39/><W4/><G107/><T95/><D3/><U106/><E34/><V48/><F48/><W73/><G135/><T53/><D35/><U91/><E120/><V43/><F43/><W10/><G4/><T104/><D104/><U58/><E106/><V45/><F45/><W103/><G21/><T121/><D121/><U38/><E38/><V77/><F122/><W18/><G6/><T64/><D64/><U123/><E123/><V32/><F32/><W102/><G102/><T5/><D5/><U86/><E101/><V108/><F77/><W111/><G111/><T22/><D47/><U89/><E89/><V130/><F8/><W51/><G51/><T76/><D95/><N who="1" m="54743" /><E75/><V133/><F0/><W15/><G69/><T71/><D71/><U33/><E74/><V99/><F124/><W134/><G134/><T97/><D97/><N who="1" m="57567" /><E33/><V14/><F108/><W70/><G103/><T115/><D115/><N who="2" m="44074" /><F133/><W127/><G127/><T29/><REACH who="0" step="1"/><D22/><REACH who="0" ten="255,245,222,268" step="2"/><U44/><E44/><V11/><F99/><W125/><G98/><T79/><D79/><U2/><E2/><V65/><F11/><W30/><G10/><T36/><D36/><U55/><AGARI ba="0,1" hai="16,17,54,55,58,59,60,63" m="57567,54743" machi="55" ten="30,11700,0" yaku="8,1,52,2,54,1" doraHai="52" who="1" fromWho="1" sc="255,-39,245,127,222,-39,268,-39" /><INIT seed="1,1,0,3,1,32" ten="216,372,183,229" oya="1" hai0="135,116,119,99,95,68,56,84,114,48,86,39,71" hai1="112,87,24,25,17,125,128,41,54,105,45,134,93" hai2="50,61,67,0,62,77,16,65,35,129,10,7,79" hai3="104,74,76,108,15,82,46,40,132,63,33,80,53"/><U37/><E105/><V106/><F35/><W2/><G33/><T14/><D39/><U88/><E112/><V4/><F129/><W123/><G104/><T36/><D36/><U127/><E128/><V72/><F106/><W89/><G108/><T64/><D114/><U3/><E134/><V94/><F72/><W130/><G130/><T20/><D135/><U109/><E109/><V6/><F50/><W29/><G29/><T133/><D133/><U8/><E54/><V92/><F0/><W81/><G2/><T120/><D120/><U21/><REACH who="1" step="1"/><E25/><REACH who="1" ten="216,362,183,229" step="2"/><V43/><F43/><W69/><G53/><T49/><D119/><U5/><AGARI ba="1,1" hai="3,5,8,17,21,24,37,41,45,87,88,93,125,127" machi="5" ten="30,12000,1" yaku="1,1,2,1,0,1,52,1,54,1,53,0" doraHai="32" doraHaiUra="78" who="1" fromWho="1" sc="216,-41,362,133,183,-41,229,-41" /><INIT seed="1,2,0,1,2,119" ten="175,495,142,188" oya="1" hai0="127,53,32,128,118,86,79,34,117,130,59,96,82" hai1="107,13,62,8,27,77,115,66,46,18,60,47,99" hai2="37,40,85,101,68,135,57,97,132,122,50,20,15" hai3="113,38,93,124,94,95,114,1,133,92,5,45,134"/><U55/><E115/><N who="3" m="44042" /><G1/><T52/><D127/><U51/><E77/><V31/><F68/><W131/><G5/><T41/><D41/><U25/><E47/><V44/><F122/><W89/><G45/><T88/><D53/><U91/><E62/><V16/><F85/><N who="3" m="52271" /><G38/><T81/><D32/><U10/><E10/><V69/><F69/><W6/><G6/><T63/><D34/><U121/><E121/><V105/><REACH who="2" step="1"/><F31/><REACH who="2" ten="175,495,132,188" step="2"/><W73/><G124/><T76/><D96/><U67/><E99/><V3/><F3/><W123/><G123/><T100/><D100/><U7/><E107/><V90/><F90/><W11/><G131/><N who="0" m="50219" /><D79/><U102/><E102/><V23/><F23/><W4/><G11/><T109/><D109/><U56/><E91/><V83/><F83/><W70/><G70/><T126/><D126/><U129/><E129/><V36/><F36/><W106/><G73/><AGARI ba="2,1" hai="52,59,63,73,76,81,82,86,88,117,118" m="50219" machi="73" ten="30,3900,0" yaku="19,1,54,2" doraHai="119" who="0" fromWho="3" sc="175,55,495,0,132,0,188,-45" /><INIT seed="2,0,0,4,4,91" ten="230,495,132,143" oya="2" hai0="18,60,99,43,65,83,9,27,33,123,121,72,112" hai1="106,87,5,49,124,25,2,135,127,41,74,0,3" hai2="46,7,81,52,108,6,111,109,1,20,45,12,102" hai3="103,125,61,70,21,122,29,67,69,101,126,119,37"/><V47/><F1/><W50/><G37/><T28/><D112/><U14/><E74/><V75/><F102/><W30/><G119/><T80/><D43/><U57/><E106/><V92/><F92/><W19/><G70/><T128/><D128/><U34/><E135/><V59/><F20/><W104/><G50/><T10/><D83/><U17/><E87/><V116/><F116/><W66/><G66/><T97/><D80/><U73/><E73/><V26/><F26/><W93/><G104/><T53/><D53/><U78/><E78/><N who="2" m="44255" /><F12/><W64/><G64/><T31/><D72/><U38/><E57/><V71/><F71/><W77/><G77/><T13/><D28/><N who="3" m="10857" /><G93/><T113/><D113/><U40/><E0/><V11/><F11/><W32/><G122/><T133/><D133/><U56/><E49/><AGARI ba="0,0" hai="6,7,45,46,47,49,52,59,108,109,111" m="44255" machi="49" ten="40,7700,0" yaku="14,1,10,1,54,1" doraHai="91" who="2" fromWho="1" sc="230,0,495,-77,132,77,143,0" /><INIT seed="2,1,0,2,4,100" ten="230,418,209,143" oya="2" hai0="45,74,88,54,12,25,70,61,31,122,27,24,85" hai1="107,93,73,15,116,0,51,130,53,119,129,127,29" hai2="117,35,52,18,10,65,131,81,121,37,20,132,94" hai3="50,49,102,41,112,62,19,96,55,78,36,46,123"/><V21/><F117/><W97/><G123/><T108/><D74/><U87/><E73/><V11/><F121/><W101/><G112/><T80/><D122/><U109/><E0/><V98/><F35/><W84/><G62/><T23/><D108/><U13/><E29/><V114/><F114/><W110/><G110/><T48/><D70/><U17/><E109/><V40/><F131/><N who="1" m="50185" /><E107/><V92/><F132/><W26/><G36/><T103/><D103/><N who="3" m="39433" /><G84/><T8/><REACH who="0" step="1"/><D61/><REACH who="0" ten="220,418,209,143" step="2"/><U1/><E119/><V63/><F63/><W120/><G120/><T111/><D111/><U83/><E116/><V44/><F94/><W99/><G78/><T58/><D58/><U47/><E93/><V69/><F92/><W14/><G26/><T79/><D79/><U126/><E126/><V56/><F56/><N who="3" m="32887" /><G99/><T91/><D91/><U9/><E127/><V57/><F98/><W89/><G89/><T64/><D64/><U135/><E135/><V133/><F65/><W3/><G3/><T113/><D113/><U28/><E1/><V22/><F133/><W4/><G4/><AGARI ba="1,1" hai="4,8,12,23,24,25,27,31,45,48,54,80,85,88" machi="4" ten="30,7700,0" yaku="1,1,7,1,8,1,54,1,53,0" doraHai="100" doraHaiUra="75" who="0" fromWho="3" sc="220,90,418,0,209,0,143,-80" /><INIT seed="3,0,0,5,1,85" ten="310,418,209,63" oya="3" hai0="128,113,130,30,1,6,89,57,118,29,112,79,21" hai1="62,60,2,64,115,69,72,51,10,81,84,3,54" hai2="32,46,5,105,70,134,36,107,12,95,23,66,38" hai3="135,42,116,117,27,45,83,102,17,18,98,53,68"/><W109/><G68/><T19/><D79/><U127/><E72/><V90/><F32/><W126/><G126/><T9/><D57/><U26/><E115/><N who="0" m="44105" /><D89/><U108/><E108/><V111/><F111/><W13/><G109/><T131/><D118/><U58/><E127/><V22/><F134/><W119/><G135/><T100/><D100/><U20/><E10/><V44/><F66/><W129/><G129/><T99/><D99/><U48/><E48/><V11/><F70/><W63/><G83/><T65/><D65/><U67/><E51/><V40/><F107/><W104/><G27/><AGARI ba="0,0" hai="1,6,9,19,21,27,29,30,128,130,131" m="44105" machi="27" ten="40,8000,1" yaku="19,1,11,1,34,2" doraHai="85" who="0" fromWho="3" sc="310,80,418,0,209,0,63,-80" owari="390,19.0,418,52.0,209,-19.0,-17,-52.0" /></mjloggm>