<mjloggm ver="2.3"><GO type="169" lobby="0"/><UN n0="%E3%82%A6%E3%83%AB%E3%83%88%E3%83%A9%E7%AB%8B%E7%9B%B4" n1="%E6%B0%B4%E5%93%89%E3%81%AE%E3%83%AC%E3%82%B8%E3%82%A7%E3%83%B3%E3%83%89" n2="%E9%88%B4%E4%BE%8D" n3="%E3%82%B7%E3%83%B3%E3%83%97%E3%83%AB%E3%81%AA%E3%83%AF%E3%82%AD%E3%82%AC" dan="18,17,17,19" rate="2222.52,2185.22,2149.51,2309.74" sx="M,M,M,M"/><TAIKYOKU oya="0"/><INIT seed="0,0,0,5,3,63" ten="250,250,250,250" oya="0" hai0="37,116,80,25,79,87,84,67,118,12,35,89,48" hai1="20,130,91,60,76,117,74,78,75,33,110,71,7" hai2="4,108,133,27,61,47,93,2,135,31,36,99,49" hai3="6,23,34,100,125,69,98,58,30,52,92,16,64"/><T102/><D37/><U107/><E117/><V65/><F36/><W131/><G6/><T94/><D12/><U105/><E33/><V39/><F39/><W8/><G8/><T54/><D102/><U72/><E7/><V45/><F108/><W73/><G73/><T134/><D134/><U88/><E110/><V104/><F2/><W122/><G131/><T40/><D40/><U112/><E130/><V101/><F4/><W106/><G125/><T46/><REACH who="0" step="1"/><D67/><REACH who="0" ten="240,250,250,250" step="2"/><U129/><E129/><V68/><F104/><W51/><G106/><T120/><D120/><U43/><E43/><V38/><F38/><W24/><G122/><T42/><D42/><U57/><E107/><V59/><F133/><W113/><G113/><T127/><D127/><U97/><E112/><V85/><F135/><W28/><REACH who="3" step="1"/><G34/><REACH who="3" ten="240,250,250,240" step="2"/><T77/><D77/><U96/><E105/><V126/><F126/><W44/><G44/><T90/><D90/><U114/><E114/><V132/><F132/><W17/><G17/><T14/><D14/><U15/><E78/><V62/><F45/><W115/><G115/><T1/><D1/><U128/><E76/><V83/><F47/><W32/><G32/><T95/><D95/><U119/><E128/><V18/><F18/><W81/><G81/><T9/><D9/><U11/><E11/><V3/><F3/><W66/><G66/><T70/><D70/><U55/><E71/><V13/><F13/><W124/><G124/><T5/><D5/><U82/><E82/><V86/><F83/><W123/><G123/><T22/><D22/><U19/><E20/><RYUUKYOKU ba="0,2" sc="240,15,250,-15,250,-15,240,15" hai0="25,35,46,48,54,79,80,84,87,89,94,116,118" hai3="16,23,24,28,30,51,52,58,64,69,92,98,100" /><INIT seed="0,1,2,0,5,114" ten="255,235,235,255" oya="0" hai0="72,78,32,21,93,23,36,51,111,90,1,64,24" hai1="62,13,6,45,94,73,61,101,63,86,58,110,96" hai2="87,55,107,38,117,79,65,80,18,34,17,113,130" hai3="124,30,92,42,19,75,132,100,122,125,4,26,25"/><T77/><D36/><U131/><E73/><V89/><F113/><W106/><G75/><T52/><D1/><U40/><E110/><V71/><F34/><W67/><G106/><T0/><D0/><U29/><E131/><V50/><F38/><W47/><G132/><T16/><D111/><U3/><E3/><V99/><F130/><W126/><G4/><T81/><D64/><U7/><E29/><V108/><F108/><W44/><G122/><T39/><D39/><U105/><E58/><V104/><F65/><W33/><G67/><T85/><D23/><U15/><E105/><V83/><F71/><W115/><G42/><T116/><D32/><U128/><E128/><V118/><F104/><W120/><G120/><T134/><D134/><U43/><E86/><V48/><F107/><W91/><G100/><T8/><D8/><N who="1" m="4247" /><E45/><V9/><F9/><AGARI ba="1,2" hai="7,9,15,40,43,61,62,63,94,96,101" m="4247" machi="9" ten="30,1000,0" yaku="8,1" doraHai="114" who="1" fromWho="2" sc="255,0,235,33,235,-13,255,0" /><INIT seed="1,0,0,5,3,24" ten="255,268,222,255" oya="1" hai0="129,86,3,124,43,0,64,22,115,105,106,20,100" hai1="5,67,49,14,128,25,1,48,118,132,130,76,53" hai2="87,110,126,59,61,72,37,39,88,33,107,21,30" hai3="13,27,65,11,78,94,62,32,44,77,31,55,47"/><U60/><E118/><V4/><F107/><W85/><G94/><T73/><D86/><U104/><E104/><V90/><F72/><W113/><G113/><T29/><D43/><U41/><E1/><V131/><F110/><W42/><G55/><T81/><D64/><U15/><E76/><V8/><F33/><W35/><G35/><T102/><D81/><U75/><E75/><V134/><F134/><W36/><G44/><T103/><D73/><U83/><E132/><V80/><F126/><W116/><G85/><T63/><D103/><U26/><E83/><V58/><F131/><N who="1" m="50217" /><E41/><V117/><F117/><W69/><REACH who="3" step="1"/><G116/><REACH who="3" ten="255,268,222,245" step="2"/><T68/><D129/><U71/><E48/><V38/><F37/><W111/><G111/><T101/><D106/><U34/><E34/><V120/><F38/><W122/><G122/><T74/><D105/><U99/><E99/><V119/><F39/><W50/><G50/><T16/><D74/><U96/><E96/><V2/><F119/><W98/><G98/><T79/><D115/><U70/><E49/><V127/><F120/><W57/><G57/><T10/><D124/><U12/><E53/><V54/><F59/><W121/><G121/><T45/><D45/><U19/><E70/><V66/><F127/><W28/><G28/><T89/><D29/><U52/><E52/><V17/><F30/><W97/><G97/><T123/><D68/><U93/><E93/><V92/><F54/><W51/><G51/><T9/><D123/><U7/><E19/><AGARI ba="0,1" hai="11,13,19,27,31,32,36,42,47,62,65,69,77,78" machi="19" ten="30,3900,0" yaku="1,1,7,1,52,1,53,0" doraHai="24" doraHaiUra="125" who="3" fromWho="1" sc="255,0,268,-39,222,0,245,49" /><INIT seed="2,0,0,2,0,54" ten="255,229,222,294" oya="2" hai0="69,18,12,58,104,35,76,10,50,23,56,32,36" hai1="105,77,66,123,79,53,37,34,101,72,38,13,92" hai2="93,120,3,102,15,124,108,57,91,131,6,84,73" hai3="96,30,16,63,31,26,98,9,89,39,81,67,78"/><V111/><F120/><W129/><G39/><T109/><D36/><U115/><E115/><V121/><F121/><W126/><G126/><T125/><D69/><U7/><E123/><V110/><F124/><W83/><G129/><T127/><D104/><U42/><E34/><V17/><F131/><W40/><G40/><T68/><D68/><U117/><E117/><V5/><F3/><W20/><G81/><T97/><D125/><U28/><E105/><V65/><F73/><W116/><G116/><T86/><D127/><U118/><E118/><V19/><F102/><W24/><G9/><T8/><D35/><U135/><E135/><V2/><F2/><W64/><G64/><T95/><D32/><U33/><E66/><V4/><REACH who="2" step="1"/><F15/><REACH who="2" ten="255,229,212,294" step="2"/><W1/><G1/><T107/><D12/><U132/><E13/><V133/><F133/><W88/><G26/><T51/><D107/><U55/><E72/><V21/><F21/><W94/><G20/><T25/><D10/><U99/><E132/><V46/><F46/><W119/><G24/><T48/><D8/><U52/><E33/><V114/><F114/><W85/><G119/><T47/><D47/><U113/><E113/><V60/><AGARI ba="0,1" hai="4,5,6,17,19,57,60,65,84,91,93,108,110,111" machi="60" ten="40,12000,1" yaku="1,1,0,1,14,1,10,1,52,1,53,0" doraHai="54" doraHaiUra="112" who="2" fromWho="2" sc="255,-40,229,-40,212,130,294,-40" /><INIT seed="2,1,0,3,3,2" ten="215,189,342,254" oya="2" hai0="5,34,13,116,12,43,129,69,130,88,40,117,60" hai1="46,48,30,35,52,105,78,29,55,113,122,27,26" hai2="95,109,38,67,51,110,106,33,22,44,65,71,86" hai3="135,126,84,101,15,98,134,128,72,131,56,123,64"/><V59/><F33/><W24/><G24/><T8/><D34/><U4/><E113/><V75/><F75/><W114/><G64/><T57/><D69/><U68/><E105/><V58/><F106/><N who="3" m="63799" /><G56/><N who="2" m="21545" /><F22/><W66/><G15/><T28/><D28/><U82/><E122/><V62/><F95/><W32/><G66/><N who="0" m="39183" /><D88/><U127/><E127/><V83/><F83/><W85/><G32/><T39/><D13/><U94/><E68/><V49/><F86/><N who="3" m="33387" /><G123/><T112/><D112/><U118/><E118/><N who="0" m="45673" /><D39/><U124/><E124/><V73/><F67/><W70/><G70/><T10/><D10/><U53/><E29/><V18/><F18/><W111/><G126/><T36/><D36/><U104/><E27/><V31/><F31/><W74/><G114/><T119/><N who="0" m="45681" /><T63/><DORA hai="14" /><D63/><U132/><E30/><V47/><F38/><W90/><G90/><T121/><D121/><U115/><E115/><V17/><F17/><W50/><G50/><T91/><D91/><U0/><E35/><V103/><F49/><W81/><G81/><T93/><D43/><U79/><E82/><V37/><F37/><W7/><G74/><T97/><D40/><U23/><E48/><V6/><F73/><W21/><G72/><T125/><D125/><U76/><E26/><V108/><F51/><W133/><G21/><T99/><D93/><U102/><E94/><V54/><F54/><W9/><G9/><T1/><D1/><U92/><E92/><V89/><F89/><W61/><G61/><T107/><D107/><U3/><E3/><V77/><F62/><W20/><G20/><RYUUKYOKU ba="1,0" sc="215,30,189,-10,342,-10,254,-10" hai0="5,8,12,97,99,129,130" /><INIT seed="3,2,0,3,5,72" ten="245,179,332,244" oya="3" hai0="43,27,33,134,65,133,6,4,106,91,57,111,122" hai1="89,86,59,30,115,114,85,84,93,8,75,35,36" hai2="39,11,79,55,17,42,129,7,40,97,74,110,132" hai3="0,101,94,25,12,108,24,109,23,41,113,117,124"/><W1/><G117/><T104/><D43/><U34/><E36/><V98/><F110/><N who="3" m="42603" /><G41/><T9/><D111/><U78/><E8/><V38/><F17/><N who="3" m="10663" /><G101/><T64/><D91/><U50/><E59/><V2/><F129/><W29/><G94/><T81/><D104/><U32/><E30/><V126/><F126/><W3/><G113/><T62/><D106/><U127/><E50/><V102/><F98/><W83/><G83/><T52/><D81/><U22/><E22/><V19/><F40/><W105/><G105/><T116/><D116/><U87/><REACH who="1" step="1"/><E127/><REACH who="1" ten="245,169,332,244" step="2"/><V128/><F38/><W120/><G124/><T28/><D4/><U123/><E123/><V107/><F7/><W47/><G47/><T118/><D122/><U69/><E69/><V13/><F39/><W88/><G120/><T21/><D21/><U10/><E10/><V45/><F11/><W56/><G56/><T49/><D118/><U100/><E100/><V112/><F102/><W46/><G46/><T82/><D9/><U66/><E66/><V71/><F45/><W51/><G51/><T5/><D6/><U103/><E103/><V20/><F71/><W37/><G37/><T44/><D5/><U96/><E96/><V77/><F97/><W15/><G29/><T31/><D31/><U95/><E95/><V60/><F107/><W70/><G70/><T121/><D121/><U63/><E63/><V58/><F60/><W90/><G15/><T18/><D65/><U68/><E68/><V80/><F13/><W54/><G54/><T92/><D52/><U131/><E131/><V14/><F55/><RYUUKYOKU ba="2,1" sc="245,-15,169,15,332,-15,244,15" hai1="32,34,35,75,78,84,85,86,87,89,93,114,115" hai3="0,1,3,24,25,88,90" /><INIT seed="3,3,1,1,5,116" ten="230,184,317,259" oya="3" hai0="31,23,30,120,115,63,43,121,90,88,68,42,128" hai1="113,48,56,37,14,97,25,126,55,106,69,20,112" hai2="18,29,52,36,99,107,75,12,9,59,21,81,124" hai3="129,80,96,108,44,5,35,66,85,93,4,125,32"/><W133/><G133/><T7/><D7/><U49/><E37/><V78/><F36/><W122/><G129/><T73/><D23/><U82/><E69/><V8/><F124/><W47/><G66/><T117/><D73/><U27/><E126/><V134/><F134/><W15/><G125/><T60/><D68/><U67/><E67/><V74/><F74/><W127/><G127/><T114/><REACH who="0" step="1"/><D128/><REACH who="0" ten="220,184,317,259" step="2"/><U100/><E113/><V58/><F29/><W123/><G4/><T104/><D104/><U105/><E105/><V24/><F107/><W77/><G35/><T62/><D62/><U87/><E112/><V102/><F8/><W57/><G32/><T41/><D41/><U26/><E14/><V64/><F9/><W53/><G5/><T132/><D132/><U10/><E10/><V2/><F12/><W19/><G15/><T28/><D28/><U94/><E106/><V13/><F13/><W119/><G19/><T111/><D111/><U118/><E118/><AGARI ba="3,2" hai="30,31,42,43,60,63,88,90,114,115,117,118,120,121" machi="118" ten="25,12000,2" yaku="1,1,22,2,52,2,54,1,53,0" doraHai="116" doraHaiUra="76" who="0" fromWho="1" sc="220,149,184,-129,317,0,259,0" /><INIT seed="4,0,0,1,4,37" ten="369,55,317,259" oya="0" hai0="113,29,67,119,134,112,96,4,6,82,53,14,55" hai1="54,129,66,70,123,20,21,13,75,0,69,52,2" hai2="58,60,22,110,85,24,108,16,65,76,12,41,86" hai3="44,48,106,40,99,38,135,116,103,125,5,133,118"/><T128/><D119/><U131/><E75/><V115/><F115/><N who="0" m="44106" /><D128/><N who="1" m="49227" /><E123/><V57/><F110/><W62/><G125/><T105/><D134/><N who="3" m="51209" /><G5/><N who="0" m="2155" /><D29/><U80/><E80/><V117/><F108/><W83/><G48/><T64/><D14/><U102/><E102/><V59/><F117/><N who="3" m="45163" /><G83/><T132/><D82/><U19/><E20/><V122/><F122/><W61/><AGARI ba="0,0" hai="38,40,44,61,62,99,103,106" m="45163,51209" machi="61" ten="40,2700,0" yaku="20,1,52,1" doraHai="37" who="3" fromWho="3" sc="369,-13,55,-7,317,-7,259,27" /><INIT seed="5,0,0,4,1,30" ten="356,48,310,286" oya="1" hai0="18,60,75,128,67,16,42,71,23,111,114,97,31" hai1="61,69,83,59,32,127,87,126,100,88,122,4,81" hai2="135,39,79,99,92,66,132,3,124,68,5,29,78" hai3="120,118,51,48,55,27,21,64,10,105,116,63,77"/><U34/><E122/><V8/><F39/><W115/><G120/><T2/><D75/><U70/><E4/><V52/><F124/><N who="1" m="47657" /><E100/><V38/><F38/><W28/><G105/><T129/><D2/><U14/><E14/><V40/><F40/><W107/><G107/><T49/><D111/><U131/><E131/><N who="0" m="50249" /><D97/><U22/><E22/><V108/><F108/><W45/><G77/><T89/><D89/><U109/><E109/><V94/><F29/><W12/><G51/><T54/><D42/><U95/><E95/><V58/><F66/><W74/><G74/><T119/><D119/><U6/><E6/><V85/><F68/><N who="1" m="26217" /><E83/><V56/><F56/><W19/><G115/><T98/><D114/><U104/><E104/><V62/><F92/><W47/><G47/><N who="0" m="27967" /><D98/><U90/><E90/><V121/><F121/><W82/><G82/><T123/><D123/><U102/><E102/><V46/><F46/><W53/><G53/><AGARI ba="0,0" hai="32,34,53,59,61,81,87,88" m="26217,47657" machi="53" ten="30,11600,0" yaku="18,1,52,2,54,1" doraHai="30" who="1" fromWho="3" sc="356,0,48,116,310,0,286,-116" /><INIT seed="5,1,0,3,2,26" ten="356,164,310,170" oya="1" hai0="50,111,19,80,49,74,118,120,134,59,93,12,83" hai1="81,3,54,86,63,116,127,36,88,130,133,39,29" hai2="104,98,71,32,108,46,35,114,92,95,109,67,87" hai3="57,4,27,60,10,84,135,14,28,121,17,47,5"/><U56/><E116/><V16/><F104/><W79/><G121/><T102/><D111/><U30/><E3/><V41/><F71/><W15/><G135/><T44/><D74/><U48/><E133/><V58/><F35/><W77/><G47/><T100/><D120/><U70/><E130/><V73/><F73/><W117/><G117/><T101/><D93/><U55/><E127/><V126/><F126/><W96/><G96/><T9/><D118/><U125/><E125/><V91/><F114/><W61/><G84/><T22/><D134/><U131/><E131/><V13/><F32/><W103/><G103/><T0/><D0/><U31/><REACH who="1" step="1"/><E70/><REACH who="1" ten="356,154,310,170" step="2"/><V7/><F109/><W34/><G60/><T24/><D59/><AGARI ba="1,1" hai="29,30,31,36,39,48,54,55,56,59,63,81,86,88" machi="59" ten="40,18000,2" yaku="1,1,2,1,52,3,54,1,53,0" doraHai="26" doraHaiUra="99" who="1" fromWho="0" sc="356,-183,154,193,310,0,170,0" /><INIT seed="5,2,0,4,1,72" ten="173,347,310,170" oya="1" hai0="114,50,0,42,59,17,37,85,33,4,44,93,118" hai1="56,13,69,8,1,73,84,91,75,111,130,12,52" hai2="71,125,61,134,97,58,31,21,68,110,99,109,23" hai3="6,82,94,14,47,43,7,18,38,57,20,35,41"/><U5/><E69/><V28/><F58/><W122/><G122/><T103/><D33/><U40/><E130/><V70/><F61/><W124/><G35/><T9/><D118/><U86/><E111/><V121/><F121/><W60/><G124/><T117/><D117/><U115/><E115/><V116/><F116/><W11/><G43/><T30/><D114/><U92/><E40/><V25/><F134/><W36/><G36/><T78/><D30/><U128/><E128/><V102/><F125/><W79/><G94/><T120/><D120/><U95/><E73/><V112/><F112/><W64/><REACH who="3" step="1"/><G11/><REACH who="3" ten="173,347,310,160" step="2"/><T100/><D93/><U83/><E92/><V66/><F109/><W55/><G55/><T62/><D37/><U34/><E34/><V29/><F110/><W106/><G106/><T26/><D103/><U76/><REACH who="1" step="1"/><E75/><AGARI ba="2,1" hai="6,7,14,18,20,38,41,47,57,60,64,75,79,82" machi="75" ten="30,3900,0" yaku="1,1,7,1,52,1,53,0" doraHai="72" doraHaiUra="67" who="3" fromWho="1" sc="173,0,347,-45,310,0,160,55" /><INIT seed="6,0,0,0,2,71" ten="173,302,310,215" oya="2" hai0="7,46,102,98,56,81,86,58,94,13,83,42,11" hai1="53,120,41,68,78,28,131,112,70,116,74,27,32" hai2="0,19,67,111,79,87,114,73,91,43,29,14,8" hai3="57,97,34,45,24,89,128,63,132,69,20,125,126"/><V44/><F111/><W64/><G132/><T60/><D60/><U124/><E116/><V82/><F114/><W119/><G119/><T123/><D123/><U54/><E112/><V3/><F29/><W99/><G34/><T31/><D31/><U15/><E120/><V2/><F67/><W76/><G128/><T107/><D107/><U25/><E131/><V40/><REACH who="2" step="1"/><F44/><REACH who="2" ten="173,302,300,215" step="2"/><W21/><G45/><T133/><D133/><U61/><E28/><V66/><F66/><W105/><G64/><T129/><D129/><U33/><E33/><V50/><F50/><W65/><G65/><T80/><REACH who="0" step="1"/><D86/><REACH who="0" ten="163,302,300,215" step="2"/><U9/><E32/><V35/><F35/><W118/><G118/><T106/><D106/><U85/><E85/><V17/><F17/><W6/><G105/><T93/><D93/><AGARI ba="0,2" hai="0,2,3,8,14,19,40,43,73,79,82,87,91,93" machi="93" ten="40,2000,0" yaku="1,1,53,0" doraHai="71" doraHaiUra="62" who="2" fromWho="0" sc="163,-20,302,0,300,40,215,0" /><INIT seed="6,1,0,1,1,17" ten="143,302,340,215" oya="2" hai0="101,39,109,32,124,46,7,35,28,106,105,44,78" hai1="92,94,3,96,122,91,60,49,135,53,99,80,55" hai2="116,9,103,15,76,41,51,43,30,10,1,113,83" hai3="100,18,126,36,26,84,86,33,12,127,50,107,65"/><V97/><F116/><W79/><G36/><T52/><D109/><U0/><E135/><V37/><F37/><W48/><G65/><T70/><D70/><U95/><E122/><V133/><F133/><W23/><G107/><T85/><D124/><N who="3" m="47657" /><G100/><T21/><D7/><U104/><E104/><V6/><F113/><W61/><G61/><T54/><D39/><U8/><E8/><V58/><F30/><N who="3" m="19671" /><G79/><T129/><D129/><U22/><E3/><V45/><F58/><W57/><G57/><T81/><D105/><U88/><E0/><V74/><F103/><W114/><G114/><T25/><D106/><U130/><E130/><V119/><F119/><W69/><G69/><T89/><D101/><U111/><E111/><V112/><F112/><W5/><G5/><T131/><D131/><U66/><E80/><V134/><F134/><W117/><G117/><T77/><D32/><U72/><E72/><V123/><F123/><W19/><G19/><T98/><D35/><U14/><E94/><V40/><F97/><W108/><G108/><T120/><D120/><U16/><E49/><AGARI ba="1,0" hai="12,18,23,48,49,50,84,86" m="19671,47657" machi="49" ten="30,2000,0" yaku="18,1,52,1" doraHai="17" who="3" fromWho="1" sc="143,0,302,-23,340,0,215,23" /><INIT seed="7,0,0,1,0,4" ten="143,279,340,238" oya="3" hai0="45,62,49,103,90,67,135,35,10,120,31,16,124" hai1="123,108,78,85,57,132,17,73,118,54,86,8,114" hai2="133,88,63,14,68,98,23,15,51,131,105,24,89" hai3="100,44,75,11,80,41,106,53,42,56,83,101,0"/><W130/><G130/><T61/><D120/><U32/><E32/><V34/><F131/><W72/><G106/><T37/><D37/><U12/><E108/><V76/><F76/><W55/><G56/><T58/><D124/><U3/><E123/><V27/><F51/><W5/><G5/><T97/><D135/><U39/><E39/><V1/><F1/><W127/><G0/><T81/><D35/><U107/><E107/><V92/><F133/><W112/><G112/><T65/><D31/><U28/><E28/><V66/><F105/><W77/><G77/><T93/><D81/><U25/><E3/><V129/><F129/><W79/><G79/><T104/><D104/><U29/><E118/><V50/><F89/><W21/><G21/><T52/><D90/><U40/><E78/><V119/><F119/><W82/><G82/><T115/><D115/><U122/><E122/><V47/><F27/><W18/><G18/><T109/><D109/><U20/><E114/><V6/><F6/><W110/><G110/><T59/><D10/><U121/><E121/><V125/><F125/><W48/><G11/><T126/><D126/><U116/><E116/><V71/><F34/><W102/><G102/><T74/><D74/><U117/><E73/><V7/><F7/><W128/><G128/><T87/><D87/><U64/><E117/><V9/><F9/><W60/><G127/><T36/><D36/><U43/><E132/><V134/><F134/><W113/><G113/><T38/><D38/><U22/><E8/><V46/><F23/><W94/><G75/><T84/><D84/><RYUUKYOKU ba="0,0" sc="143,30,279,-10,340,-10,238,-10" hai0="16,45,49,52,58,59,61,62,65,67,93,97,103" owari="173,-33.0,269,7.0,330,43.0,228,-17.0" /></mjloggm>