<mjloggm ver="2.3"><GO type="169" lobby="0"/><UN n0="%67%63%40%E6%BF%80%E8%BE%9B" n1="%E3%83%88%E3%83%88%E3%83%AA%E5%85%88%E7%94%9F%31%39%E6%AD%B3" n2="%3D%E5%A4%A2%E4%B9%83%E3%83%9E%E3%83%9B%3D" n3="%E3%81%B4%E3%81%93%E3%82%8A%E3%82%93%4F%5A" dan="18,19,16,18" rate="2243.09,2283.98,2114.62,2347.88" sx="M,F,F,M"/><TAIKYOKU oya="0"/><INIT seed="0,0,0,3,4,16" ten="250,250,250,250" oya="0" hai0="20,109,125,127,104,61,108,98,26,118,94,116,105" hai1="97,48,110,68,49,7,24,86,19,5,41,10,39" hai2="99,32,29,90,115,35,107,17,18,122,100,59,44" hai3="77,82,37,128,25,62,15,102,117,92,111,91,93"/><T135/><D61/><U36/><E68/><V60/><F122/><W64/><G37/><T123/><D123/><U76/><E110/><N who="0" m="42601" /><D135/><U124/><E124/><N who="0" m="47689" /><D118/><U11/><E39/><V85/><F44/><W58/><G128/><T2/><D2/><U83/><E36/><V43/><F43/><W121/><G117/><T38/><D38/><U65/><E65/><V57/><F57/><W40/><G40/><T45/><D45/><U80/><E41/><V88/><F90/><W3/><G3/><T70/><D70/><U53/><E48/><V69/><F69/><W120/><G111/><T52/><D52/><U28/><E49/><V134/><F115/><W42/><G42/><T13/><D13/><U63/><E63/><V8/><F134/><W33/><G15/><T114/><D114/><U95/><E53/><V4/><F35/><W30/><G120/><T31/><D116/><U103/><E5/><V67/><F29/><W47/><G47/><T34/><D34/><U6/><E19/><V132/><F32/><W112/><G112/><T72/><D72/><U50/><E50/><V27/><F27/><W119/><G119/><T12/><D12/><U9/><E24/><V131/><F132/><W51/><G51/><T55/><D55/><U75/><E28/><V46/><F46/><W133/><G133/><T79/><D79/><U96/><E7/><V23/><F4/><W126/><G126/><T113/><D113/><U101/><E6/><V71/><F71/><W81/><G121/><T66/><D66/><U106/><E75/><V22/><F67/><W0/><G64/><RYUUKYOKU ba="0,0" sc="250,15,250,15,250,-15,250,-15" hai0="20,26,31,94,98,104,105" hai1="9,10,11,76,80,83,86,95,96,97,101,103,106" /><INIT seed="0,1,0,0,4,2" ten="265,265,235,235" oya="0" hai0="38,76,133,94,89,54,52,20,79,60,69,4,28" hai1="68,85,17,105,11,119,53,74,56,59,92,72,109" hai2="115,93,70,24,42,95,130,102,107,7,45,127,125" hai3="46,84,104,116,19,98,103,66,10,91,18,48,15"/><T67/><D38/><U8/><E119/><V78/><F115/><W62/><G116/><T112/><D112/><U41/><E105/><V61/><F78/><W57/><G84/><T128/><D128/><U9/><E68/><V131/><F107/><W81/><G81/><T99/><D133/><U82/><E109/><V126/><F24/><W27/><G27/><T6/><D79/><U123/><E123/><V5/><F70/><W37/><G37/><T86/><D28/><U30/><E41/><V77/><F61/><W1/><G1/><T47/><D20/><U135/><E135/><V88/><F102/><W39/><G39/><T134/><D134/><U31/><E74/><V34/><F34/><W49/><G49/><T44/><D67/><U110/><E110/><V33/><F33/><W23/><G91/><T90/><D76/><N who="1" m="46279" /><E72/><V26/><F26/><W87/><G87/><T108/><D69/><U113/><E92/><N who="2" m="35403" /><F88/><W14/><G14/><T129/><D129/><N who="2" m="49162" /><F77/><W0/><G0/><T13/><D108/><U114/><E114/><V83/><F83/><W50/><G104/><T55/><D60/><N who="1" m="35855" /><E17/><V124/><F124/><W106/><G18/><T73/><D73/><U111/><E111/><V120/><F120/><W51/><REACH who="3" step="1"/><G23/><REACH who="3" ten="265,265,235,225" step="2"/><T101/><D90/><U3/><E113/><V21/><F21/><W36/><G36/><AGARI ba="1,1" hai="5,7,36,42,45,125,126,127" m="49162,35403" machi="36" ten="40,8000,1" yaku="18,1,19,1,52,2" doraHai="2" who="2" fromWho="3" sc="265,0,265,0,235,93,225,-83" /><INIT seed="1,0,0,1,2,44" ten="265,265,328,142" oya="1" hai0="91,54,116,102,39,134,73,72,90,60,93,129,62" hai1="132,70,51,122,83,113,128,82,69,71,104,68,85" hai2="9,24,36,94,96,110,6,22,125,61,120,35,57" hai3="112,133,28,115,80,56,63,108,25,46,37,32,131"/><U29/><E113/><V53/><F110/><W64/><G80/><T99/><D116/><U8/><E122/><V20/><F125/><W78/><G78/><T23/><D39/><U43/><E104/><V123/><F35/><W17/><G108/><T7/><D129/><U130/><E132/><V97/><F36/><W124/><G124/><T121/><D121/><U16/><E29/><V3/><F96/><W81/><G131/><N who="1" m="50218" /><E71/><V1/><F1/><W41/><G133/><T5/><D134/><U48/><E43/><V107/><F107/><W14/><REACH who="3" step="1"/><G81/><REACH who="3" ten="265,265,328,132" step="2"/><N who="1" m="30730" /><E85/><V26/><F120/><W4/><G4/><T126/><D5/><U118/><E118/><V19/><F123/><W119/><G119/><T34/><D7/><U58/><E58/><V135/><F135/><W52/><G52/><T86/><D54/><U114/><E114/><V88/><F6/><W13/><G13/><AGARI ba="0,1" hai="8,13,16,48,51,68,69,70" m="30730,50218" machi="13" ten="40,12000,1" yaku="19,1,52,2,54,1" doraHai="44" who="1" fromWho="3" sc="265,0,265,130,328,0,132,-120" /><INIT seed="1,1,0,2,5,130" ten="265,395,328,12" oya="1" hai0="31,60,107,124,25,95,103,108,85,98,37,36,129" hai1="27,120,41,105,82,50,39,110,87,48,106,14,11" hai2="1,68,114,5,100,10,128,35,132,28,9,8,0" hai3="55,53,70,57,115,64,42,88,118,84,17,75,13"/><U7/><E120/><V116/><F68/><W38/><G75/><T72/><D129/><U81/><E39/><V30/><F128/><W73/><G73/><T94/><D94/><U93/><E110/><V76/><F116/><W6/><G115/><T96/><D96/><U99/><E105/><V79/><F114/><W121/><G121/><T20/><D108/><U34/><E106/><V66/><F66/><W119/><G6/><T12/><D124/><U74/><E41/><V123/><F123/><W29/><G29/><T3/><D3/><U32/><E74/><V125/><F100/><W111/><G111/><T59/><D12/><U126/><E126/><V104/><F104/><W33/><G33/><T51/><D51/><U19/><E34/><V40/><F9/><W49/><G55/><T97/><D85/><U65/><E65/><V22/><F22/><W102/><G102/><T71/><D71/><U122/><E122/><V2/><F2/><W21/><G42/><T91/><D72/><U52/><E87/><V89/><F5/><W90/><G38/><T54/><AGARI ba="1,0" hai="20,25,31,36,37,54,59,60,91,95,97,98,103,107" machi="54" ten="20,1500,0" yaku="0,1,7,1" doraHai="130" who="0" fromWho="0" sc="265,18,395,-8,328,-5,12,-5" /><INIT seed="2,0,0,0,2,6" ten="283,387,323,7" oya="2" hai0="46,129,116,28,90,112,61,108,49,79,122,18,127" hai1="2,135,120,109,95,126,26,94,93,125,59,96,111" hai2="48,64,60,17,128,106,11,121,51,53,47,42,110" hai3="119,57,70,86,131,5,0,124,134,14,72,130,10"/><V82/><F121/><W34/><G70/><T50/><D122/><U87/><E2/><V45/><F106/><W23/><G72/><T27/><D112/><U66/><E120/><V88/><F128/><N who="3" m="49195" /><G86/><T35/><D129/><U105/><E26/><V67/><F110/><N who="1" m="41993" /><E66/><V98/><F60/><W13/><G119/><T16/><D108/><U101/><E59/><V81/><F81/><W3/><G34/><T132/><D116/><U56/><E56/><V32/><F32/><W15/><G57/><T102/><D61/><U1/><E1/><N who="3" m="586" /><G134/><T91/><D79/><U77/><E135/><V58/><F58/><W97/><G124/><N who="1" m="47722" /><E77/><V7/><F7/><W44/><G44/><T37/><D127/><U117/><E117/><V85/><F98/><W63/><G63/><T9/><D132/><U4/><E4/><V78/><F78/><W41/><G41/><T80/><D46/><U69/><E69/><V114/><F114/><W36/><G36/><T73/><D37/><U22/><E22/><V24/><F24/><W39/><G39/><T113/><D27/><U62/><E62/><V43/><F43/><W99/><G14/><AGARI ba="0,0" hai="11,14,17,42,45,47,48,51,53,64,67,82,85,88" machi="14" ten="40,12000,1" yaku="25,2,8,1,52,1,54,1" doraHai="6" who="2" fromWho="3" sc="283,0,387,0,323,120,7,-120" owari="283,-12.0,387,19.0,443,54.0,-113,-61.0" /></mjloggm>