<mjloggm ver="2.3"><GO type="169" lobby="0"/><UN n0="%E3%83%88%E3%83%88%E3%83%AA%E5%85%88%E7%94%9F%31%39%E6%AD%B3" n1="%67%63%40%E6%BF%80%E8%BE%9B" n2="%E7%8E%A9%E5%80%8B%4A%42" n3="%E3%81%B5%E3%81%8C%E3%81%84%E3%81%AA%E3%81%84%E3%82%84" dan="19,18,16,18" rate="2359.25,2227.60,2073.75,2288.97" sx="F,M,M,M"/><TAIKYOKU oya="0"/><INIT seed="0,0,0,4,4,0" ten="250,250,250,250" oya="0" hai0="53,46,83,85,87,129,90,37,107,102,15,59,105" hai1="65,48,118,115,50,98,20,27,69,13,40,133,88" hai2="68,78,100,130,121,99,113,35,56,112,39,45,104" hai3="109,5,3,64,81,127,17,55,124,2,11,47,72"/><T25/><D129/><U36/><E118/><V135/><F121/><W67/><G109/><T125/><D125/><N who="3" m="48201" /><G2/><T86/><D25/><U44/><E133/><V16/><F135/><W91/><G17/><T117/><D117/><U26/><E115/><V131/><F35/><W119/><G119/><T97/><D105/><U30/><E13/><V134/><F134/><W79/><G91/><T106/><D106/><U52/><E69/><V60/><F78/><W93/><G93/><T114/><D114/><U41/><E65/><N who="2" m="40999" /><F16/><W42/><G55/><T34/><D34/><U122/><E122/><V92/><F92/><W132/><G132/><T14/><D14/><U29/><E36/><AGARI ba="0,0" hai="3,5,11,36,42,47,64,67,72,79,81" m="48201" machi="36" ten="30,3900,0" yaku="25,1,18,1,52,1" doraHai="0" who="3" fromWho="1" sc="250,0,250,-39,250,0,250,39" /><INIT seed="1,0,0,0,3,80" ten="250,211,250,289" oya="1" hai0="120,130,82,86,110,78,4,131,53,58,81,135,38" hai1="44,16,119,63,9,111,59,126,133,61,127,54,37" hai2="26,85,122,66,51,71,13,132,128,118,108,92,50" hai3="89,100,17,114,103,30,31,24,106,27,67,47,36"/><U8/><E119/><V115/><F118/><W1/><G114/><T68/><D68/><U73/><E73/><V49/><F122/><W41/><G1/><T56/><D38/><U46/><E133/><V34/><F132/><W25/><G67/><T90/><D135/><U87/><E111/><V101/><F108/><W0/><G0/><T39/><D110/><U22/><E63/><V113/><F13/><W15/><G89/><T52/><D39/><U104/><E104/><V83/><F128/><N who="0" m="49194" /><D4/><U21/><E21/><V99/><F66/><W42/><G42/><T76/><D120/><U69/><E69/><V79/><REACH who="2" step="1"/><F71/><REACH who="2" ten="250,211,240,289" step="2"/><W48/><G15/><T107/><D107/><U88/><E126/><V2/><F2/><W105/><G106/><T74/><D78/><U95/><E127/><V94/><F94/><W19/><G105/><T43/><D43/><U20/><E20/><V57/><F57/><AGARI ba="0,1" hai="52,53,56,57,58,74,76,81,82,86,90" m="49194" machi="57" ten="30,3900,0" yaku="19,1,52,1,54,1" doraHai="80" who="0" fromWho="2" sc="250,49,211,0,240,-39,289,0" /><INIT seed="2,0,0,3,4,58" ten="299,211,201,289" oya="2" hai0="84,23,35,77,74,71,97,131,28,37,73,8,31" hai1="125,81,25,10,118,99,2,3,45,12,4,22,122" hai2="70,44,90,113,5,18,62,132,126,106,63,72,103" hai3="121,19,107,32,34,65,0,54,89,96,76,91,102"/><V59/><F113/><W1/><G121/><T104/><D37/><U47/><E118/><V30/><F72/><W105/><G76/><T128/><D35/><U9/><E122/><V17/><F44/><W7/><G19/><T43/><D43/><U127/><E99/><V26/><F5/><W36/><G36/><T46/><D46/><U87/><E47/><V42/><F42/><W66/><G54/><T80/><D71/><U20/><E45/><V117/><F90/><W55/><G55/><T48/><D48/><U53/><E53/><N who="2" m="34159" /><F117/><W111/><G96/><T49/><D49/><U78/><E22/><V101/><F101/><W83/><G102/><N who="0" m="62543" /><D8/><U82/><E82/><V110/><F132/><W33/><G83/><T79/><D23/><U88/><E78/><V60/><F60/><W21/><G21/><T75/><D79/><U39/><E39/><V134/><F134/><W38/><G38/><T29/><D84/><U56/><E56/><V124/><F110/><W68/><G34/><T41/><D41/><U67/><E67/><N who="2" m="41343" /><F103/><W24/><G68/><T114/><D114/><U52/><E52/><V93/><F93/><W69/><G69/><T135/><D135/><U86/><E86/><V40/><F40/><W109/><G7/><T119/><D119/><U51/><E51/><V6/><F106/><W115/><G115/><T130/><AGARI ba="0,0" hai="28,29,31,73,74,75,77,80,128,130,131" m="62543" machi="130" ten="40,1500,0" yaku="19,1" doraHai="58" who="0" fromWho="0" sc="299,15,211,-4,201,-7,289,-4" /><INIT seed="3,0,0,3,1,53" ten="314,207,194,285" oya="3" hai0="77,55,121,78,101,21,91,87,20,59,31,72,34" hai1="67,90,75,81,25,11,63,73,33,98,122,27,124" hai2="82,40,129,52,13,85,60,94,105,102,54,62,48" hai3="66,110,12,17,89,115,96,32,1,106,15,2,130"/><W123/><G115/><T41/><D121/><U61/><E122/><V74/><F129/><W71/><G123/><T19/><D72/><U70/><E124/><V30/><F105/><W7/><G130/><T119/><D119/><U47/><E11/><V35/><F74/><W83/><G32/><T51/><D34/><U113/><E113/><V69/><F69/><W76/><G110/><T65/><D101/><U39/><E98/><N who="2" m="59735" /><F35/><W26/><G26/><N who="0" m="16847" /><D65/><U112/><E112/><V9/><F30/><W97/><G106/><T5/><D41/><U95/><E95/><V127/><F127/><W80/><G71/><T23/><D5/><U126/><E63/><V49/><F40/><W100/><G100/><T45/><D45/><U79/><E90/><N who="2" m="51511" /><F49/><W107/><G107/><T109/><D23/><U131/><E131/><V44/><F54/><W125/><G66/><T93/><D109/><U6/><E126/><V128/><F128/><W22/><G125/><T88/><D91/><U4/><E73/><V10/><F10/><N who="3" m="4191" /><G1/><T0/><D0/><U108/><E108/><V117/><F117/><W36/><G36/><T50/><D50/><U120/><E120/><V135/><F135/><W38/><G38/><T92/><D92/><U46/><E39/><V99/><F99/><N who="3" m="37963" /><G2/><T8/><D8/><U16/><E33/><V37/><F37/><W14/><G89/><T134/><D134/><U24/><E70/><V111/><F111/><W118/><G118/><T86/><D86/><U18/><E75/><V42/><F42/><W68/><G68/><T58/><D93/><U57/><E67/><RYUUKYOKU ba="0,0" sc="314,-10,207,-10,194,30,285,-10" hai2="9,13,44,48,52,60,62" /><INIT seed="4,1,0,0,4,100" ten="304,197,224,275" oya="0" hai0="92,113,5,30,98,60,123,13,18,93,81,118,3" hai1="70,50,14,120,17,108,35,52,37,65,34,84,29" hai2="91,77,78,87,135,39,28,46,31,64,47,63,105" hai3="129,106,83,124,82,133,114,61,16,102,40,103,11"/><T85/><D123/><U128/><E108/><V131/><F131/><W0/><G40/><T51/><D118/><U53/><E120/><V2/><F2/><W72/><G129/><T22/><D113/><U12/><E37/><V26/><F105/><W71/><G114/><T43/><D3/><U112/><E112/><V41/><F47/><W21/><G133/><T20/><D5/><U44/><E128/><V32/><F31/><W95/><G124/><T1/><D1/><U132/><E132/><V56/><REACH who="2" step="1"/><F135/><REACH who="2" ten="304,197,214,275" step="2"/><W57/><G106/><T130/><D30/><U4/><E29/><V36/><F36/><W76/><G0/><T126/><D130/><U88/><E35/><V89/><F89/><W15/><G103/><T9/><D126/><U27/><E34/><V104/><F104/><W67/><G102/><N who="0" m="60743" /><D93/><AGARI ba="1,1" hai="26,28,32,39,41,46,56,63,64,77,78,87,91,93" machi="93" ten="30,2000,0" yaku="1,1,7,1,53,0" doraHai="100" doraHaiUra="127" who="2" fromWho="0" sc="304,-23,197,0,214,33,275,0" /><INIT seed="5,0,0,0,5,44" ten="281,197,247,275" oya="1" hai0="40,0,69,119,89,107,77,115,46,109,87,73,67" hai1="13,45,86,66,95,93,68,94,120,110,112,38,15" hai2="51,91,117,101,131,84,54,16,126,103,12,122,14" hai3="71,60,130,128,49,92,29,33,59,79,37,108,34"/><U72/><E120/><V124/><F117/><W31/><G108/><T65/><D109/><U21/><E110/><V111/><F131/><N who="3" m="50219" /><G37/><T113/><D119/><U106/><E72/><V28/><F122/><W55/><G79/><T39/><D107/><U58/><E106/><V81/><F28/><N who="3" m="10827" /><G92/><N who="0" m="54335" /><D0/><U24/><E68/><V26/><F111/><W61/><G71/><T129/><D69/><U30/><E112/><N who="0" m="43081" /><D129/><U76/><E38/><V41/><F41/><W27/><G27/><T48/><D39/><U32/><E32/><AGARI ba="0,0" hai="32,33,34,49,55,59,60,61" m="10827,50219" machi="32" ten="30,2000,0" yaku="19,1,52,1" doraHai="44" who="3" fromWho="1" sc="281,0,197,-20,247,0,275,20" /><INIT seed="6,0,0,0,4,42" ten="281,177,247,295" oya="2" hai0="39,56,130,54,50,65,33,84,23,109,108,8,105" hai1="53,116,70,48,89,16,77,114,104,110,6,12,82" hai2="11,101,81,4,22,120,71,93,18,86,135,83,91" hai3="121,58,44,97,3,7,26,102,85,132,111,57,99"/><V19/><F120/><W74/><G121/><T123/><D123/><U133/><E116/><V134/><F71/><W9/><G111/><T127/><D33/><U88/><E114/><V14/><F19/><W30/><G74/><T62/><D105/><U129/><E129/><V128/><F128/><W37/><G132/><T63/><D130/><U131/><E133/><N who="2" m="50699" /><F101/><W79/><G79/><T92/><D39/><U1/><E110/><V61/><F61/><W43/><G85/><T59/><D127/><U38/><E38/><V80/><F93/><W10/><G10/><T124/><D124/><U40/><E40/><V119/><F119/><W87/><G87/><T52/><D8/><U20/><E70/><V2/><AGARI ba="0,0" hai="2,4,11,14,18,22,80,81,83,86,91" m="50699" machi="2" ten="30,1500,0" yaku="20,1" doraHai="42" who="2" fromWho="2" sc="281,-5,177,-5,247,15,295,-5" /><INIT seed="6,1,0,5,5,103" ten="276,172,262,290" oya="2" hai0="135,116,60,45,6,47,59,95,51,98,16,0,86" hai1="30,29,104,107,4,108,118,39,85,36,63,50,99" hai2="13,87,128,66,10,54,32,65,7,129,131,12,75" hai3="42,126,68,125,11,90,53,9,119,76,38,52,74"/><V3/><F75/><W27/><G119/><T37/><D116/><U97/><E118/><V33/><F54/><W48/><G68/><T122/><D122/><U106/><E85/><V117/><F87/><W14/><G38/><N who="1" m="14378" /><E50/><V111/><F117/><W72/><G27/><T73/><D135/><U1/><E63/><V26/><F111/><W46/><G90/><T115/><D115/><U79/><E108/><V18/><F66/><W28/><G28/><N who="1" m="10858" /><E4/><V100/><F100/><W91/><G91/><N who="0" m="55679" /><D73/><N who="3" m="28265" /><G76/><T112/><D112/><U132/><E79/><V134/><F65/><W61/><G61/><T96/><D37/><U34/><E132/><V15/><F134/><W62/><G62/><T130/><D96/><N who="1" m="36939" /><E1/><V113/><F113/><W121/><G121/><T69/><D6/><U80/><E80/><V114/><F114/><W105/><G53/><N who="0" m="33903" /><D69/><U5/><E5/><V35/><F26/><W19/><G52/><N who="0" m="29807" /><D0/><U44/><E44/><V82/><REACH who="2" step="1"/><F82/><REACH who="2" ten="276,172,252,290" step="2"/><W71/><G71/><T41/><D86/><U109/><E109/><V94/><F94/><W58/><G58/><T88/><D47/><U20/><E20/><AGARI ba="1,1" hai="3,7,10,12,13,15,18,20,32,33,35,128,129,131" machi="20" ten="50,12000,1" yaku="1,1,19,1,34,3,53,0" doraHai="103" doraHaiUra="64" who="2" fromWho="1" sc="276,0,172,-123,252,133,290,0" /><INIT seed="6,2,0,2,1,57" ten="276,49,385,290" oya="2" hai0="8,83,100,74,75,113,11,55,26,116,115,44,43" hai1="91,46,4,82,135,3,62,97,51,63,101,107,48" hai2="52,10,76,17,114,0,30,47,41,126,127,33,99" hai3="42,98,59,108,120,77,110,18,7,36,56,24,106"/><V89/><F76/><W80/><G120/><T102/><D26/><U72/><E135/><V54/><F114/><N who="0" m="43530" /><D55/><U19/><E51/><V25/><F99/><W131/><G7/><T117/><D83/><U122/><E122/><V58/><F89/><W66/><G36/><T69/><D69/><U109/><E109/><V84/><F84/><W94/><G106/><T68/><D68/><U79/><E19/><V71/><F71/><W15/><G42/><T5/><D43/><U27/><E27/><V130/><F130/><W37/><G37/><T61/><D61/><U22/><E22/><V81/><F81/><W20/><G131/><T49/><D49/><U13/><E3/><V96/><F96/><W1/><G1/><T67/><D67/><U60/><E91/><V123/><F123/><W39/><G39/><T2/><D44/><U105/><E105/><V128/><F128/><W73/><G66/><T16/><D16/><U86/><E72/><N who="0" m="27689" /><D8/><U92/><E107/><V70/><F70/><W34/><G110/><T21/><D21/><U31/><E31/><V129/><F129/><W124/><G108/><T6/><D6/><U119/><E119/><AGARI ba="2,0" hai="2,5,11,100,102,116,117,119" m="27689,43530" machi="119" ten="40,2600,0" yaku="12,1,15,1" doraHai="57" who="0" fromWho="1" sc="276,32,49,-32,385,0,290,0" /><INIT seed="7,0,0,0,4,45" ten="308,17,385,290" oya="3" hai0="126,96,11,31,78,123,64,124,32,25,51,3,18" hai1="85,16,71,89,108,49,24,72,53,75,26,61,5" hai2="99,17,9,133,120,109,113,38,134,79,30,0,76" hai3="121,84,46,87,88,6,128,101,56,21,41,103,107"/><W57/><G121/><T36/><D123/><U110/><E16/><V20/><F109/><W27/><G128/><T7/><D36/><U54/><E85/><V116/><F116/><W28/><G87/><T81/><D64/><U60/><E89/><V115/><F30/><W117/><G117/><T130/><D130/><U119/><E5/><N who="2" m="1191" /><F99/><W63/><G6/><T4/><D4/><U122/><E119/><V29/><F29/><W42/><G57/><T58/><D96/><U59/><E122/><V104/><F104/><W67/><G107/><T8/><D8/><U66/><E26/><N who="2" m="14607" /><F38/><W15/><G15/><T37/><D37/><U94/><E94/><V1/><F1/><W97/><G97/><T48/><D18/><U40/><E24/><V135/><F120/><W102/><REACH who="3" step="1"/><G46/><REACH who="3" ten="308,17,385,280" step="2"/><T112/><D112/><AGARI ba="0,1" hai="76,79,112,113,115,133,134,135" m="14607,1191" machi="112" ten="40,2600,0" yaku="15,1,20,1" doraHai="45" who="2" fromWho="0" sc="308,-26,17,0,385,36,280,0" owari="282,8.0,17,-48.0,421,52.0,280,-12.0" /></mjloggm>