<mjloggm ver="2.3"><GO type="169" lobby="0"/><UN n0="%E3%83%88%E3%83%88%E3%83%AA%E5%85%88%E7%94%9F%31%39%E6%AD%B3" n1="%E3%82%80%E3%81%8D%E3%81%A3%E3%81%A1" n2="%E3%82%88%E3%82%8B%E3%81%8C%E3%81%9F" n3="%6E%61%72%61%6A%69%6E%6E" dan="19,17,16,16" rate="2326.98,2216.29,2165.89,2136.00" sx="F,M,M,M"/><TAIKYOKU oya="0"/><INIT seed="0,0,0,1,2,98" ten="250,250,250,250" oya="0" hai0="96,101,107,55,19,103,41,113,122,118,116,44,61" hai1="112,5,27,132,135,35,51,94,131,39,81,128,13" hai2="68,123,79,22,115,20,6,102,4,47,34,126,24" hai3="130,30,95,117,93,119,15,74,66,43,76,109,125"/><T9/><D113/><U40/><E39/><V1/><F68/><W91/><G109/><T72/><D122/><U29/><E112/><V129/><F123/><W63/><G125/><T92/><D72/><U106/><E106/><V114/><F79/><W26/><G130/><N who="1" m="49706" /><E81/><V97/><F129/><W89/><G43/><T25/><D107/><U100/><E51/><V57/><F47/><W12/><G76/><T67/><D55/><U28/><E40/><V0/><F57/><W60/><G74/><T111/><D111/><U36/><E36/><V21/><F126/><W71/><G60/><T17/><D103/><U50/><E50/><V70/><F70/><W45/><G45/><T62/><D62/><U16/><E5/><N who="2" m="2155" /><F97/><W73/><G73/><T7/><D118/><U65/><E65/><V88/><F102/><W84/><G119/><T75/><D116/><U54/><E54/><V86/><F88/><W49/><G49/><T10/><D75/><U83/><E83/><V105/><F86/><W38/><G38/><T46/><D7/><U77/><E77/><V90/><F90/><W32/><REACH who="3" step="1"/><G117/><REACH who="3" ten="250,250,250,240" step="2"/><T48/><D46/><U110/><E110/><V53/><F115/><W14/><G14/><T120/><D120/><U23/><E29/><N who="2" m="19751" /><F114/><W3/><G3/><N who="2" m="1097" /><F105/><W8/><G8/><N who="0" m="3179" /><D61/><U124/><E124/><V64/><F53/><W59/><G59/><T104/><D67/><U108/><E108/><V33/><F64/><W85/><AGARI ba="0,1" hai="12,15,26,30,32,63,66,71,84,85,89,91,93,95" machi="85" ten="20,5200,0" yaku="1,1,0,1,7,1,9,1,53,0" doraHai="98" doraHaiUra="133" who="3" fromWho="3" sc="250,-26,250,-13,250,-13,240,62" /><INIT seed="1,0,0,5,1,70" ten="224,237,237,302" oya="1" hai0="43,75,24,64,57,99,29,20,30,101,86,88,0" hai1="22,95,114,121,77,16,26,72,6,17,98,116,134" hai2="33,67,135,12,85,5,93,37,46,27,118,48,131" hai3="125,102,133,124,36,100,96,34,13,61,68,132,32"/><U59/><E114/><V83/><F118/><W39/><G13/><T90/><D75/><U123/><E116/><V105/><F105/><N who="3" m="63623" /><G102/><T49/><D0/><U8/><E134/><N who="3" m="51818" /><G61/><N who="0" m="37935" /><D30/><U89/><E17/><V81/><F37/><N who="3" m="14411" /><G68/><T110/><D110/><U54/><E72/><V2/><F12/><W106/><G106/><T109/><D109/><U45/><E77/><V40/><F135/><W35/><AGARI ba="0,0" hai="32,34,35,124,125" m="14411,51818,63623" machi="35" ten="40,8000,1" yaku="20,1,23,1,52,3" doraHai="70" who="3" fromWho="3" sc="224,-20,237,-40,237,-20,302,80" /><INIT seed="2,0,0,1,1,114" ten="204,197,217,382" oya="2" hai0="130,30,65,23,50,41,99,124,82,27,103,44,61" hai1="1,108,14,132,125,42,93,51,88,38,74,129,33" hai2="39,115,63,133,47,97,21,105,0,48,96,46,36" hai3="9,95,89,80,76,118,79,73,110,40,126,17,11"/><V59/><F115/><W134/><G110/><T119/><D130/><U34/><E1/><V19/><F0/><W86/><G126/><T113/><D124/><U24/><E125/><V28/><F28/><W107/><G134/><T98/><D113/><U117/><E38/><V20/><F19/><W127/><G127/><T121/><D121/><U78/><E108/><V92/><F48/><W6/><G118/><T57/><D119/><U83/><E132/><V71/><F133/><W135/><G135/><T131/><D131/><U81/><E129/><V77/><F77/><W49/><G79/><T85/><REACH who="0" step="1"/><D103/><REACH who="0" ten="194,197,217,382" step="2"/><U90/><E117/><V55/><F39/><W87/><G73/><T52/><D52/><U94/><E42/><V3/><F36/><W84/><G6/><T60/><D60/><U122/><E122/><V104/><F55/><W8/><G40/><T53/><D53/><U35/><E51/><V67/><F63/><W32/><G49/><T64/><D64/><U120/><E120/><V18/><F67/><W25/><G8/><T102/><D102/><U5/><E24/><V112/><F112/><W43/><G9/><T15/><D15/><U31/><E14/><V72/><F3/><W68/><G11/><T54/><D54/><U13/><E13/><V128/><F72/><W10/><G10/><T2/><D2/><U12/><E12/><V26/><F128/><W56/><G43/><T123/><D123/><U70/><E74/><V75/><F75/><W101/><G101/><T66/><D66/><U58/><E5/><V22/><F26/><W45/><G25/><RYUUKYOKU ba="0,1" sc="194,30,197,-10,217,-10,382,-10" hai0="23,27,30,41,44,50,57,61,65,82,85,98,99" /><INIT seed="3,1,1,2,3,39" ten="224,187,207,372" oya="3" hai0="37,45,100,128,88,47,2,24,135,75,56,118,120" hai1="57,3,109,84,67,114,121,61,64,0,116,60,127" hai2="49,81,115,126,98,92,131,113,43,17,111,22,54" hai3="1,104,20,4,32,33,10,19,130,63,103,77,73"/><W105/><G130/><T117/><D120/><U34/><E121/><V42/><F131/><W62/><G33/><T30/><D128/><U90/><E114/><V12/><F126/><W76/><G32/><T51/><D75/><U59/><E127/><V35/><F111/><W99/><G105/><T5/><D135/><U133/><E133/><V28/><F81/><W48/><G48/><T106/><D56/><U6/><E109/><V52/><F54/><W132/><G132/><T134/><D134/><U50/><E116/><V91/><F115/><W102/><G102/><T46/><D37/><U41/><E34/><V16/><F113/><W8/><G8/><T110/><D110/><U66/><E6/><V31/><F17/><W122/><G122/><T7/><D51/><U124/><E67/><V119/><F119/><W129/><G129/><T21/><D2/><U13/><E13/><V97/><F98/><W125/><G125/><T74/><D74/><U85/><E124/><V72/><F72/><W94/><G104/><T38/><D38/><U23/><E23/><V95/><F95/><W69/><G73/><T44/><D117/><U65/><E65/><V36/><F36/><W71/><G71/><T123/><D123/><U96/><E96/><V26/><F31/><W82/><G82/><T27/><D118/><U15/><E15/><V58/><AGARI ba="1,1" hai="12,16,22,26,28,35,42,43,49,52,58,91,92,97" machi="58" ten="20,12000,2" yaku="0,1,7,1,52,2,54,2" doraHai="39" who="2" fromWho="2" sc="224,-31,187,-31,207,133,372,-61" /><INIT seed="4,0,0,2,5,10" ten="193,156,340,311" oya="0" hai0="97,124,55,105,16,11,123,7,0,81,19,85,37" hai1="87,41,51,45,36,62,131,25,50,59,100,21,135" hai2="113,72,17,26,115,73,68,9,98,42,24,88,12" hai3="132,31,91,128,22,83,82,18,122,1,34,99,114"/><T103/><D123/><U44/><E131/><V49/><F68/><W133/><G114/><N who="2" m="43529" /><F49/><W52/><G128/><T54/><D124/><U106/><E135/><V107/><F42/><W69/><G69/><T75/><D75/><N who="2" m="28746" /><F107/><W109/><G109/><T65/><D65/><U94/><E106/><V53/><F53/><W121/><G1/><T32/><D32/><U119/><E119/><V96/><F96/><W78/><G31/><T63/><D37/><U27/><E36/><V116/><F116/><W5/><G5/><T70/><D70/><U56/><E62/><V67/><F67/><W43/><G34/><T58/><REACH who="0" step="1"/><D54/><REACH who="0" ten="183,156,340,311" step="2"/><U130/><E130/><V64/><F64/><W104/><G52/><T110/><D110/><U23/><E100/><V126/><F126/><W84/><G121/><T118/><D118/><U38/><E38/><V125/><F125/><W46/><G122/><T48/><D48/><U3/><E51/><V57/><F57/><W79/><G133/><T80/><D80/><U92/><E50/><V117/><F117/><W13/><G132/><T77/><AGARI ba="0,1" hai="0,7,11,16,19,55,58,63,77,81,85,97,103,105" machi="77" ten="20,7800,0" yaku="1,1,0,1,7,1,54,1,53,0" doraHai="10" doraHaiUra="89" who="0" fromWho="0" sc="183,88,156,-26,340,-26,311,-26" /><INIT seed="4,1,0,5,1,76" ten="271,130,314,285" oya="0" hai0="109,89,41,79,125,84,17,127,100,42,22,106,87" hai1="118,46,124,59,123,130,44,78,63,116,13,71,62" hai2="122,80,77,40,92,97,28,128,51,98,134,69,73" hai3="90,112,82,36,3,86,52,132,48,27,120,111,19"/><T9/><D9/><U95/><E95/><V35/><F69/><W49/><G111/><T107/><D109/><U126/><E78/><V94/><F122/><W37/><G3/><T8/><D8/><U55/><E13/><V114/><F134/><W70/><G70/><T65/><D65/><N who="1" m="41407" /><E123/><V15/><F128/><W88/><G112/><T110/><D110/><U12/><E12/><V16/><F114/><W47/><G132/><T99/><D106/><U72/><E72/><V11/><F28/><W21/><G120/><T101/><D101/><U30/><E30/><V67/><F67/><W93/><G49/><T74/><D74/><U129/><E46/><V105/><F35/><W75/><G75/><T85/><D89/><U115/><E44/><N who="2" m="25991" /><F105/><W83/><REACH who="3" step="1"/><G82/><REACH who="3" ten="271,130,314,275" step="2"/><T104/><D79/><U57/><E115/><V26/><F77/><W29/><G29/><T6/><D107/><U81/><E81/><V34/><F80/><W14/><G14/><N who="0" m="9527" /><D6/><U1/><E1/><V113/><F73/><W2/><G2/><T4/><D4/><U32/><E32/><V108/><F113/><W45/><G45/><T7/><D7/><U18/><E18/><N who="2" m="8575" /><F34/><W24/><G24/><T20/><D20/><U56/><E56/><V5/><F5/><W31/><G31/><T53/><D104/><U50/><E59/><V23/><F108/><W117/><G117/><N who="1" m="45162" /><E50/><V10/><F10/><W58/><G58/><T39/><D42/><U131/><AGARI ba="1,1" hai="55,57,62,124,126,129,130,131" m="45162,41407" machi="131" ten="40,5200,0" yaku="19,1,34,2" doraHai="76" who="1" fromWho="1" sc="271,-27,130,65,314,-14,275,-14" /><INIT seed="5,0,0,4,1,80" ten="244,195,300,261" oya="1" hai0="12,113,56,100,53,120,8,18,134,6,65,63,116" hai1="118,96,29,38,26,106,24,0,34,124,37,111,115" hai2="73,112,64,108,44,132,48,28,45,71,1,104,127" hai3="32,117,42,128,67,93,89,55,27,21,114,43,102"/><U49/><E118/><V46/><F104/><W7/><G32/><T109/><D116/><U36/><E115/><V79/><F108/><W129/><G117/><T59/><D109/><U39/><N who="1" m="9216" /><DORA hai="15" /><U105/><E111/><V74/><F1/><W84/><G114/><T47/><D113/><U133/><E133/><V78/><F28/><W87/><G67/><T81/><D134/><U23/><E124/><V95/><F95/><W70/><G70/><T22/><D120/><U88/><E49/><V9/><F9/><W17/><G102/><T131/><D131/><N who="3" m="50249" /><G7/><T75/><D100/><U13/><E13/><V57/><F132/><W97/><G55/><T125/><D125/><U130/><E0/><V135/><F48/><W91/><G97/><T76/><D47/><U101/><E130/><V16/><F71/><W31/><G31/><T61/><REACH who="0" step="1"/><D22/><REACH who="0" ten="234,195,300,261" step="2"/><U10/><E10/><V3/><F45/><W50/><G50/><T68/><D68/><U86/><E106/><V107/><F46/><W20/><G21/><T110/><D110/><U98/><E101/><V99/><F44/><W40/><G40/><T51/><D51/><U119/><E105/><V72/><F107/><W83/><AGARI ba="0,1" hai="17,20,27,42,43,83,84,87,89,91,93" m="50249" machi="83" ten="30,7900,0" yaku="19,1,52,3" doraHai="80,15" who="3" fromWho="3" sc="234,-20,195,-39,300,-20,261,89" /><INIT seed="6,0,0,0,2,2" ten="214,156,280,350" oya="2" hai0="115,41,11,35,80,53,25,93,21,7,83,44,13" hai1="79,134,109,117,94,114,126,78,58,96,39,118,5" hai2="133,75,127,110,17,74,84,108,104,62,131,65,43" hai3="6,19,82,70,135,50,91,97,67,132,92,68,88"/><V28/><F104/><W33/><G33/><T52/><D115/><U8/><E109/><N who="2" m="42091" /><F28/><W47/><G6/><T123/><D123/><U90/><E39/><V76/><F43/><W101/><G19/><T122/><D122/><U64/><E114/><V40/><F40/><N who="3" m="24935" /><G67/><T14/><D35/><U4/><E126/><V42/><F42/><W31/><G31/><N who="0" m="17839" /><D93/><U61/><E134/><N who="3" m="51242" /><G82/><N who="0" m="31275" /><D14/><U46/><E46/><V51/><F51/><AGARI ba="0,0" hai="7,11,13,41,44,51,52,53" m="31275,17839" machi="51" ten="30,3900,0" yaku="8,1,52,1,54,1" doraHai="2" who="0" fromWho="2" sc="214,39,156,0,280,-39,350,0" /><INIT seed="7,0,0,3,1,90" ten="253,156,241,350" oya="3" hai0="126,37,59,117,81,36,120,61,93,49,42,104,125" hai1="116,4,21,70,31,48,66,10,57,16,106,110,102" hai2="69,71,111,50,92,47,3,13,51,2,132,53,46" hai3="54,19,7,25,52,15,94,35,99,84,112,45,129"/><W1/><G112/><T67/><D120/><U97/><E116/><V76/><F111/><W0/><G129/><T114/><D104/><U101/><E110/><V103/><F76/><W22/><G1/><T20/><D114/><U60/><E31/><V58/><F132/><W75/><G75/><T98/><D117/><U78/><E78/><V23/><F58/><W77/><G0/><T40/><D81/><U44/><E102/><V127/><F127/><N who="0" m="48650" /><D20/><U65/><E70/><V88/><F103/><N who="3" m="60919" /><G45/><N who="0" m="25783" /><D40/><U105/><E105/><V33/><F33/><W55/><G35/><T43/><D43/><U134/><E134/><V86/><F3/><W122/><G122/><T100/><AGARI ba="0,0" hai="36,37,59,61,67,93,98,100" m="25783,48650" machi="100" ten="30,2000,0" yaku="18,1,52,1" doraHai="90" who="0" fromWho="0" sc="253,20,156,-5,241,-5,350,-10" owari="273,7.0,151,-35.0,236,-16.0,340,44.0" /></mjloggm>