<mjloggm ver="2.3"><GO type="169" lobby="0"/><UN n0="%7A%65%52%6F" n1="%E3%81%AA%E3%81%8F%E3%81%AB%E3%82%83%E3%82%93" n2="%E3%82%A6%E3%83%AB%E3%83%88%E3%83%A9%E7%AB%8B%E7%9B%B4" n3="%E6%9B%99%E4%B9%8B%E5%85%89" dan="19,16,18,16" rate="2235.95,2136.12,2225.83,2084.48" sx="M,M,M,F"/><TAIKYOKU oya="0"/><INIT seed="0,0,0,0,5,69" ten="250,250,250,250" oya="0" hai0="56,31,42,77,0,124,63,53,48,39,104,127,83" hai1="122,22,35,70,50,40,47,98,12,79,68,86,11" hai2="67,95,59,110,26,81,78,19,129,108,17,62,128" hai3="115,49,46,100,41,133,65,8,57,18,121,106,21"/><T5/><D104/><U112/><E35/><V119/><F119/><W76/><G115/><T113/><D31/><U93/><E112/><V32/><F95/><W29/><G121/><T132/><D113/><U6/><E22/><N who="2" m="13647" /><F19/><W51/><G29/><T103/><D103/><U4/><E4/><V20/><F20/><W13/><G133/><T45/><D132/><U107/><E107/><V33/><F33/><W80/><G100/><T91/><D91/><U74/><E74/><N who="2" m="43223" /><F32/><W7/><G106/><T44/><D5/><U58/><E122/><V27/><F27/><W72/><G65/><T85/><REACH who="0" step="1"/><D0/><REACH who="0" ten="240,250,250,250" step="2"/><U24/><E58/><V28/><F28/><W101/><G101/><T118/><D118/><U23/><E98/><V123/><F123/><W1/><REACH who="3" step="1"/><G57/><REACH who="3" ten="240,250,250,240" step="2"/><T125/><D125/><U55/><E70/><V43/><F59/><W38/><AGARI ba="0,2" hai="1,7,8,13,18,21,38,41,46,49,51,72,76,80" machi="38" ten="20,12000,2" yaku="1,1,2,1,0,1,7,1,25,2,52,1,53,0" doraHai="69" doraHaiUra="97" who="3" fromWho="3" sc="240,-60,250,-30,250,-30,240,140" /><INIT seed="1,0,0,1,5,127" ten="180,220,220,380" oya="1" hai0="76,24,77,91,109,42,13,59,69,118,110,129,35" hai1="16,86,114,101,3,11,134,97,105,45,128,112,28" hai2="126,56,22,55,95,40,9,125,123,80,39,41,17" hai3="30,92,99,78,21,88,36,85,62,68,116,18,113"/><U33/><E86/><V66/><F123/><W122/><G122/><T60/><D118/><U0/><E0/><V135/><F135/><W89/><G113/><T31/><D69/><U73/><E134/><V5/><F66/><W14/><G36/><T48/><D13/><U70/><E16/><V131/><F95/><W34/><G116/><T10/><D10/><U63/><E45/><V106/><F106/><W124/><G124/><N who="2" m="47721" /><F80/><W4/><G4/><T52/><D91/><U115/><E73/><V37/><F131/><W87/><G34/><T29/><D29/><U20/><E20/><V65/><F65/><W67/><G30/><T51/><D77/><U75/><E75/><V43/><F22/><W58/><G68/><T61/><D76/><U120/><E120/><V26/><F26/><W83/><REACH who="3" step="1"/><G89/><REACH who="3" ten="180,220,220,370" step="2"/><T7/><D7/><N who="1" m="1535" /><E28/><V104/><F17/><W38/><G38/><T98/><D31/><U8/><E33/><V1/><F104/><W117/><G117/><T46/><D35/><U71/><E71/><V27/><F27/><W121/><G121/><T50/><D24/><U102/><E102/><V15/><F1/><W79/><G79/><T2/><D2/><U49/><E70/><V82/><F39/><W23/><G23/><T96/><D110/><U133/><E133/><V64/><F37/><W54/><G54/><T103/><D109/><U132/><E132/><V19/><F5/><W119/><G119/><T100/><D100/><U12/><E112/><V6/><F6/><W90/><G90/><T47/><D103/><U93/><E114/><V81/><F55/><RYUUKYOKU ba="0,1" sc="180,-15,220,-15,220,15,370,15" hai2="9,15,19,40,41,43,56,64,81,82" hai3="14,18,21,58,62,67,78,83,85,87,88,92,99" /><INIT seed="2,1,1,1,0,89" ten="165,205,235,385" oya="2" hai0="101,52,74,5,50,126,23,121,72,70,109,71,98" hai1="54,95,67,116,19,87,4,10,6,48,61,119,117" hai2="81,135,53,11,127,60,77,38,30,47,62,66,104" hai3="133,21,97,7,13,45,92,15,28,51,125,8,69"/><V58/><F104/><W42/><G69/><T18/><D121/><U37/><E37/><V132/><F30/><W68/><G68/><T83/><D109/><U55/><E19/><V114/><F11/><W49/><G133/><N who="2" m="51273" /><F81/><W120/><G125/><T63/><D5/><U65/><E65/><V100/><F100/><W112/><G112/><T115/><D115/><U0/><E6/><V94/><F77/><W29/><G120/><T36/><D36/><U9/><E9/><V33/><F33/><W1/><G51/><T43/><D43/><U35/><E35/><V32/><F32/><W2/><G2/><T99/><D99/><U22/><E22/><V16/><F16/><W73/><G73/><T40/><D40/><U85/><E85/><V59/><F94/><W105/><G105/><T79/><D63/><U31/><E31/><V103/><F103/><W82/><G82/><T78/><D79/><U93/><E87/><V17/><F17/><N who="3" m="10415" /><G1/><T128/><D126/><U131/><E0/><V25/><F25/><W24/><G24/><N who="0" m="14455" /><D74/><U111/><E116/><V108/><F114/><W122/><G122/><T56/><D128/><U96/><E131/><V124/><F108/><W118/><G118/><T3/><D3/><U44/><E111/><V91/><F91/><AGARI ba="1,1" hai="7,8,15,28,29,42,45,49,91,92,97" m="10415" machi="91" ten="30,2000,0" yaku="8,1,52,1" doraHai="89" who="3" fromWho="2" sc="165,0,205,0,235,-23,385,33" /><INIT seed="3,0,0,1,1,71" ten="165,205,212,418" oya="3" hai0="121,31,70,98,127,99,46,76,116,39,87,104,106" hai1="12,132,91,79,95,110,114,125,77,73,134,48,115" hai2="126,36,61,18,88,117,133,86,30,66,6,3,20" hai3="24,120,14,65,122,0,35,107,94,10,89,74,26"/><W29/><G107/><T67/><D116/><U7/><E48/><V47/><F117/><W60/><G0/><T57/><D121/><U101/><E12/><V19/><F126/><W124/><G124/><T45/><D70/><U96/><E125/><V118/><F118/><W135/><G26/><T64/><D31/><U37/><E37/><V62/><F133/><N who="1" m="51305" /><E7/><V83/><F3/><W27/><G27/><T21/><D127/><U8/><E8/><V23/><F6/><W105/><G105/><T51/><D51/><U44/><E44/><V59/><F30/><W85/><G74/><T112/><D21/><U52/><E52/><V109/><F109/><W43/><G43/><T80/><D57/><U100/><E110/><V93/><F23/><W25/><G25/><T4/><D4/><U130/><E130/><V33/><F33/><W58/><G135/><T15/><D15/><U97/><E73/><V75/><F20/><W129/><G129/><T16/><D16/><AGARI ba="0,0" hai="10,14,16,24,29,35,58,60,65,85,89,94,120,122" machi="16" ten="30,2900,0" yaku="7,1,54,1" doraHai="71" who="3" fromWho="0" sc="165,-29,205,0,212,0,418,29" /><INIT seed="3,1,0,4,2,93" ten="136,205,212,447" oya="3" hai0="95,56,90,77,45,0,40,116,79,111,130,85,105" hai1="84,23,43,36,32,44,114,1,118,119,123,131,35" hai2="127,11,24,16,10,109,3,38,52,34,122,124,76" hai3="101,134,48,125,117,47,133,22,17,115,46,2,102"/><W81/><G117/><N who="1" m="44554" /><E123/><V27/><F38/><W88/><G2/><T129/><D116/><U96/><E1/><V70/><F70/><W53/><G115/><T7/><D111/><U126/><E114/><V58/><F76/><W42/><G125/><N who="2" m="48201" /><F109/><W62/><G62/><T69/><D69/><U94/><E126/><V25/><F122/><W82/><G102/><T15/><D105/><U54/><E84/><V29/><F58/><W65/><G65/><T30/><D30/><U75/><E75/><V67/><F67/><W28/><G101/><T112/><D0/><U72/><E72/><V97/><F52/><W86/><G81/><T68/><D68/><U8/><E8/><N who="2" m="3115" /><F3/><W113/><G28/><T37/><D56/><U92/><E54/><V80/><F80/><W83/><G113/><T9/><REACH who="0" step="1"/><D112/><REACH who="0" ten="126,205,212,447" step="2"/><U103/><E32/><V12/><F97/><W26/><REACH who="3" step="1"/><G83/><REACH who="3" ten="126,205,212,437" step="2"/><T135/><D135/><U5/><E35/><V50/><F34/><W128/><G128/><AGARI ba="1,2" hai="7,9,15,37,40,45,77,79,85,90,95,128,129,130" machi="128" ten="40,2600,0" yaku="1,1,19,1,53,0" doraHai="93" doraHaiUra="120" who="0" fromWho="3" sc="126,49,205,0,212,0,437,-29" /><INIT seed="4,0,0,3,5,8" ten="175,205,212,408" oya="0" hai0="11,120,109,25,40,38,64,21,26,84,97,77,113" hai1="44,60,121,16,75,35,32,88,49,3,4,101,119" hai2="7,1,91,86,53,43,28,108,5,112,87,107,68" hai3="17,47,45,125,29,114,48,23,73,39,118,12,69"/><T130/><D120/><U56/><E121/><V9/><F108/><W132/><G118/><T22/><D113/><U24/><E119/><V134/><F68/><W80/><G114/><T58/><D130/><U126/><E126/><V94/><F112/><W31/><G125/><T66/><D109/><U89/><E75/><V85/><F134/><W13/><G69/><T116/><D116/><U15/><E101/><V36/><F107/><W14/><G132/><T41/><D97/><U10/><E49/><V30/><F7/><W67/><G67/><T100/><D100/><U127/><E44/><V6/><F6/><W81/><G39/><T51/><D38/><U129/><E129/><V46/><REACH who="2" step="1"/><F53/><REACH who="2" ten="175,205,202,408" step="2"/><N who="3" m="29839" /><G73/><T106/><D106/><U63/><E127/><V59/><F59/><W96/><G47/><T76/><D58/><U105/><E105/><V98/><AGARI ba="0,1" hai="1,5,9,28,30,36,43,46,85,86,87,91,94,98" machi="98" ten="30,2000,0" yaku="1,1,0,1,53,0" doraHai="8" doraHaiUra="18" who="2" fromWho="2" sc="175,-10,205,-5,202,30,408,-5" /><INIT seed="5,0,0,4,3,117" ten="165,200,232,403" oya="1" hai0="51,3,54,2,61,29,52,1,121,113,64,45,126" hai1="14,47,124,49,36,20,46,35,89,62,50,40,71" hai2="13,75,102,0,69,135,81,95,79,41,18,116,98" hai3="74,8,4,10,94,110,65,106,108,134,24,5,38"/><U122/><E35/><V85/><F0/><W17/><G106/><T72/><D72/><U118/><E118/><V105/><F69/><W90/><G38/><T44/><D113/><U12/><E124/><V84/><F116/><W43/><G74/><T73/><D73/><U109/><E89/><V31/><F135/><W68/><G134/><T119/><D119/><U123/><E36/><V60/><F31/><W15/><G43/><T132/><D132/><U56/><E20/><V125/><F125/><W16/><G68/><T114/><D114/><U104/><E104/><V48/><F60/><W78/><G65/><T130/><D126/><U133/><E133/><V115/><F115/><W59/><G78/><T11/><D130/><U112/><E112/><V42/><F48/><W33/><G59/><T97/><D29/><U80/><E80/><V100/><F100/><W128/><G94/><T23/><D23/><U86/><E86/><V129/><F85/><W34/><G90/><T26/><D26/><U9/><E71/><V63/><F63/><W120/><G128/><T57/><D97/><U6/><E109/><V22/><F129/><W111/><G33/><T107/><D107/><U82/><E82/><V28/><F28/><N who="3" m="19719" /><G120/><T37/><D121/><U103/><E12/><AGARI ba="0,0" hai="4,5,8,10,12,15,16,17,108,110,111" m="19719" machi="12" ten="30,3900,0" yaku="34,2,54,1" doraHai="117" who="3" fromWho="1" sc="165,0,200,-39,232,0,403,39" /><INIT seed="6,0,0,4,5,66" ten="165,161,232,442" oya="2" hai0="16,51,92,123,29,115,122,20,56,126,74,94,109" hai1="83,21,90,107,121,135,104,79,13,62,87,42,1" hai2="65,125,49,35,89,77,52,59,84,61,70,53,124" hai3="76,73,3,19,134,41,69,44,100,10,43,8,31"/><V55/><F77/><W2/><G134/><T108/><D74/><U106/><E1/><V101/><F101/><W93/><G31/><T36/><D36/><U24/><E135/><V60/><F35/><W58/><G69/><T54/><D115/><U114/><E114/><V26/><F26/><W98/><G58/><T34/><D126/><N who="2" m="48746" /><F61/><W91/><G76/><T103/><D29/><U25/><E42/><V72/><F72/><W97/><G73/><T110/><D34/><U128/><E128/><V63/><F63/><W12/><G10/><T30/><D30/><U45/><E62/><V37/><F37/><W120/><G120/><T86/><D103/><U11/><E121/><V117/><F117/><W81/><G41/><T116/><D116/><U67/><E79/><V15/><F15/><W48/><G81/><AGARI ba="0,0" hai="49,52,53,55,59,60,65,70,81,84,89" m="48746" machi="81" ten="30,5800,0" yaku="18,1,52,1,54,1" doraHai="66" who="2" fromWho="3" sc="165,0,161,0,232,58,442,-58" /><INIT seed="6,1,0,5,1,36" ten="165,161,290,384" oya="2" hai0="7,0,97,115,29,28,32,14,19,52,9,126,41" hai1="39,13,40,50,66,114,26,105,31,134,96,131,129" hai2="11,3,45,103,71,124,33,1,92,86,121,116,56" hai3="125,70,122,10,82,89,8,55,128,21,43,5,68"/><V62/><F116/><W80/><G122/><T120/><D120/><U46/><E134/><V47/><F71/><W109/><G109/><T123/><D123/><U69/><E13/><V53/><F33/><W95/><G125/><T60/><D126/><U108/><E108/><V106/><F121/><W4/><G128/><T90/><D115/><U34/><E50/><V15/><F106/><W104/><G104/><T16/><D41/><U133/><E133/><V101/><F124/><W23/><G43/><T88/><D32/><U132/><E132/><V65/><F1/><W67/><G55/><T35/><D35/><U64/><E64/><V135/><F3/><W27/><G27/><T98/><D0/><U84/><E84/><V2/><F2/><W54/><G54/><T113/><D113/><U79/><E79/><V118/><F118/><W110/><G110/><T49/><D60/><N who="1" m="40135" /><E114/><V6/><F135/><W78/><G67/><T18/><D97/><U30/><E30/><N who="0" m="11881" /><D98/><U99/><E96/><V76/><F65/><W20/><G78/><T22/><D22/><U93/><E93/><V58/><F76/><W130/><G95/><T102/><D102/><AGARI ba="1,0" hai="26,31,34,39,40,46,99,102,105,129,131" m="40135" machi="102" ten="30,3900,0" yaku="25,1,23,1,52,1" doraHai="36" who="1" fromWho="0" sc="165,-42,161,42,290,0,384,0" /><INIT seed="7,0,0,2,1,58" ten="123,203,290,384" oya="3" hai0="111,126,85,117,39,48,17,120,28,70,46,96,22" hai1="105,43,86,65,67,98,104,66,75,84,24,77,30" hai2="51,109,25,82,123,124,64,18,110,11,114,72,9" hai3="45,13,27,53,12,95,41,73,3,21,83,69,122"/><W26/><G3/><T63/><D111/><U97/><E43/><V38/><F51/><W116/><G69/><T49/><D117/><U4/><E4/><V79/><F64/><W23/><G122/><T115/><D120/><U92/><E75/><V32/><F82/><W76/><G53/><T130/><D126/><U125/><E125/><V31/><F79/><W134/><G134/><T107/><D130/><U56/><E56/><V20/><F38/><W103/><G116/><T112/><D28/><U89/><E77/><V100/><F100/><W87/><G95/><T135/><D135/><U50/><E104/><V121/><F72/><W16/><G103/><T29/><D29/><U2/><E2/><V40/><F40/><W127/><G73/><T62/><D85/><N who="1" m="32875" /><E105/><V33/><F124/><W6/><G6/><T81/><D81/><U132/><E132/><V47/><F123/><W10/><G10/><T60/><D70/><U78/><E98/><V37/><F121/><W108/><G108/><T15/><D39/><U106/><E106/><V74/><F37/><W91/><G76/><T14/><D14/><U36/><E78/><V102/><F74/><W19/><G127/><T93/><D107/><U118/><E118/><V133/><F133/><W131/><G131/><T71/><D71/><U90/><E36/><AGARI ba="0,0" hai="12,13,16,19,21,23,26,27,36,41,45,83,87,91" machi="36" ten="30,5800,0" yaku="7,1,9,1,54,1" doraHai="58" who="3" fromWho="1" sc="123,0,203,-58,290,0,384,58" owari="123,-38.0,145,-25.0,290,9.0,442,54.0" /></mjloggm>