<mjloggm ver="2.3"><GO type="169" lobby="0"/><UN n0="%E9%B3%B3" n1="%E3%83%88%E3%83%88%E3%83%AA%E5%85%88%E7%94%9F%31%39%E6%AD%B3" n2="%52%75%73%73%69%61" n3="%E3%83%87%E3%83%8D%E3%83%9C%E3%83%A9" dan="16,19,16,16" rate="2064.20,2294.51,2062.78,2115.97" sx="M,F,F,M"/><TAIKYOKU oya="0"/><INIT seed="0,0,0,2,3,102" ten="250,250,250,250" oya="0" hai0="48,71,27,19,32,6,131,68,116,134,3,25,39" hai1="8,51,135,133,66,122,130,47,84,26,94,18,97" hai2="34,109,124,81,65,50,132,64,55,82,101,108,115" hai3="129,74,9,104,87,7,103,78,45,86,31,16,118"/><T33/><D39/><U58/><E122/><V28/><F115/><W95/><G118/><T44/><D116/><U30/><E130/><V36/><F36/><W42/><G31/><T90/><D131/><U88/><E66/><V77/><F124/><W99/><G129/><T70/><D134/><U80/><E58/><V107/><F132/><W110/><G110/><N who="2" m="42601" /><F28/><W111/><G111/><T10/><D90/><U76/><E8/><V93/><F34/><W67/><G67/><N who="2" m="25673" /><F93/><W119/><G95/><T40/><REACH who="0" step="1"/><D19/><REACH who="0" ten="240,250,250,250" step="2"/><U79/><E18/><V53/><F77/><W22/><G119/><T5/><D5/><U24/><E79/><V37/><F37/><W75/><G78/><T114/><D114/><U100/><E76/><V2/><F81/><W41/><G7/><T69/><N who="0" m="17408" /><DORA hai="11" /><T23/><D23/><U98/><E30/><V20/><F82/><W62/><G22/><T96/><D96/><N who="1" m="59415" /><E135/><V121/><F20/><W125/><G99/><N who="1" m="37898" /><E133/><V123/><F123/><W43/><G16/><T83/><D83/><U117/><E117/><V106/><F121/><W73/><G73/><T113/><D113/><U60/><E80/><V85/><F85/><W112/><G86/><T91/><D91/><U61/><E88/><V13/><F101/><W12/><G112/><T126/><D126/><U63/><E84/><V46/><F106/><W21/><G125/><T0/><D0/><U38/><E38/><V105/><F2/><W52/><G103/><T57/><D57/><U127/><E127/><V4/><F107/><W17/><G104/><T1/><D1/><U14/><E14/><RYUUKYOKU ba="0,1" sc="240,15,250,15,250,-15,250,-15" hai0="3,6,10,25,27,32,33,40,44,48" hai1="24,26,47,51,60,61,63" /><INIT seed="0,1,1,0,2,47" ten="255,265,235,235" oya="0" hai0="2,71,70,115,105,38,29,13,59,116,60,130,119" hai1="18,106,96,27,65,80,28,84,6,50,85,46,31" hai2="126,33,22,5,92,81,41,103,132,8,51,64,36" hai3="44,63,110,122,86,49,58,45,17,42,34,128,73"/><T76/><D2/><U57/><E6/><V111/><F33/><W108/><G73/><T43/><D76/><U87/><E106/><V61/><F111/><N who="3" m="42539" /><G34/><T40/><D105/><U56/><E80/><V112/><F112/><W54/><G86/><T97/><D13/><U77/><E77/><V15/><F132/><W121/><G17/><T133/><D97/><U14/><E96/><N who="2" m="59783" /><F36/><N who="3" m="21575" /><G128/><T124/><D29/><N who="1" m="11339" /><E27/><V4/><F126/><W21/><G21/><T95/><D133/><U53/><E65/><AGARI ba="1,1" hai="45,49,54,58,63,65,121,122" m="21575,42539" machi="65" ten="30,7700,0" yaku="14,1,34,2,52,1" doraHai="47" who="3" fromWho="1" sc="255,0,265,-80,235,0,235,90" /><INIT seed="1,0,0,1,2,78" ten="255,185,235,325" oya="1" hai0="90,110,97,48,115,36,68,111,65,40,20,79,6" hai1="37,71,63,121,19,96,107,124,131,1,18,39,80" hai2="52,75,127,9,86,106,105,57,16,95,47,11,55" hai3="125,26,56,98,101,112,82,129,69,29,135,27,42"/><U49/><E121/><V100/><F75/><W35/><G112/><T94/><D115/><U41/><E1/><V118/><F118/><W70/><G129/><T88/><D36/><U74/><E131/><V87/><F127/><W12/><G125/><T58/><D79/><U15/><E124/><V113/><F113/><W45/><G12/><T4/><D68/><U33/><E33/><V67/><F105/><W61/><G26/><T73/><D73/><U103/><E19/><V22/><F106/><W102/><G135/><T13/><D40/><U44/><E71/><V114/><F114/><W84/><G102/><T14/><D90/><U117/><E63/><N who="2" m="38383" /><F55/><W119/><G119/><T128/><D128/><U126/><E117/><V51/><F100/><W43/><G43/><T0/><D0/><U2/><E2/><V50/><F50/><W62/><G62/><N who="0" m="38103" /><D48/><U59/><E59/><N who="2" m="33183" /><F86/><W31/><G69/><T130/><D130/><U8/><REACH who="1" step="1"/><E126/><REACH who="1" ten="255,175,235,325" step="2"/><V32/><F32/><W92/><G70/><T7/><D110/><U28/><E28/><V53/><F53/><BYE who="2" /><W81/><G31/><T104/><D111/><U60/><E60/><V99/><F99/><UN n2="%52%75%73%73%69%61" /><W38/><REACH who="3" step="1"/><BYE who="2" /><G84/><REACH who="3" ten="255,175,235,315" step="2"/><T23/><D14/><UN n2="%52%75%73%73%69%61" /><U24/><E24/><N who="2" m="14407" /><F47/><W54/><AGARI ba="0,2" hai="27,29,35,38,42,45,54,56,61,81,82,92,98,101" machi="54" ten="20,8000,1" yaku="1,1,0,1,7,1,52,2,53,0" doraHai="78" doraHaiUra="122" who="3" fromWho="3" sc="255,-20,175,-40,235,-20,315,100" /><INIT seed="2,0,0,5,2,25" ten="235,135,215,415" oya="2" hai0="15,113,129,135,63,36,38,119,54,28,102,96,118" hai1="108,30,61,128,91,126,20,92,107,90,24,105,37" hai2="114,99,133,103,46,31,130,40,110,11,45,109,29" hai3="70,71,78,51,131,123,95,42,73,82,98,97,68"/><V35/><F114/><W12/><G123/><T4/><D113/><U72/><E37/><V32/><F130/><W60/><G131/><T134/><D129/><U83/><E128/><V22/><F133/><N who="0" m="50698" /><D4/><U49/><E108/><N who="2" m="41579" /><F11/><W55/><G42/><T81/><D15/><U1/><E1/><V19/><F45/><W76/><G76/><T64/><D54/><U3/><E3/><V6/><F6/><W33/><G33/><N who="2" m="12873" /><F22/><W62/><G12/><T13/><D13/><U85/><E126/><V47/><F47/><W27/><G27/><T75/><D38/><U66/><E49/><N who="2" m="26823" /><F19/><W106/><G106/><AGARI ba="0,0" hai="29,31,99,103,106" m="26823,12873,41579" machi="106" ten="30,11600,0" yaku="14,1,10,1,52,2" doraHai="25" who="2" fromWho="3" sc="235,0,135,0,215,116,415,-116" /><INIT seed="2,1,0,0,4,53" ten="235,135,331,299" oya="2" hai0="97,33,127,36,86,18,121,69,109,48,41,51,57" hai1="38,108,5,47,13,126,34,2,66,42,67,4,43" hai2="54,17,12,14,70,132,77,22,124,96,78,25,6" hai3="20,80,44,133,50,72,113,103,3,58,21,32,135"/><V30/><F124/><W118/><G118/><T92/><D69/><U19/><E126/><V60/><F132/><N who="3" m="50763" /><G32/><T37/><D33/><U10/><E34/><V45/><F6/><W123/><G123/><T101/><D109/><U128/><E128/><V35/><F70/><W39/><G3/><T119/><D119/><U104/><E104/><V63/><F63/><W125/><G125/><T122/><D127/><U87/><E108/><V29/><F29/><W24/><G113/><T94/><D86/><U93/><E5/><V59/><F45/><W40/><G103/><T75/><D75/><U91/><REACH who="1" step="1"/><E43/><REACH who="1" ten="235,125,331,299" step="2"/><V27/><F96/><W56/><G40/><T106/><D41/><U9/><AGARI ba="1,1" hai="2,4,9,10,13,19,38,42,47,66,67,87,91,93" machi="9" ten="20,5200,0" yaku="1,1,2,1,0,1,7,1,53,0" doraHai="53" doraHaiUra="134" who="1" fromWho="1" sc="235,-14,125,65,331,-27,299,-14" /><INIT seed="3,0,0,3,3,11" ten="221,190,304,285" oya="3" hai0="65,35,22,63,81,114,102,47,55,126,99,45,80" hai1="88,87,134,49,36,104,123,56,51,23,24,96,108" hai2="83,12,58,33,106,97,3,7,94,112,128,68,2" hai3="43,92,31,132,131,120,100,41,0,105,38,60,98"/><W113/><G120/><T82/><D35/><U1/><E36/><V9/><F68/><W69/><G113/><T5/><D126/><U109/><E1/><V34/><F112/><W76/><G0/><T89/><D114/><U72/><E72/><V119/><F119/><W14/><G38/><T75/><D75/><U28/><E123/><V25/><F128/><W135/><G131/><T124/><D5/><U70/><E70/><V26/><F106/><W16/><G31/><T125/><D89/><U57/><E134/><N who="3" m="51242" /><G76/><T64/><D22/><U129/><E129/><V77/><F3/><W86/><G86/><T62/><D124/><U127/><E127/><V48/><F33/><W111/><G105/><T17/><D17/><U116/><E116/><V91/><F34/><W18/><G111/><N who="1" m="42570" /><E51/><V20/><F2/><W85/><G85/><T90/><D125/><U115/><E49/><V21/><F21/><N who="3" m="11415" /><G18/><T50/><D47/><U29/><E29/><V8/><F20/><W10/><G10/><T79/><D79/><U19/><E28/><V84/><F9/><W52/><G69/><T95/><D80/><N who="1" m="49255" /><E115/><V93/><F94/><W15/><G15/><T44/><D81/><U61/><E104/><V74/><F74/><W110/><G110/><T130/><D130/><U13/><E24/><V73/><F73/><W78/><G78/><T32/><D32/><U66/><E96/><V59/><F48/><W6/><G6/><T37/><D37/><U117/><E117/><V53/><F59/><AGARI ba="0,0" hai="41,43,52,59,60,92,98,100" m="11415,51242" machi="59" ten="30,11600,0" yaku="20,1,52,1,54,2" doraHai="11" who="3" fromWho="2" sc="221,0,190,0,304,-116,285,116" /><INIT seed="3,1,0,2,4,112" ten="221,190,188,401" oya="3" hai0="31,81,67,3,120,116,104,127,129,24,42,132,110" hai1="124,15,1,75,95,47,29,111,62,125,70,83,23" hai2="65,108,73,121,87,32,101,9,92,96,72,2,53" hai3="13,46,7,94,26,35,74,61,8,86,40,79,135"/><W97/><G74/><T89/><D67/><U98/><E1/><V85/><F121/><W60/><G135/><T28/><D42/><U58/><E70/><V37/><F32/><W11/><G11/><T21/><D104/><U33/><E33/><V93/><F37/><W123/><G123/><T0/><D89/><U10/><E111/><V84/><F65/><W100/><G35/><T68/><D81/><U50/><E23/><V131/><F2/><W114/><G26/><T133/><D68/><U56/><E29/><V107/><F9/><W38/><REACH who="3" step="1"/><G114/><REACH who="3" ten="221,190,188,391" step="2"/><T57/><D120/><U119/><E75/><N who="2" m="28747" /><F108/><W115/><G115/><T106/><D110/><U6/><E10/><V71/><F71/><W51/><G51/><T48/><D48/><U43/><E50/><V80/><F131/><W130/><G130/><T19/><D129/><U78/><E6/><V16/><F16/><W52/><G52/><T59/><D132/><U103/><E15/><V44/><F53/><W4/><G4/><T39/><D133/><U27/><E27/><V63/><F63/><W36/><G36/><T102/><D39/><U54/><E54/><V20/><F20/><W117/><G117/><T34/><D0/><U66/><E119/><V126/><F126/><N who="1" m="48745" /><E62/><V122/><F122/><W91/><G91/><T18/><D3/><U134/><E134/><V22/><F22/><W77/><G77/><T88/><D127/><U14/><E14/><V90/><F44/><W5/><G5/><T41/><D34/><U105/><E47/><V109/><F109/><W82/><AGARI ba="1,1" hai="7,8,13,38,40,46,60,61,79,82,86,94,97,100" machi="82" ten="30,3000,0" yaku="1,1,0,1,53,0" doraHai="112" doraHaiUra="49" who="3" fromWho="3" sc="221,-11,190,-11,188,-11,391,43" /><INIT seed="3,2,0,1,4,133" ten="210,179,177,434" oya="3" hai0="29,82,1,20,115,124,22,93,7,34,15,79,58" hai1="119,8,125,131,123,3,19,135,9,94,122,24,21" hai2="96,17,70,116,67,109,114,111,2,31,107,42,45" hai3="64,11,59,104,127,71,56,63,57,110,121,112,128"/><W27/><G112/><T10/><D115/><U89/><E135/><V0/><F114/><W113/><G113/><T51/><D124/><U36/><E36/><N who="2" m="21703" /><F17/><W66/><G127/><T13/><D34/><U33/><E125/><V85/><F85/><W105/><G121/><T43/><D93/><U83/><E131/><V99/><F99/><W102/><G128/><T69/><D69/><U103/><E103/><N who="2" m="62951" /><F31/><W90/><G66/><T40/><D1/><N who="2" m="618" /><F116/><W108/><G11/><T132/><D132/><U72/><E119/><V74/><F74/><W14/><G14/><T46/><D58/><U32/><E9/><V95/><F95/><W26/><G90/><T41/><D15/><U49/><E122/><V97/><F97/><N who="3" m="61519" /><G105/><T4/><D4/><U16/><E123/><V35/><F35/><W101/><G101/><T25/><REACH who="0" step="1"/><D20/><REACH who="0" ten="200,179,177,434" step="2"/><U60/><E33/><V77/><F77/><W52/><G71/><T54/><D54/><U129/><E32/><V39/><F39/><W118/><G59/><T92/><D92/><U117/><E117/><V78/><F78/><W75/><G57/><T50/><D50/><U73/><E49/><V106/><F106/><W86/><G52/><T5/><D5/><N who="1" m="1087" /><E129/><V48/><F48/><W134/><G56/><T91/><D91/><U87/><E94/><V53/><F53/><W28/><G134/><T37/><D37/><U68/><E68/><V44/><F44/><W76/><G118/><T38/><D38/><U47/><E47/><V62/><AGARI ba="2,1" hai="62,67,70,109,111" m="618,62951,21703" machi="62" ten="30,1100,0" yaku="23,1" doraHai="133" who="2" fromWho="2" sc="200,-5,179,-5,177,27,434,-7" /><INIT seed="4,0,0,4,5,68" ten="195,174,204,427" oya="0" hai0="95,1,122,98,96,34,48,53,126,124,54,45,132" hai1="120,59,121,84,79,109,86,134,89,99,93,7,70" hai2="3,127,6,105,39,133,92,130,74,106,44,42,13" hai3="97,58,5,66,55,64,103,21,116,104,26,18,69"/><T2/><D122/><U85/><E70/><V119/><F13/><W100/><G116/><T71/><D71/><U129/><E7/><V0/><F92/><W49/><G69/><T46/><D34/><U131/><E59/><V114/><F44/><W80/><G5/><T15/><D15/><U110/><E79/><V63/><F63/><W94/><G104/><T76/><D76/><U112/><E134/><V4/><F42/><W128/><G128/><N who="1" m="49226" /><E112/><V24/><F24/><W62/><G80/><T51/><REACH who="0" step="1"/><D95/><REACH who="0" ten="185,174,204,427" step="2"/><U82/><E82/><V16/><F105/><W47/><G100/><T65/><D65/><AGARI ba="0,1" hai="18,21,26,47,49,55,58,62,64,65,66,94,97,103" machi="65" ten="30,2000,0" yaku="7,1,8,1" doraHai="68" who="3" fromWho="0" sc="185,-20,174,0,204,0,427,30" /><INIT seed="5,0,0,0,1,34" ten="165,174,204,457" oya="1" hai0="76,50,10,99,120,46,56,101,0,1,28,61,55" hai1="95,2,32,129,84,53,23,48,134,17,118,47,21" hai2="63,75,22,80,15,35,112,38,65,105,29,131,115" hai3="108,70,96,13,69,122,18,33,54,132,26,87,116"/><U78/><E118/><V59/><F105/><W68/><G122/><T88/><D120/><U37/><E32/><V123/><F123/><W41/><G116/><T106/><D76/><U83/><E129/><V98/><F131/><W91/><G108/><T36/><D28/><U67/><E134/><V92/><F38/><W3/><G41/><T11/><D36/><U64/><E2/><V31/><F35/><W126/><G3/><T30/><D30/><N who="2" m="11274" /><F75/><W58/><G26/><T119/><D119/><U19/><E37/><V85/><F112/><W94/><G33/><T73/><D73/><U14/><REACH who="1" step="1"/><E95/><REACH who="1" ten="165,164,204,457" step="2"/><V8/><F115/><W39/><G39/><T100/><D1/><U7/><E7/><V27/><F92/><W72/><G132/><T60/><D0/><U74/><E74/><V24/><F98/><W66/><G72/><T82/><D106/><U107/><E107/><V117/><F117/><W49/><G96/><T81/><D99/><U79/><E79/><N who="2" m="46239" /><F22/><N who="3" m="11599" /><G126/><T57/><D10/><U135/><E135/><V97/><F97/><W12/><G94/><T40/><D11/><U71/><E71/><V124/><F124/><W104/><G104/><T9/><D9/><U133/><E133/><V103/><F103/><W90/><G70/><T102/><REACH who="0" step="1"/><D88/><REACH who="0" ten="155,164,204,457" step="2"/><U128/><E128/><V42/><F8/><W130/><G91/><T125/><D125/><U16/><E16/><V121/><F121/><W52/><G130/><T127/><D127/><U62/><E62/><V114/><F63/><W77/><G90/><T93/><D93/><U25/><AGARI ba="0,2" hai="14,17,19,21,23,25,47,48,53,64,67,78,83,84" machi="25" ten="20,12000,1" yaku="1,1,0,1,7,1,8,1,53,1" doraHai="34" doraHaiUra="51" who="1" fromWho="1" sc="155,-40,164,140,204,-40,457,-40" /><INIT seed="5,1,0,5,0,95" ten="115,304,164,417" oya="1" hai0="135,50,35,74,126,19,97,67,85,80,46,124,127" hai1="0,118,27,128,105,77,3,134,102,15,41,38,11" hai2="116,10,86,89,12,84,78,39,7,26,132,83,112" hai3="51,133,119,55,91,52,98,4,42,70,131,75,16"/><U115/><E118/><V81/><F132/><W114/><G75/><T53/><D35/><U87/><E134/><V44/><F112/><W65/><G133/><T122/><D122/><U111/><E115/><V9/><F116/><W101/><G114/><T47/><D135/><U90/><E77/><V5/><F26/><W57/><G119/><T29/><D29/><U62/><E128/><V106/><F106/><W6/><G131/><T59/><D74/><U125/><E125/><V2/><F39/><W36/><G91/><T69/><D19/><U79/><E79/><V104/><F104/><N who="3" m="63543" /><G16/><T56/><D69/><U37/><E111/><V94/><F44/><N who="3" m="23623" /><G55/><T34/><D34/><U63/><E41/><V1/><F12/><W24/><G24/><T20/><D20/><U21/><E38/><V109/><F94/><W31/><G31/><T120/><D120/><U123/><E37/><V76/><REACH who="2" step="1"/><F89/><REACH who="2" ten="115,304,154,417" step="2"/><W93/><G93/><T130/><D130/><U48/><E123/><V88/><F88/><W73/><G73/><T30/><D30/><N who="1" m="17775" /><E105/><V40/><F40/><W121/><G121/><T117/><D117/><U61/><E102/><V100/><F100/><W103/><G103/><T107/><D107/><U110/><E110/><AGARI ba="1,1" hai="1,2,5,7,9,10,76,78,81,83,84,86,109,110" machi="110" ten="40,12000,2" yaku="1,1,32,3,53,2" doraHai="95" doraHaiUra="82" who="2" fromWho="1" sc="115,0,304,-123,154,133,417,0" /><INIT seed="6,0,0,0,3,89" ten="115,181,287,417" oya="2" hai0="8,83,43,53,19,14,27,17,127,105,20,98,93" hai1="124,51,37,47,108,66,130,110,129,1,76,69,7" hai2="41,101,50,0,123,16,107,52,80,28,88,35,135" hai3="22,38,122,12,85,49,58,128,120,104,111,3,4"/><V55/><F123/><W11/><G111/><N who="1" m="42538" /><E76/><V99/><F135/><W100/><G128/><N who="1" m="49258" /><E7/><V6/><F6/><W54/><G38/><T86/><D127/><U134/><E1/><V109/><F0/><W92/><G104/><T73/><D105/><U15/><E15/><V32/><F109/><W102/><G102/><T61/><D73/><U115/><E124/><V10/><F41/><W117/><G117/><T72/><D72/><U33/><E33/><V79/><F28/><W63/><G63/><T121/><D121/><U126/><E126/><V113/><F113/><W39/><G39/><T119/><D119/><U36/><E134/><V13/><F55/><W95/><G100/><T67/><D86/><U106/><E106/><V84/><F79/><W57/><G120/><T90/><D83/><U112/><E66/><V116/><F116/><W40/><G122/><T31/><D43/><N who="1" m="25087" /><E69/><V114/><F114/><AGARI ba="0,0" hai="36,37,112,114,115" m="25087,49258,42538" machi="114" ten="40,8000,1" yaku="15,1,19,1,34,2" doraHai="89" who="1" fromWho="2" sc="115,0,181,80,287,-80,417,0" /><INIT seed="7,0,0,1,0,89" ten="115,261,207,417" oya="3" hai0="81,83,50,46,115,37,41,22,113,7,26,68,80" hai1="10,77,49,47,17,95,130,106,110,120,84,40,69" hai2="60,74,73,0,87,48,34,66,124,131,11,4,114" hai3="79,105,30,67,122,59,123,75,107,9,12,129,32"/><W55/><G67/><T127/><D68/><U64/><E120/><V97/><F114/><W14/><G129/><T71/><D71/><U108/><E106/><V125/><F48/><W82/><G14/><T16/><D7/><U72/><E130/><V5/><F131/><W33/><G105/><T104/><D104/><U103/><E72/><V8/><F87/><W90/><G107/><T24/><D127/><U36/><E36/><V119/><F97/><W116/><G116/><T132/><D132/><U62/><E77/><V39/><F39/><W57/><G57/><T53/><REACH who="0" step="1"/><D26/><REACH who="0" ten="105,261,207,417" step="2"/><U100/><E69/><N who="2" m="42183" /><F119/><W96/><G123/><T19/><D19/><U128/><E17/><V92/><F125/><W135/><G122/><T133/><D133/><U56/><E128/><V54/><F124/><W27/><G135/><T2/><D2/><U42/><E108/><V35/><F0/><W126/><G126/><T29/><D29/><U43/><E110/><V70/><F4/><W93/><G27/><T13/><D13/><U94/><E40/><V121/><F5/><W65/><G30/><T63/><D63/><U109/><E42/><V20/><F70/><W76/><G12/><T112/><D112/><U99/><E109/><V111/><F111/><W23/><G9/><T118/><D118/><U51/><E10/><V88/><F8/><W58/><G32/><T45/><AGARI ba="0,1" hai="16,22,24,37,41,45,46,50,53,80,81,83,113,115" machi="45" ten="40,5200,0" yaku="1,1,0,1,54,1,53,0" doraHai="89" doraHaiUra="98" who="0" fromWho="0" sc="105,62,261,-13,207,-13,417,-26" owari="167,-33.0,248,5.0,194,-21.0,391,49.0" /></mjloggm>