<mjloggm ver="2.3"><GO type="169" lobby="0"/><UN n0="%E3%81%84%E3%81%84%E3%81%84%E3%81%84%E3%81%84%E3%81%84%E3%81%84%E3%81%84" n1="%E3%83%88%E3%83%88%E3%83%AA%E5%85%88%E7%94%9F%31%39%E6%AD%B3" n2="%E3%81%AB%E3%81%9B%E8%A5%BF%E5%9C%92%E5%AF%BA" n3="%E3%81%93%E3%81%91%E3%81%97" dan="16,19,16,17" rate="2018.76,2295.08,2089.39,2241.26" sx="M,F,M,M"/><TAIKYOKU oya="0"/><INIT seed="0,0,0,1,1,21" ten="250,250,250,250" oya="0" hai0="132,72,64,89,62,36,71,80,115,117,98,110,28" hai1="92,47,135,8,52,126,20,124,85,87,91,49,1" hai2="61,75,102,83,39,43,100,90,38,127,60,54,78" hai3="18,22,24,56,82,114,99,25,66,77,120,11,13"/><T0/><D115/><U67/><E135/><V32/><F32/><W27/><G114/><T123/><D117/><U121/><E121/><V112/><F112/><W107/><G120/><T86/><D123/><U17/><E67/><V37/><F127/><N who="1" m="48681" /><E1/><V109/><F109/><W76/><G107/><T50/><D36/><U133/><E8/><V73/><F43/><W63/><G99/><T2/><D132/><U57/><E133/><V58/><F73/><W31/><REACH who="3" step="1"/><G77/><REACH who="3" ten="250,250,250,240" step="2"/><T3/><D110/><U46/><E87/><AGARI ba="0,1" hai="11,13,18,22,24,25,27,31,56,63,66,76,82,87" machi="87" ten="30,12000,2" yaku="1,1,2,1,7,1,8,1,52,3,53,0" doraHai="21" doraHaiUra="48" who="3" fromWho="1" sc="250,0,250,-120,250,0,240,130" /><INIT seed="1,0,0,5,2,11" ten="250,130,250,370" oya="1" hai0="22,55,49,50,56,24,5,18,108,14,28,1,74" hai1="10,44,36,37,51,47,131,135,68,84,23,134,8" hai2="38,40,129,89,120,61,69,127,29,87,92,25,46" hai3="48,3,125,80,33,59,107,9,90,72,63,73,116"/><U118/><E68/><V113/><F120/><W42/><G107/><T15/><D74/><U95/><E118/><V101/><F127/><W82/><G125/><T20/><D108/><U93/><E23/><V105/><F129/><W76/><G33/><T99/><D99/><U43/><E84/><V6/><F113/><W117/><G42/><T102/><D102/><U13/><E131/><V7/><F105/><W17/><G48/><T130/><D130/><U65/><E65/><V53/><F101/><W75/><G90/><T26/><REACH who="0" step="1"/><D50/><REACH who="0" ten="240,130,250,370" step="2"/><U128/><E128/><V70/><F87/><W60/><G75/><T52/><D52/><N who="1" m="29799" /><E37/><V96/><F53/><W109/><G109/><T79/><D79/><U94/><E36/><V12/><F38/><W123/><G73/><T97/><D97/><U16/><E43/><V104/><F40/><W77/><G76/><T4/><D4/><U45/><E135/><V54/><F7/><W86/><G77/><T34/><D34/><U122/><E134/><V114/><F6/><W121/><G72/><T126/><D126/><U110/><E110/><V71/><F96/><W81/><G117/><T83/><D83/><U64/><E122/><V119/><F119/><W115/><G82/><T39/><D39/><U58/><E8/><AGARI ba="0,1" hai="1,5,8,14,15,18,20,22,24,26,28,49,55,56" machi="8" ten="40,5200,0" yaku="1,1,52,2,53,0" doraHai="11" doraHaiUra="31" who="0" fromWho="1" sc="240,62,130,-52,250,0,370,0" /><INIT seed="2,0,0,1,5,44" ten="302,78,250,370" oya="2" hai0="121,132,106,22,29,5,76,0,28,68,82,57,77" hai1="98,135,109,50,21,113,41,84,110,9,74,7,64" hai2="90,25,91,42,72,58,36,130,69,112,81,59,83" hai3="23,87,8,66,85,31,78,46,114,49,20,111,60"/><V108/><F112/><W61/><G114/><T52/><D68/><U39/><E113/><V27/><F69/><W67/><G111/><N who="1" m="42506" /><E74/><V120/><F120/><W33/><G33/><T93/><D106/><U54/><E64/><N who="3" m="24618" /><G8/><T104/><D104/><U17/><E98/><V12/><F108/><W2/><G2/><T4/><D132/><U123/><E135/><V99/><F12/><W26/><G23/><T73/><D77/><U30/><E30/><V92/><F130/><W94/><G94/><T124/><D124/><U15/><E84/><N who="3" m="32330" /><G78/><T3/><D73/><U105/><E105/><V86/><F72/><W35/><G35/><T125/><D76/><U10/><E123/><V127/><F127/><W96/><G96/><T128/><D128/><U122/><E122/><V101/><F86/><W48/><G48/><N who="0" m="30855" /><D82/><U95/><E39/><V118/><F36/><W6/><G6/><N who="0" m="2667" /><D3/><U102/><E7/><V131/><F99/><W70/><G70/><T65/><D0/><U43/><E102/><V34/><F34/><W53/><AGARI ba="0,0" hai="20,26,31,46,49,53,60,61" m="32330,24618" machi="53" ten="30,2000,0" yaku="8,1,52,1" doraHai="44" who="3" fromWho="3" sc="302,-5,78,-5,250,-10,370,20" /><INIT seed="3,0,0,2,0,90" ten="297,73,240,390" oya="3" hai0="11,112,4,17,107,21,79,115,25,72,108,19,36" hai1="126,88,98,71,55,23,67,13,52,116,131,40,68" hai2="60,128,123,96,85,49,94,117,57,75,82,99,97" hai3="42,12,15,16,91,8,29,33,125,81,37,127,64"/><W113/><G113/><N who="0" m="43595" /><D36/><U73/><E73/><V104/><F117/><W93/><G64/><T46/><D107/><U124/><E40/><V101/><F128/><W87/><G33/><T134/><D72/><U6/><E131/><V1/><F1/><W119/><G29/><N who="0" m="17583" /><D46/><U121/><E121/><V58/><F123/><W9/><G119/><T38/><D79/><U133/><E133/><V66/><F75/><W78/><G42/><T100/><D100/><U76/><E76/><N who="2" m="46279" /><F104/><W59/><G59/><T34/><D38/><U122/><E122/><V3/><F3/><W2/><G37/><T77/><D77/><U20/><E116/><V120/><F120/><W92/><G2/><N who="0" m="407" /><D134/><U132/><E132/><V35/><F35/><W63/><G63/><T111/><D34/><U0/><E0/><V24/><F58/><W14/><G78/><T10/><D10/><N who="1" m="4311" /><E67/><V50/><F50/><W102/><G9/><T30/><D30/><U110/><E68/><V47/><F49/><W32/><G32/><T130/><D130/><U105/><E105/><V56/><F56/><W135/><G135/><T84/><D84/><U80/><E71/><V39/><F47/><W62/><G62/><T41/><D41/><U27/><E80/><V86/><F39/><W22/><G8/><T95/><D95/><N who="3" m="36425" /><G102/><T69/><D69/><U65/><E65/><V103/><F103/><W129/><G129/><T31/><D31/><U5/><E55/><V61/><F101/><W83/><G83/><T51/><D51/><U109/><E52/><V106/><F66/><W53/><G53/><T54/><D54/><RYUUKYOKU ba="0,0" sc="297,15,73,-15,240,-15,390,15" hai0="17,19,108,111" hai3="12,14,15,16,22,81,87,91,125,127" /><INIT seed="3,1,0,1,5,65" ten="312,58,225,405" oya="3" hai0="28,6,110,57,91,60,35,113,112,132,90,21,131" hai1="52,92,42,101,135,94,122,126,62,31,54,111,39" hai2="85,74,27,130,133,40,22,18,0,46,95,19,15" hai3="64,121,43,20,81,125,16,114,93,83,66,80,123"/><W129/><G114/><N who="0" m="44139" /><D35/><U97/><E122/><V50/><F74/><W41/><G129/><T71/><D71/><U12/><E111/><V104/><F104/><W13/><G125/><T127/><D127/><U26/><E126/><V5/><F130/><W107/><G107/><T63/><D110/><U9/><E135/><V103/><F133/><W105/><G105/><T116/><D132/><U115/><E115/><V8/><F103/><W82/><G82/><T106/><D106/><U84/><E62/><V69/><F69/><W72/><G72/><T79/><D116/><U17/><E42/><N who="3" m="15882" /><G123/><T73/><D6/><U96/><E84/><V102/><F102/><W109/><G121/><T108/><D108/><U30/><E39/><V87/><REACH who="2" step="1"/><F95/><REACH who="2" ten="312,58,215,405" step="2"/><W118/><G109/><T78/><D73/><U59/><E59/><V119/><F119/><W1/><G118/><T134/><D134/><U98/><E98/><V33/><F33/><W29/><G93/><T47/><D47/><U11/><E94/><V48/><F48/><W86/><G86/><T70/><D70/><U38/><E97/><V99/><F99/><W36/><G36/><T24/><D131/><U55/><E38/><V124/><F124/><W34/><G34/><T61/><D57/><U56/><E56/><V44/><F44/><W14/><G81/><T32/><D32/><U117/><E117/><V49/><F49/><W89/><G83/><T68/><D68/><U58/><E58/><V100/><F100/><W128/><G80/><T25/><D25/><U2/><E26/><V4/><F4/><W45/><G128/><RYUUKYOKU ba="1,1" sc="312,10,58,10,215,10,405,-30" hai0="21,24,28,60,61,63,78,79,90,91" hai1="2,9,11,12,17,30,31,52,54,55,92,96,101" hai2="0,5,8,15,18,19,22,27,40,46,50,85,87" /><INIT seed="4,2,1,2,2,65" ten="322,68,225,375" oya="0" hai0="80,16,126,100,135,57,9,123,50,98,25,18,5" hai1="29,63,2,130,30,116,110,59,85,70,48,90,101" hai2="93,113,109,37,19,61,84,62,96,122,77,8,58" hai3="24,35,111,120,49,14,26,47,102,39,132,55,15"/><T131/><D123/><U42/><E116/><V86/><F113/><W78/><G111/><T88/><D131/><U128/><E110/><V79/><F109/><W44/><G120/><T40/><D135/><U87/><E2/><V115/><F115/><W12/><G132/><T121/><D121/><U11/><E11/><V0/><F37/><W103/><G78/><N who="2" m="29705" /><F0/><W66/><G66/><T41/><D126/><U129/><E101/><N who="3" m="38410" /><G35/><T91/><D5/><U73/><E73/><V54/><F62/><W68/><G68/><T34/><D34/><U94/><E85/><V74/><F74/><W13/><G39/><T27/><D100/><U22/><E70/><V31/><F31/><W83/><G83/><T117/><D117/><U69/><E69/><V89/><F122/><W119/><G119/><T36/><D36/><U104/><E104/><V56/><F58/><N who="3" m="33135" /><G15/><AGARI ba="2,1" hai="8,15,19,54,56,61,84,86,89,93,96" m="29705" machi="15" ten="30,1000,0" yaku="8,1" doraHai="65" who="2" fromWho="3" sc="322,0,68,0,225,26,375,-16" /><INIT seed="5,0,0,5,3,9" ten="322,68,251,359" oya="1" hai0="118,67,58,21,44,77,42,107,105,56,83,27,38" hai1="92,85,130,41,47,12,31,17,120,29,59,43,32" hai2="89,0,129,86,124,40,78,76,53,96,46,49,51" hai3="64,25,66,101,91,90,74,110,87,116,24,68,61"/><U131/><E120/><V95/><F0/><W98/><G110/><T112/><D118/><U81/><E92/><V33/><F33/><W106/><G74/><T132/><D112/><U111/><E111/><V30/><F30/><W94/><G116/><T114/><D114/><U20/><E59/><V133/><F124/><W99/><G66/><T48/><D132/><U37/><E43/><V52/><F129/><W3/><G3/><T127/><D127/><U125/><E125/><V69/><F69/><W104/><G104/><T2/><D2/><U134/><E134/><V16/><F133/><W108/><G108/><T36/><D36/><U80/><E80/><AGARI ba="0,0" hai="24,25,61,64,68,80,87,90,91,94,98,99,101,106" machi="80" ten="30,1000,0" yaku="7,1" doraHai="9" who="3" fromWho="1" sc="322,0,68,-10,251,0,359,10" /><INIT seed="6,0,0,4,3,46" ten="322,58,251,369" oya="2" hai0="128,50,6,132,102,91,116,39,129,4,27,94,83" hai1="0,122,28,95,99,84,71,34,101,87,52,80,98" hai2="90,107,77,123,18,8,23,38,47,42,112,45,25" hai3="59,76,86,108,26,40,66,11,30,21,29,33,22"/><V63/><F123/><W81/><G108/><T15/><D39/><U124/><E124/><V53/><F107/><W51/><G11/><T114/><D114/><U70/><E122/><V5/><F112/><W49/><G40/><T82/><D132/><U37/><E0/><V14/><F77/><W32/><G32/><T134/><D134/><U19/><E37/><V36/><F90/><W65/><G33/><T54/><D102/><U111/><E111/><V55/><F63/><N who="3" m="38143" /><G66/><T2/><D2/><U127/><E127/><V75/><F75/><W88/><G76/><T1/><D1/><U10/><E98/><V41/><AGARI ba="0,0" hai="5,8,14,18,23,25,36,38,41,42,45,47,53,55" machi="41" ten="30,3000,0" yaku="0,1,9,1" doraHai="46" who="2" fromWho="2" sc="322,-10,58,-10,251,30,369,-10" /><INIT seed="6,1,0,2,5,129" ten="312,48,281,359" oya="2" hai0="93,24,1,81,57,17,22,83,54,52,105,0,38" hai1="80,102,73,65,70,26,13,41,78,84,116,91,125" hai2="134,45,2,6,94,58,97,16,43,66,8,42,114" hai3="106,75,76,37,46,86,98,87,40,32,118,100,101"/><V33/><F33/><W18/><G118/><T10/><D105/><U112/><E112/><V135/><F114/><W63/><G32/><T39/><D39/><U25/><E125/><V89/><F16/><W44/><G100/><T71/><D71/><U103/><E116/><V4/><F4/><W47/><G63/><N who="0" m="36263" /><D38/><U133/><E41/><V113/><F113/><W79/><G18/><T51/><D1/><U56/><E70/><V12/><F2/><W107/><G107/><T60/><D60/><U123/><E123/><V31/><F31/><W68/><G68/><T62/><D62/><N who="1" m="38087" /><E73/><V7/><F66/><W36/><G75/><T67/><D67/><U21/><E78/><V27/><F58/><W59/><G59/><N who="0" m="33247" /><D0/><U5/><E133/><N who="2" m="50699" /><F27/><N who="1" m="10249" /><E21/><V55/><F7/><W9/><G36/><T29/><D10/><AGARI ba="1,0" hai="5,10,13,80,84,91,102,103" m="10249,38087" machi="10" ten="30,1000,0" yaku="8,1" doraHai="129" who="1" fromWho="0" sc="312,-13,48,13,281,0,359,0" /><INIT seed="7,0,0,2,0,4" ten="299,61,281,359" oya="3" hai0="48,68,84,95,33,132,26,21,108,56,47,94,35" hai1="62,89,65,28,34,124,93,43,81,122,114,118,24" hai2="7,113,54,131,15,96,8,127,77,134,60,11,3" hai3="115,80,99,76,135,82,83,130,86,13,63,106,103"/><W17/><G115/><T107/><D107/><U14/><E124/><V0/><F113/><W85/><G130/><T74/><D74/><U41/><E122/><V52/><F131/><W104/><G135/><T75/><D75/><U37/><E118/><V67/><F134/><W46/><G63/><T109/><D68/><U64/><E114/><V40/><F127/><W59/><G59/><T91/><D132/><U116/><E116/><V1/><F77/><W57/><G57/><T72/><D72/><U50/><E37/><V117/><F117/><W119/><G119/><T39/><D39/><U111/><E111/><V2/><F40/><W53/><G106/><T31/><D56/><U12/><E12/><V36/><F36/><W25/><G25/><T97/><D35/><U92/><E64/><V38/><F38/><W58/><G85/><T105/><D33/><U133/><E133/><V45/><F96/><W49/><G58/><T102/><REACH who="0" step="1"/><D105/><REACH who="0" ten="289,61,281,359" step="2"/><U128/><E128/><V19/><REACH who="2" step="1"/><F45/><REACH who="2" ten="289,61,271,359" step="2"/><W90/><G76/><T27/><D27/><U20/><E34/><V5/><F5/><W71/><G71/><AGARI ba="0,2" hai="0,1,2,3,7,8,11,15,19,52,54,60,67,71" machi="71" ten="40,8000,1" yaku="1,1,52,2,54,1,53,0" doraHai="4" doraHaiUra="55" who="2" fromWho="3" sc="289,0,61,0,271,100,359,-80" owari="289,9.0,61,-44.0,371,47.0,279,-12.0" /></mjloggm>