<mjloggm ver="2.3"><GO type="169" lobby="0"/><UN n0="%E3%82%A6%E3%83%AB%E3%83%88%E3%83%A9%E7%AB%8B%E7%9B%B4" n1="%E3%81%8E%E3%82%93%E2%98%85%E3%81%8E%E3%82%93" n2="%E3%83%9F%E3%83%89%E3%82%AC%E3%83%AD%E3%83%B3" n3="%E3%83%A1%E3%83%B3%E3%83%94%E3%83%B3" dan="19,16,16,16" rate="2291.24,2103.54,2115.84,2113.75" sx="M,M,M,M"/><TAIKYOKU oya="0"/><INIT seed="0,0,0,1,1,120" ten="250,250,250,250" oya="0" hai0="34,33,31,56,53,11,109,5,127,106,95,78,96" hai1="124,121,111,90,25,28,38,20,44,12,18,64,81" hai2="0,17,82,128,60,24,41,26,84,108,7,77,49" hai3="1,130,103,114,47,102,93,115,67,71,91,99,19"/><T32/><D106/><U63/><E121/><V43/><F128/><W86/><G1/><T80/><D127/><U16/><E124/><V129/><F129/><W13/><G130/><T119/><D119/><U54/><E38/><V118/><F118/><W72/><G72/><T85/><D31/><U9/><E111/><V4/><F108/><W87/><G102/><T75/><D109/><U62/><E28/><V123/><F123/><W135/><G135/><T48/><D75/><U83/><E64/><V92/><F0/><W117/><G86/><T88/><REACH who="0" step="1"/><D34/><REACH who="0" ten="240,250,250,250" step="2"/><U59/><E44/><N who="2" m="25743" /><F4/><W21/><G117/><T30/><D30/><U79/><E79/><V133/><F7/><W55/><G47/><T61/><D61/><U76/><E76/><V107/><F107/><W23/><G115/><T134/><D134/><U74/><E74/><V125/><F125/><W14/><G114/><T97/><D97/><U45/><E45/><V122/><F133/><W35/><G35/><T73/><D73/><U110/><E110/><V22/><F122/><W8/><G99/><T104/><D104/><U6/><E63/><V132/><F132/><W116/><G116/><T112/><D112/><U98/><E6/><V46/><F60/><W89/><G19/><T52/><D52/><U69/><E69/><V10/><F17/><W101/><G71/><T66/><D66/><U36/><E36/><V58/><F77/><W3/><G67/><T27/><D27/><U57/><E57/><V126/><F126/><W94/><G55/><T68/><D68/><U29/><E29/><V37/><F26/><RYUUKYOKU ba="0,1" sc="240,15,250,15,250,-15,250,-15" hai0="5,11,32,33,48,53,56,78,80,85,88,95,96" hai1="9,12,16,18,20,25,54,59,62,81,83,90,98" /><INIT seed="0,1,1,4,0,37" ten="255,265,235,235" oya="0" hai0="129,12,123,5,133,36,35,13,110,81,69,101,62" hai1="77,44,122,74,99,50,85,131,4,30,91,31,82" hai2="11,83,132,75,52,134,26,98,15,55,1,78,119" hai3="120,22,27,20,114,72,57,16,127,96,42,105,28"/><T47/><D123/><U115/><E122/><V125/><F1/><W64/><G120/><T89/><D35/><U51/><E131/><V124/><F26/><W46/><G114/><T29/><D29/><U23/><E115/><V121/><F98/><W79/><G127/><N who="2" m="48713" /><F121/><W111/><G111/><T92/><D110/><U49/><E4/><N who="2" m="3559" /><F119/><W107/><G96/><T9/><D129/><U45/><E99/><V93/><F93/><W56/><G79/><T70/><D133/><AGARI ba="1,1" hai="52,55,75,78,83,132,133,134" m="3559,48713" machi="133" ten="30,3900,0" yaku="20,1,18,1,54,1" doraHai="37" who="2" fromWho="0" sc="255,-42,265,0,235,52,235,0" /><INIT seed="1,0,0,1,4,25" ten="213,265,287,235" oya="1" hai0="29,61,51,99,80,83,120,127,55,92,101,14,13" hai1="65,38,76,41,42,87,100,94,7,124,28,69,10" hai2="19,43,6,22,103,73,60,18,135,88,128,26,81" hai3="111,108,134,77,4,133,117,57,49,59,9,20,79"/><U74/><E124/><V125/><F125/><W53/><G117/><T11/><D120/><U39/><E42/><V64/><F135/><N who="3" m="51723" /><G57/><T132/><D132/><U54/><E54/><V35/><F35/><W70/><G70/><T27/><D61/><U3/><E87/><V123/><F123/><W52/><G53/><T112/><D112/><U110/><E94/><V122/><F122/><W33/><G33/><T105/><D105/><U30/><E100/><V89/><F103/><W31/><G20/><N who="0" m="15591" /><D127/><U97/><E97/><V71/><F6/><W40/><G40/><T102/><D102/><U58/><E58/><V113/><F128/><W86/><G86/><T17/><D14/><U12/><E12/><V95/><F43/><W21/><G21/><T85/><D85/><U16/><E16/><V130/><F130/><W78/><G31/><T0/><D0/><AGARI ba="0,0" hai="0,4,9,49,52,59,77,78,79,108,111" m="51723" machi="0" ten="30,2000,0" yaku="20,1,54,1" doraHai="25" who="3" fromWho="0" sc="213,-20,265,0,287,0,235,20" /><INIT seed="2,0,0,4,0,126" ten="193,265,287,255" oya="2" hai0="48,25,15,23,64,89,98,14,12,127,121,101,54" hai1="110,85,83,81,32,120,108,105,131,10,57,39,76" hai2="6,94,135,82,75,103,49,66,45,53,91,78,5" hai3="9,50,29,134,52,68,11,55,26,33,87,80,63"/><V107/><F135/><W60/><G134/><T73/><D73/><U19/><E32/><V18/><F66/><W71/><G71/><T43/><D121/><U109/><E39/><V114/><F114/><W40/><G40/><T7/><D127/><U4/><E120/><V24/><F24/><W93/><G93/><T47/><D64/><U124/><E124/><V27/><F27/><W8/><G68/><T16/><D89/><U31/><E31/><V13/><F103/><W56/><REACH who="3" step="1"/><G55/><REACH who="3" ten="193,265,287,245" step="2"/><T58/><D7/><U1/><E105/><V104/><F104/><W42/><G42/><T51/><REACH who="0" step="1"/><D25/><REACH who="0" ten="183,265,287,245" step="2"/><U65/><E4/><V34/><F5/><W128/><G128/><T61/><D61/><U88/><E131/><V20/><F6/><W30/><G30/><T99/><D99/><U72/><E19/><V86/><F107/><AGARI ba="0,2" hai="12,14,15,16,23,43,47,48,51,54,58,98,101,107" machi="107" ten="30,7700,0" yaku="1,1,7,1,54,1,53,1" doraHai="126" doraHaiUra="92" who="0" fromWho="2" sc="183,97,265,0,287,-77,245,0" /><INIT seed="3,0,0,1,1,4" ten="280,265,210,245" oya="3" hai0="30,83,40,16,20,135,37,128,71,56,25,84,1" hai1="131,121,116,92,87,5,133,43,125,69,95,93,85" hai2="2,53,36,41,7,42,129,115,51,96,81,18,132" hai3="60,122,80,24,101,124,68,79,48,21,39,31,61"/><W23/><G39/><T27/><D71/><U77/><E69/><V98/><F115/><W52/><G122/><T126/><D128/><U17/><E121/><V19/><F129/><W102/><G124/><T91/><D135/><U127/><E131/><V86/><F132/><W114/><G114/><T130/><D130/><U109/><E133/><V73/><F98/><W12/><G102/><T64/><D1/><U67/><E5/><V59/><F96/><W13/><G101/><T118/><D118/><U100/><E43/><V103/><F103/><W123/><G123/><T88/><D126/><N who="1" m="48139" /><E67/><V82/><F82/><W78/><G78/><T15/><D40/><U6/><E6/><V57/><F57/><W8/><G23/><T99/><D37/><U54/><E116/><V44/><F42/><W35/><G35/><T110/><D110/><U120/><E109/><V47/><F47/><W62/><G68/><T106/><D106/><U65/><E65/><V112/><F112/><W134/><G134/><T107/><D107/><U94/><E54/><V76/><REACH who="2" step="1"/><F86/><REACH who="2" ten="280,265,200,245" step="2"/><N who="1" m="32777" /><E120/><V50/><F50/><W29/><G48/><T108/><D108/><U55/><E100/><V49/><F49/><W32/><G80/><T104/><D83/><U22/><E95/><V97/><F97/><W14/><G79/><T66/><D99/><U90/><E77/><V38/><F38/><W111/><G111/><T74/><D104/><U113/><E113/><V75/><F75/><W72/><G72/><T45/><D74/><U105/><E105/><V3/><F3/><W33/><G61/><T70/><D70/><RYUUKYOKU ba="0,1" sc="280,-10,265,-10,200,30,245,-10" hai2="2,7,18,19,36,41,44,51,53,59,73,76,81" /><INIT seed="4,1,1,0,0,109" ten="270,255,230,235" oya="0" hai0="30,132,126,99,91,36,119,89,77,51,45,44,115" hai1="82,48,113,24,2,35,27,29,129,134,21,7,76" hai2="74,121,32,9,58,69,19,20,3,111,123,26,12" hai3="50,62,57,100,90,38,28,105,107,63,85,131,128"/><T0/><D0/><U66/><E134/><V59/><F69/><W31/><G38/><T22/><D119/><U79/><E129/><N who="3" m="49738" /><G50/><T98/><D36/><U94/><E66/><V125/><F74/><W47/><G47/><T17/><D30/><N who="3" m="11305" /><G100/><T88/><D132/><U46/><E7/><V93/><F111/><W13/><G13/><T61/><D126/><U10/><E2/><V86/><F125/><W56/><G56/><T15/><D115/><U122/><E10/><V37/><F37/><W8/><G8/><T23/><D61/><N who="3" m="23049" /><G57/><T96/><D77/><U55/><E79/><V97/><F58/><W42/><G42/><T87/><D23/><U5/><E5/><V34/><F59/><W106/><G85/><T64/><D64/><U65/><E65/><V101/><F86/><W67/><G67/><T1/><D1/><U40/><E40/><V103/><F103/><W14/><G14/><T116/><D116/><U102/><E21/><V95/><F3/><W25/><G90/><N who="0" m="34923" /><D51/><U130/><E130/><V80/><F34/><W135/><G135/><T33/><D33/><U127/><E127/><V78/><F32/><W52/><G25/><N who="1" m="9802" /><E35/><V39/><F39/><W110/><G110/><T11/><D11/><U108/><E29/><V112/><F9/><W117/><G117/><T6/><D6/><U49/><E108/><V118/><F118/><W18/><G18/><T4/><D4/><U60/><E60/><V84/><F26/><W92/><G92/><AGARI ba="1,1" hai="15,17,22,44,45,87,91,92,96,98,99" m="34923" machi="92" ten="30,2900,0" yaku="8,1,54,1" doraHai="109" who="0" fromWho="3" sc="270,42,255,0,230,0,235,-32" /><INIT seed="4,2,0,1,0,65" ten="312,255,230,203" oya="0" hai0="73,95,8,93,55,74,21,36,88,66,108,22,26" hai1="117,11,41,89,0,101,92,78,39,35,94,106,50" hai2="4,87,51,128,105,103,97,61,129,84,31,5,76" hai3="34,10,37,45,96,20,57,59,121,80,6,64,3"/><T77/><D36/><U54/><E117/><V2/><F31/><W9/><G34/><T60/><D108/><U14/><E35/><V119/><F119/><W134/><G134/><T83/><D73/><U49/><E0/><V99/><F99/><W33/><G33/><T110/><D110/><U67/><E78/><V132/><F132/><W126/><G126/><T72/><D72/><U63/><E39/><V115/><F115/><W29/><G121/><T130/><D130/><U52/><E41/><V135/><F135/><W12/><G80/><T48/><D8/><U15/><E106/><V28/><F28/><W25/><G96/><T44/><D26/><U90/><E101/><V91/><F76/><W23/><G23/><T102/><D102/><U112/><E112/><V71/><F51/><N who="1" m="19465" /><E67/><N who="2" m="41455" /><F91/><N who="1" m="34825" /><E63/><V24/><F24/><W124/><G124/><T13/><D13/><N who="1" m="4619" /><E11/><N who="2" m="2455" /><F5/><W79/><G79/><T114/><D114/><U111/><E111/><V30/><F30/><W58/><G64/><T46/><D46/><U116/><E116/><V19/><F19/><W127/><G127/><T62/><D62/><U42/><E42/><V43/><F43/><W123/><G123/><T68/><D95/><AGARI ba="2,0" hai="52,54,92,94,95" m="4619,34825,19465" machi="95" ten="30,7700,0" yaku="28,2,8,1,54,1" doraHai="65" who="1" fromWho="0" sc="312,-83,255,83,230,0,203,0" /><INIT seed="5,0,0,2,3,96" ten="229,338,230,203" oya="1" hai0="38,83,33,0,107,12,14,59,82,99,31,134,92" hai1="70,127,64,114,26,68,5,2,47,79,63,80,106" hai2="4,54,42,67,135,121,108,84,117,118,46,62,41" hai3="112,56,81,128,43,97,40,8,39,115,57,86,58"/><U32/><E114/><V27/><F4/><W28/><G128/><T9/><D107/><U71/><E127/><V95/><F27/><W17/><G28/><T49/><D38/><U100/><E47/><V45/><F84/><W105/><G17/><T101/><D134/><U91/><E91/><V120/><F95/><W126/><G126/><T74/><D74/><N who="1" m="43127" /><E5/><V65/><F108/><W72/><G72/><T20/><D33/><U16/><E16/><V119/><F54/><W131/><G8/><T48/><D0/><U36/><E2/><V18/><F18/><W24/><G24/><N who="0" m="16775" /><D14/><U78/><E78/><V109/><F109/><W69/><G131/><T124/><D124/><U1/><E1/><V123/><F135/><W61/><G115/><T116/><D116/><U111/><E36/><V30/><F30/><W88/><G39/><T104/><D104/><U98/><E111/><V89/><F89/><W21/><G112/><T15/><D15/><U102/><E102/><V35/><F35/><W113/><G113/><T23/><D23/><U37/><E37/><V132/><F132/><W19/><G21/><T53/><D49/><U85/><E85/><V130/><F130/><W122/><G19/><AGARI ba="0,0" hai="9,12,19,48,53,59,82,83,92,99,101" m="16775" machi="19" ten="30,2000,0" yaku="8,1,52,1" doraHai="96" who="0" fromWho="3" sc="229,20,338,0,230,0,203,-20" /><INIT seed="6,0,0,2,4,83" ten="249,338,230,183" oya="2" hai0="25,8,59,102,100,124,69,10,77,115,72,114,125" hai1="17,33,81,120,21,60,29,51,79,19,2,110,14" hai2="78,15,62,88,12,5,113,133,52,0,13,64,30" hai3="97,82,48,54,129,132,95,96,94,109,74,39,75"/><V7/><F78/><W106/><G39/><T50/><D69/><U41/><E110/><V22/><F0/><W45/><G109/><T27/><D50/><U84/><E2/><V135/><F113/><N who="0" m="43018" /><D59/><U43/><E120/><V93/><F22/><W36/><G132/><N who="2" m="50761" /><F30/><W44/><G129/><T76/><D72/><U86/><E33/><V91/><F91/><W1/><G1/><T66/><D66/><U116/><E116/><V112/><F112/><W61/><G106/><T46/><D46/><N who="1" m="26063" /><E43/><V119/><F119/><W49/><G61/><T58/><D58/><U37/><E37/><V3/><F3/><W26/><G36/><T98/><D77/><N who="1" m="46127" /><E60/><V89/><F89/><W71/><G71/><T28/><D76/><U131/><E131/><V123/><F123/><W40/><G82/><T34/><D102/><U65/><E65/><V126/><F126/><N who="0" m="48746" /><D27/><N who="1" m="16623" /><E79/><V127/><F127/><W121/><G121/><T104/><AGARI ba="0,0" hai="8,10,25,28,34,98,100,104" m="48746,43018" machi="104" ten="30,2000,0" yaku="15,1,18,1" doraHai="83" who="0" fromWho="0" sc="249,20,338,-5,230,-10,183,-5" /><INIT seed="7,0,0,0,3,24" ten="269,333,220,178" oya="3" hai0="86,125,33,45,49,110,87,105,108,127,112,119,26" hai1="99,25,35,36,23,70,113,34,83,9,64,109,54" hai2="50,104,123,13,42,20,93,29,114,128,32,106,98" hai3="102,120,133,58,11,84,4,7,5,118,51,44,97"/><W60/><G118/><T107/><D119/><U116/><E116/><V65/><F32/><W15/><G120/><T81/><D112/><U71/><E36/><V41/><F114/><W3/><G133/><T31/><D105/><U28/><E109/><V103/><F128/><W53/><G3/><T27/><D27/><U124/><E124/><N who="0" m="47689" /><D107/><U66/><E71/><V2/><F2/><W1/><G1/><T122/><D122/><U77/><E70/><V16/><F65/><W6/><G84/><N who="0" m="32299" /><D81/><U10/><E83/><V130/><F130/><W111/><G111/><T52/><AGARI ba="0,0" hai="26,31,33,45,49,52,108,110" m="32299,47689" machi="52" ten="30,4000,0" yaku="18,1,52,1,54,1" doraHai="24" who="0" fromWho="0" sc="269,40,333,-10,220,-10,178,-20" owari="309,11.0,323,42.0,210,-19.0,158,-34.0" /></mjloggm>