<mjloggm ver="2.3"><GO type="169" lobby="0"/><UN n0="%74%6F%6D%75%74%6F%6D%69" n1="%E3%83%A4%E3%82%B3%E3%83%96%E3%82%B3%E3%83%BC%E3%82%A8%E3%83%B3" n2="%E3%83%88%E3%83%88%E3%83%AA%E5%85%88%E7%94%9F%31%39%E6%AD%B3" n3="%E3%81%AB%E3%82%87%E3%82%8D%E3%83%BC%E3%82%93%E8%A9%A6%E4%BD%9C%E6%A9%9F" dan="17,17,19,17" rate="2155.51,2152.01,2313.31,2173.69" sx="M,M,F,M"/><TAIKYOKU oya="0"/><INIT seed="0,0,0,4,3,44" ten="250,250,250,250" oya="0" hai0="90,61,108,47,48,89,122,66,65,97,75,80,106" hai1="19,55,8,131,117,2,43,57,83,129,111,86,17" hai2="107,74,6,45,63,38,12,41,92,52,58,27,7" hai3="21,126,30,102,22,133,100,64,110,33,120,103,128"/><T118/><D118/><U59/><E117/><V70/><F107/><W53/><G110/><T46/><D122/><U132/><E111/><V36/><F74/><W113/><G113/><T77/><D108/><U72/><E72/><V35/><F38/><W40/><G128/><T134/><D47/><U71/><E43/><V42/><F42/><W62/><G133/><T95/><D134/><U91/><E59/><V87/><F12/><W37/><G126/><T9/><D9/><U25/><E71/><V50/><F35/><W121/><G53/><T13/><D13/><U96/><E96/><V49/><F27/><N who="3" m="18655" /><G40/><T5/><D5/><U135/><E135/><V116/><F116/><W3/><G3/><T114/><D114/><U10/><E2/><V15/><F15/><W101/><G101/><T29/><D29/><U18/><E25/><V32/><F32/><W4/><G4/><T88/><D106/><U23/><E23/><V54/><F36/><W119/><G37/><T94/><D61/><U93/><E132/><V109/><F109/><W81/><G81/><T39/><D39/><U98/><E131/><V1/><F1/><W124/><G124/><T28/><D28/><U105/><E105/><V115/><F115/><W85/><G119/><T123/><D123/><N who="3" m="47177" /><G85/><T0/><D0/><U51/><REACH who="1" step="1"/><E129/><REACH who="1" ten="250,240,250,250" step="2"/><V31/><F41/><W112/><G112/><T84/><D90/><AGARI ba="0,1" hai="8,10,17,18,19,51,55,57,83,86,90,91,93,98" machi="90" ten="40,8000,1" yaku="1,1,2,1,8,1,52,1,53,0" doraHai="44" doraHaiUra="127" who="1" fromWho="0" sc="250,-80,240,90,250,0,250,0" /><INIT seed="1,0,0,4,3,126" ten="170,330,250,250" oya="1" hai0="103,105,4,26,135,109,46,100,93,37,68,69,36" hai1="19,112,129,11,124,44,77,55,56,117,64,7,89" hai2="51,99,3,73,110,30,8,92,86,15,12,23,85" hai3="84,35,72,62,49,134,2,127,91,94,133,96,66"/><U29/><E117/><V59/><F73/><W53/><G35/><T9/><D109/><U98/><E112/><V21/><F3/><W58/><G2/><T33/><D93/><U28/><E64/><V71/><F71/><W115/><G115/><T52/><D135/><N who="3" m="51721" /><G72/><T123/><D123/><U18/><E77/><V38/><F38/><W120/><G127/><T87/><D87/><U97/><E44/><V78/><F110/><W128/><G120/><T122/><D122/><U119/><E119/><V102/><F15/><W74/><G74/><T0/><D100/><U20/><E19/><V113/><F113/><W107/><G107/><T67/><D52/><U130/><E97/><V80/><F30/><W54/><G54/><T45/><D46/><U114/><E89/><V65/><F85/><W22/><G22/><T47/><D45/><U132/><E98/><V57/><F51/><W39/><G84/><T14/><D14/><N who="1" m="5503" /><E114/><V25/><F65/><W27/><G27/><T82/><D82/><U63/><E124/><V95/><F95/><W70/><G39/><N who="0" m="14923" /><D47/><U16/><E132/><V83/><F83/><W5/><G5/><T116/><D116/><U101/><E101/><V88/><F78/><W13/><G13/><T32/><D67/><U118/><E118/><V34/><F34/><N who="0" m="13418" /><D26/><N who="1" m="14599" /><E18/><N who="2" m="12535" /><F21/><W17/><G17/><AGARI ba="0,0" hai="8,12,17,57,59,80,86,88,92,99,102" m="12535" machi="17" ten="30,2000,0" yaku="8,1,54,1" doraHai="126" who="2" fromWho="3" sc="170,0,330,0,250,20,250,-20" /><INIT seed="2,0,0,3,0,10" ten="170,330,270,230" oya="2" hai0="56,114,102,103,92,3,67,48,83,73,41,126,116" hai1="60,31,13,99,101,14,57,130,79,32,49,22,125" hai2="75,131,6,45,7,122,121,12,30,17,25,37,2" hai3="23,20,63,88,66,133,26,59,93,105,29,119,108"/><V44/><F75/><W72/><G119/><T120/><D114/><U134/><E32/><V68/><F68/><W5/><G72/><T51/><D120/><U43/><E79/><V98/><F131/><W78/><G78/><T112/><D112/><U65/><E130/><V34/><F122/><W97/><G105/><T27/><D3/><U111/><E125/><V127/><F121/><W46/><G133/><T16/><D126/><U54/><E134/><V53/><F127/><W21/><G108/><T1/><D1/><U86/><E86/><V117/><F117/><W90/><G5/><T100/><D116/><U95/><E43/><V50/><F2/><W64/><G64/><T81/><D73/><U38/><E38/><V11/><REACH who="2" step="1"/><F98/><REACH who="2" ten="170,330,260,230" step="2"/><W61/><G97/><T55/><D92/><U47/><E111/><V84/><F84/><W124/><G93/><T135/><D135/><U110/><E110/><V106/><F106/><W104/><G104/><T4/><D83/><U69/><E69/><V18/><F18/><W0/><G0/><T85/><D4/><U123/><E123/><V36/><F36/><W132/><G132/><T8/><D85/><U115/><E115/><V40/><AGARI ba="0,1" hai="6,7,11,12,17,25,30,34,37,40,44,45,50,53" machi="40" ten="30,6000,0" yaku="1,1,0,1,52,1,53,0" doraHai="10" doraHaiUra="62" who="2" fromWho="2" sc="170,-20,330,-20,260,70,230,-20" /><INIT seed="2,1,0,5,5,124" ten="150,310,330,210" oya="2" hai0="69,10,109,100,110,97,29,132,54,31,123,118,133" hai1="4,50,7,89,55,99,98,48,11,77,36,85,82" hai2="125,103,94,74,27,92,101,102,47,95,59,115,90" hai3="84,121,44,38,58,63,33,45,8,106,26,28,67"/><V1/><F1/><W17/><G106/><T86/><D69/><U42/><E36/><V6/><F115/><W21/><G121/><T35/><D123/><U9/><E48/><V105/><F6/><W116/><G116/><T56/><D118/><U126/><E126/><V52/><F125/><W32/><G32/><T129/><D86/><U34/><E34/><V61/><F105/><W72/><G72/><T18/><D129/><U24/><E24/><V14/><F74/><W131/><G131/><T16/><D35/><U41/><E41/><V40/><F14/><N who="3" m="7367" /><G33/><T71/><D71/><U66/><E66/><V12/><F12/><W127/><G38/><T53/><D97/><U96/><E42/><V111/><F111/><N who="0" m="42506" /><D100/><U2/><E77/><V49/><REACH who="2" step="1"/><F27/><REACH who="2" ten="150,310,320,210" step="2"/><W122/><G127/><T43/><D10/><N who="1" m="3595" /><E2/><V87/><AGARI ba="1,1" hai="40,47,49,52,59,61,87,90,92,94,95,101,102,103" machi="87" ten="30,12000,1" yaku="1,1,0,1,8,1,54,1,53,1" doraHai="124" doraHaiUra="83" who="2" fromWho="2" sc="150,-41,310,-41,320,133,210,-41" /><INIT seed="2,2,0,3,4,50" ten="109,269,453,169" oya="2" hai0="122,121,59,83,36,134,101,71,35,34,128,24,75" hai1="45,8,91,94,57,48,72,135,124,3,76,11,84" hai2="58,106,87,18,19,29,133,77,27,65,118,120,15" hai3="51,31,90,46,103,56,6,55,23,70,39,102,99"/><V82/><F118/><W1/><G70/><T123/><D71/><U7/><E124/><V107/><F120/><W109/><G109/><T116/><D36/><U88/><E135/><V13/><F133/><W49/><G39/><T28/><D134/><U129/><E129/><V5/><F5/><W0/><G90/><T104/><D128/><U119/><E119/><V52/><F65/><W85/><G85/><T97/><D59/><U26/><E26/><V110/><F110/><W43/><G6/><T10/><D10/><U66/><E11/><V93/><F93/><W63/><G103/><T69/><D69/><U108/><E91/><V30/><F106/><W33/><G33/><T16/><D16/><N who="2" m="6186" /><F107/><W126/><G126/><T17/><D17/><U95/><E95/><V44/><F44/><W61/><G1/><T41/><D41/><U67/><E57/><V114/><F114/><W20/><G0/><T73/><D116/><U125/><E125/><V38/><F38/><W9/><G9/><T132/><D132/><U14/><E3/><V68/><F68/><W42/><G42/><T131/><D131/><U12/><E12/><N who="2" m="4683" /><F27/><N who="3" m="16871" /><G102/><T117/><D117/><U79/><E108/><V81/><F81/><W86/><G99/><T60/><D83/><U127/><E127/><V21/><F21/><W53/><G23/><T25/><REACH who="0" step="1"/><D60/><AGARI ba="2,0" hai="29,30,52,58,60,77,82,87" m="4683,6186" machi="60" ten="30,11600,0" yaku="8,1,52,1,54,2" doraHai="50" who="2" fromWho="0" sc="109,-122,269,0,453,122,169,0" owari="-13,-51.0,269,7.0,575,67.0,169,-23.0" /></mjloggm>