<mjloggm ver="2.3"><GO type="169" lobby="0"/><UN n0="%E3%81%84%E3%81%AE%E3%81%91%E3%82%93" n1="%E3%83%95%E3%83%AA%E3%83%86%E3%83%B3" n2="%79%61%63%68%69%33%35%38" n3="%E3%82%A6%E3%83%AB%E3%83%88%E3%83%A9%E7%AB%8B%E7%9B%B4" dan="16,18,16,18" rate="2154.74,2251.15,2169.60,2230.55" sx="F,M,M,M"/><TAIKYOKU oya="0"/><INIT seed="0,0,0,5,4,94" ten="250,250,250,250" oya="0" hai0="82,125,2,120,29,102,66,134,112,62,54,35,42" hai1="99,45,52,118,46,98,14,11,21,108,58,50,72" hai2="117,130,53,31,104,133,114,48,73,132,10,90,36" hai3="38,17,40,111,97,9,75,128,0,79,60,27,76"/><T83/><D112/><U84/><E72/><V85/><F114/><W4/><G128/><T6/><D120/><U18/><E118/><V12/><F117/><W47/><G111/><T16/><D42/><U119/><E119/><V30/><F73/><W100/><G60/><T96/><D134/><N who="2" m="51818" /><F36/><W55/><G55/><T91/><D125/><U63/><E108/><V131/><F104/><W25/><G17/><T39/><D39/><U22/><E46/><N who="2" m="27799" /><F30/><W23/><G23/><N who="1" m="8714" /><E84/><V126/><F31/><W44/><G44/><T105/><D54/><AGARI ba="0,0" hai="11,14,18,45,50,52,54,58,63,98,99" m="8714" machi="54" ten="30,7700,0" yaku="8,1,52,2,54,1" doraHai="94" who="1" fromWho="0" sc="250,-77,250,77,250,0,250,0" /><INIT seed="1,0,0,0,4,26" ten="173,327,250,250" oya="1" hai0="107,90,118,120,7,72,98,134,88,101,62,5,128" hai1="105,84,0,46,41,132,17,68,11,2,4,69,1" hai2="80,59,92,125,76,6,60,48,100,73,57,20,49" hai3="106,43,109,21,47,67,31,111,122,28,82,110,12"/><U75/><E84/><V91/><F125/><W93/><G106/><T24/><D118/><U56/><E56/><V71/><F71/><W50/><G122/><T77/><D120/><U135/><E17/><V40/><F6/><W39/><G67/><T64/><D128/><U129/><E105/><V9/><F9/><W87/><G93/><T86/><D134/><N who="1" m="51243" /><E75/><V14/><F100/><W133/><G133/><T123/><D123/><U115/><E115/><V126/><F126/><W74/><G74/><T23/><D72/><U13/><E129/><V44/><F49/><AGARI ba="0,0" hai="0,1,2,4,11,13,41,46,49,68,69" m="51243" machi="49" ten="40,2000,0" yaku="20,1" doraHai="26" who="1" fromWho="2" sc="173,0,327,20,250,-20,250,0" /><INIT seed="1,1,0,3,3,42" ten="173,347,230,250" oya="1" hai0="1,87,75,92,118,21,129,79,131,84,127,100,2" hai1="47,26,109,130,111,67,54,61,14,115,76,12,4" hai2="132,36,40,29,102,117,60,11,101,128,51,121,8" hai3="20,31,43,104,99,59,5,86,52,65,34,64,45"/><U38/><E115/><V113/><F121/><W106/><G34/><T70/><D118/><U90/><E130/><N who="0" m="49673" /><D70/><U78/><E90/><V15/><F117/><W3/><G3/><T125/><D75/><U68/><E26/><V135/><F113/><W126/><G5/><T18/><D2/><U35/><E35/><V33/><F128/><W22/><G104/><T88/><D1/><U112/><E112/><V122/><F122/><W16/><G106/><T9/><D9/><N who="1" m="4135" /><E14/><V44/><F60/><N who="3" m="35943" /><G99/><T97/><D79/><U58/><E68/><V83/><F8/><W81/><G22/><T66/><D66/><U114/><E114/><V48/><F29/><W82/><G31/><T13/><D87/><U17/><E17/><V73/><F33/><W110/><G65/><T107/><AGARI ba="1,0" hai="13,18,21,84,88,92,97,100,107,125,127" m="49673" machi="107" ten="30,2000,0" yaku="19,1,54,1" doraHai="42" who="0" fromWho="0" sc="173,23,347,-11,230,-6,250,-6" /><INIT seed="2,0,0,5,1,60" ten="196,336,224,244" oya="2" hai0="82,88,36,115,104,24,4,35,52,107,124,1,50" hai1="48,68,12,44,57,129,92,56,74,63,135,32,113" hai2="21,65,73,5,54,58,71,22,75,38,39,70,133" hai3="46,85,47,18,101,3,31,37,105,43,13,84,126"/><V28/><F5/><W26/><G3/><T109/><D115/><U34/><E113/><V49/><F22/><W87/><G126/><T93/><D36/><U16/><E74/><V17/><F28/><W90/><G47/><T116/><D124/><U131/><E68/><V120/><F120/><W134/><G134/><T117/><D109/><U55/><E57/><V130/><F71/><W6/><G6/><T86/><D4/><U96/><E135/><V42/><F133/><W78/><G78/><T53/><D1/><U119/><E119/><N who="0" m="45641" /><D93/><U111/><E111/><V20/><F20/><W100/><G90/><T51/><D51/><U118/><E118/><V29/><F29/><W127/><G105/><N who="0" m="40523" /><D50/><U45/><E45/><N who="2" m="23767" /><F130/><N who="1" m="49673" /><E92/><V76/><F76/><W15/><G127/><T62/><D62/><U7/><E96/><V132/><F39/><W95/><G95/><T128/><D128/><U91/><E91/><V11/><F132/><W114/><G114/><T89/><D89/><U125/><E125/><V10/><F75/><W94/><G94/><T79/><D79/><U19/><E7/><V64/><F73/><W67/><G37/><T98/><D98/><U102/><E102/><V72/><F72/><W25/><G101/><T27/><D35/><N who="1" m="13355" /><E12/><N who="2" m="9383" /><F70/><W0/><G0/><T97/><D97/><U40/><AGARI ba="0,0" hai="16,19,40,44,48,55,56,63" m="13355,49673" machi="40" ten="30,2000,0" yaku="19,1,54,1" doraHai="60" who="1" fromWho="1" sc="196,-5,336,20,224,-10,244,-5" /><INIT seed="3,0,0,3,0,37" ten="191,356,214,239" oya="3" hai0="35,127,14,93,63,46,92,3,6,2,134,113,47" hai1="27,115,30,7,36,96,89,116,66,23,8,45,15" hai2="4,51,75,61,124,32,40,114,20,57,128,73,79" hai3="38,87,84,44,112,28,68,71,59,82,120,56,81"/><W131/><G112/><T95/><D113/><U16/><E116/><V43/><F114/><W133/><G120/><T19/><D134/><U121/><E121/><V50/><F32/><W12/><G133/><T0/><D127/><U21/><E115/><V130/><F124/><W105/><G105/><T104/><D104/><U29/><E66/><V39/><F4/><W33/><G131/><T118/><D118/><U88/><E96/><V91/><F91/><W24/><G12/><T107/><D107/><U86/><E86/><V129/><F39/><W83/><G59/><T122/><D122/><U77/><E77/><V5/><F5/><W97/><G97/><T111/><D35/><U18/><E36/><V78/><F20/><W90/><G56/><T54/><D6/><U76/><E76/><N who="2" m="29227" /><F51/><W41/><REACH who="3" step="1"/><G87/><REACH who="3" ten="191,356,214,229" step="2"/><T123/><D123/><U103/><E103/><V42/><F50/><W110/><G110/><T55/><D111/><U69/><E69/><AGARI ba="0,1" hai="24,28,33,38,41,44,68,69,71,81,82,83,84,90" machi="69" ten="40,7700,0" yaku="1,1,52,1,53,1" doraHai="37" doraHaiUra="80" who="3" fromWho="1" sc="191,0,356,-77,214,0,229,87" /><INIT seed="3,1,0,2,0,26" ten="191,279,214,316" oya="3" hai0="32,101,65,98,16,77,25,94,120,36,88,75,70" hai1="92,131,95,112,117,69,22,17,76,73,7,62,121" hai2="83,14,119,1,91,30,129,64,118,43,96,38,37" hai3="132,50,44,12,5,103,51,59,71,108,126,72,84"/><W115/><G71/><T102/><D120/><U27/><E121/><V21/><F1/><W8/><G72/><T40/><D40/><U23/><E112/><V68/><F129/><W114/><G126/><T100/><D36/><U125/><E131/><V66/><F14/><W123/><G123/><T13/><D65/><U31/><E117/><V45/><F37/><W82/><G132/><T107/><D70/><U130/><E130/><V109/><F109/><W54/><G103/><T9/><D77/><U53/><E7/><V18/><F18/><W60/><G51/><T61/><D61/><U42/><E42/><V35/><F21/><W19/><G108/><T15/><D75/><U111/><E125/><V110/><F66/><W85/><G85/><T20/><D32/><U58/><E69/><V29/><F110/><W48/><G48/><T34/><D34/><U10/><E10/><V4/><F4/><W113/><G5/><T97/><REACH who="0" step="1"/><D13/><REACH who="0" ten="181,279,214,316" step="2"/><U39/><E39/><V56/><F35/><W24/><G115/><T93/><D93/><U116/><E111/><V122/><F68/><W11/><G12/><T104/><D104/><U80/><E116/><V78/><F122/><W2/><G114/><T47/><D47/><U79/><E79/><V0/><F118/><W55/><G113/><T52/><D52/><U67/><E53/><V74/><F119/><W124/><G2/><T41/><D41/><U134/><E134/><V49/><F0/><W57/><G124/><T127/><D127/><U128/><E128/><V33/><F33/><W90/><G44/><T87/><D87/><RYUUKYOKU ba="1,1" sc="181,10,279,10,214,-30,316,10" hai0="9,15,16,20,25,88,94,97,98,100,101,102,107" hai1="17,22,23,27,31,58,62,67,73,76,80,92,95" hai3="8,11,19,24,50,54,55,57,59,60,82,84,90" /><INIT seed="3,2,1,3,5,23" ten="191,289,184,326" oya="3" hai0="70,44,58,103,64,99,97,5,134,104,29,126,15" hai1="109,40,119,130,75,76,42,118,124,32,98,54,84" hai2="101,100,22,71,31,19,43,60,16,91,115,85,7" hai3="82,57,46,1,74,128,121,114,66,45,28,59,2"/><W12/><G114/><T120/><D120/><U24/><E75/><V79/><F115/><W27/><G121/><T116/><D116/><N who="1" m="44587" /><E109/><V50/><F7/><W113/><G113/><T90/><D134/><U25/><E32/><V55/><F79/><W61/><G128/><T123/><D123/><U49/><E98/><V62/><F43/><N who="1" m="16425" /><E130/><V11/><F31/><W3/><G12/><T110/><D126/><U39/><E39/><V36/><F36/><W38/><G38/><T92/><D110/><U0/><E0/><V127/><F127/><W20/><REACH who="3" step="1"/><G59/><REACH who="3" ten="191,289,184,316" step="2"/><T35/><D70/><U87/><E124/><V96/><F71/><W47/><G47/><T51/><D44/><N who="1" m="27943" /><E76/><AGARI ba="2,2" hai="1,2,3,20,27,28,45,46,57,61,66,74,76,82" machi="76" ten="40,7700,0" yaku="1,1,52,1,53,1" doraHai="23" doraHaiUra="78" who="3" fromWho="1" sc="191,0,289,-83,184,0,316,103" /><INIT seed="3,3,0,1,2,45" ten="191,206,184,419" oya="3" hai0="38,124,20,125,96,97,74,13,76,60,9,128,35" hai1="27,23,68,75,33,15,84,122,104,43,90,106,24" hai2="83,11,42,79,120,36,94,114,80,52,121,32,111" hai3="63,61,91,99,46,86,44,85,78,134,6,56,103"/><W34/><G34/><T101/><D35/><U10/><E122/><N who="2" m="47211" /><F114/><W123/><G123/><T40/><D128/><U118/><E75/><V95/><F32/><W105/><G134/><T48/><D38/><U51/><E68/><V109/><F36/><W57/><G6/><T62/><D20/><U28/><E118/><V59/><F42/><W21/><G21/><T37/><D37/><U107/><E15/><V25/><F25/><W112/><G112/><T115/><D115/><U5/><E10/><V71/><F71/><W12/><G12/><T49/><D74/><U65/><E65/><V50/><F11/><W69/><G69/><T127/><D76/><U17/><E5/><V100/><F83/><W55/><G78/><T117/><D117/><U30/><E17/><V58/><F59/><W102/><G102/><T129/><D129/><U16/><E30/><V1/><F1/><W119/><G119/><T131/><D131/><U8/><E8/><V18/><F18/><W4/><G4/><N who="0" m="3239" /><D40/><U70/><E70/><V93/><F100/><W135/><G135/><T67/><D67/><U110/><E110/><N who="2" m="41995" /><F95/><W0/><G0/><T116/><D116/><U31/><E31/><V66/><F66/><W26/><G26/><T53/><D53/><U7/><E7/><V73/><AGARI ba="3,0" hai="50,52,58,73,79,80,93,94" m="41995,47211" machi="73" ten="30,7900,0" yaku="13,1,14,1,52,1,54,1" doraHai="45" who="2" fromWho="2" sc="191,-23,206,-23,184,88,419,-42" /><INIT seed="4,0,0,5,0,49" ten="168,183,272,377" oya="0" hai0="63,56,17,126,52,12,44,16,92,83,125,71,82" hai1="21,43,118,65,75,111,32,69,88,25,128,86,50" hai2="0,97,53,93,90,30,79,11,19,33,132,58,77" hai3="99,89,24,127,45,133,64,123,104,55,59,40,34"/><T67/><D44/><U38/><E111/><V116/><F132/><W68/><G127/><N who="0" m="48651" /><D92/><U85/><E118/><V114/><F114/><W9/><G133/><T100/><D100/><U3/><E32/><V84/><F33/><W41/><G41/><T121/><D121/><U18/><E3/><V1/><F0/><W35/><G104/><T117/><D117/><U80/><E75/><V54/><F30/><W15/><G99/><T113/><D113/><U23/><E38/><V119/><F119/><W31/><G89/><T105/><D105/><U47/><E23/><V61/><F116/><W103/><G103/><T62/><D17/><U14/><E69/><V107/><F1/><W39/><G123/><T46/><D46/><U101/><E101/><V48/><F107/><W20/><G68/><T91/><D91/><U106/><E106/><V115/><F115/><W130/><G45/><T102/><D102/><U26/><E65/><V10/><F19/><W120/><G64/><T37/><D37/><U72/><E72/><V6/><F6/><W110/><G39/><T13/><D13/><U76/><REACH who="1" step="1"/><E128/><REACH who="1" ten="168,173,272,377" step="2"/><V29/><F97/><W124/><G130/><T74/><D74/><U94/><AGARI ba="0,1" hai="14,18,21,25,26,43,47,50,76,80,85,86,88,94" machi="94" ten="20,12000,2" yaku="1,1,2,1,0,1,7,1,8,1,54,1,53,1" doraHai="49" doraHaiUra="42" who="1" fromWho="1" sc="168,-60,173,130,272,-30,377,-30" /><INIT seed="5,0,0,2,4,106" ten="108,303,242,347" oya="1" hai0="72,129,80,35,90,112,3,98,101,115,60,41,31" hai1="44,108,113,21,94,124,83,53,20,40,126,73,8" hai2="99,121,78,68,87,63,116,39,29,104,107,111,54" hai3="6,91,76,130,7,127,0,100,27,70,13,56,97"/><U2/><E53/><V95/><F116/><W47/><G70/><T33/><D129/><U46/><E94/><V79/><F121/><W135/><G0/><T32/><D41/><U131/><E131/><V123/><F123/><W109/><G76/><T55/><D55/><U93/><E93/><V16/><F111/><W65/><G91/><T82/><D60/><U30/><E113/><V50/><F39/><W22/><G47/><T132/><D132/><U51/><E46/><V103/><F29/><W45/><G45/><T14/><D14/><U84/><E108/><V10/><F68/><W119/><G109/><T122/><D122/><U75/><E2/><V59/><F107/><W58/><G58/><T86/><D3/><U89/><E8/><V9/><F104/><W128/><G119/><T4/><D4/><N who="3" m="1577" /><G13/><T62/><D62/><U118/><E118/><V125/><F125/><N who="1" m="48233" /><E21/><V81/><F78/><W120/><G127/><T28/><D115/><U25/><AGARI ba="0,0" hai="20,25,30,40,44,51,73,75,83,84,89" m="48233" machi="25" ten="30,6000,0" yaku="18,1,52,2" doraHai="106" who="1" fromWho="1" sc="108,-20,303,60,242,-20,347,-20" /><INIT seed="5,1,0,1,1,32" ten="88,363,222,327" oya="1" hai0="79,10,11,109,111,56,35,120,52,6,3,75,19" hai1="92,106,63,55,5,133,68,58,2,41,84,59,14" hai2="7,30,94,26,87,83,50,118,60,29,129,77,114" hai3="134,117,74,99,112,12,69,70,122,43,42,8,90"/><U101/><E133/><V78/><F118/><W38/><G74/><T126/><D126/><U0/><E68/><V82/><F129/><W105/><G122/><T18/><D120/><U49/><E106/><V20/><F114/><W47/><G112/><T121/><D121/><U128/><E128/><V71/><F94/><W130/><G130/><T51/><D35/><U57/><E41/><V89/><F50/><W25/><G134/><T72/><D79/><U27/><E27/><V132/><F132/><W44/><G117/><T103/><D103/><U67/><E58/><V46/><F46/><W81/><G25/><T97/><D97/><U104/><E104/><V125/><F125/><W22/><G22/><T107/><D107/><U54/><E67/><V4/><F30/><W102/><G90/><T45/><D75/><U37/><E37/><V17/><F29/><W127/><G81/><T73/><D72/><U34/><E34/><V31/><F31/><W80/><G80/><T62/><D73/><U28/><E28/><V131/><F131/><W65/><G65/><T24/><D24/><U21/><E5/><N who="2" m="2123" /><F71/><W108/><G108/><T39/><D39/><U119/><E119/><V36/><F36/><W76/><G127/><T124/><D124/><U100/><E100/><V93/><F60/><W116/><G116/><T64/><REACH who="0" step="1"/><D11/><REACH who="0" ten="78,363,222,327" step="2"/><U113/><E113/><V13/><F26/><W115/><G115/><T48/><D48/><U61/><E49/><V85/><F78/><W15/><G76/><T66/><D66/><U91/><E101/><V88/><F77/><W16/><G38/><RYUUKYOKU ba="1,1" sc="78,10,363,10,222,10,327,-30" hai0="3,6,10,18,19,45,51,52,56,62,64,109,111" hai1="0,2,14,21,54,55,57,59,61,63,84,91,92" hai2="13,17,20,82,83,85,87,88,89,93" /><INIT seed="5,2,1,2,4,42" ten="88,373,232,297" oya="1" hai0="45,89,120,0,14,116,124,32,3,52,82,113,24" hai1="37,26,90,25,20,54,28,48,12,111,9,11,104" hai2="73,135,119,33,30,129,5,101,115,100,128,21,91" hai3="103,123,68,86,94,2,34,126,132,79,50,4,105"/><U77/><E111/><V71/><F71/><W58/><G68/><T117/><D113/><U53/><E37/><V106/><F119/><W114/><G34/><T93/><D124/><U19/><E104/><V18/><F73/><W23/><G123/><T1/><D120/><U88/><E77/><V110/><F110/><W78/><G105/><T127/><D127/><U81/><E81/><V125/><F125/><W61/><G126/><T44/><D82/><U92/><E53/><V118/><F118/><W57/><G132/><T51/><D14/><U75/><E75/><V41/><F135/><W109/><G109/><T29/><REACH who="0" step="1"/><D44/><REACH who="0" ten="78,373,232,297" step="2"/><U130/><E130/><V83/><F115/><W134/><G114/><T85/><AGARI ba="2,2" hai="0,1,3,24,29,32,45,51,52,85,89,93,116,117" machi="85" ten="30,8000,1" yaku="1,1,2,1,0,1,52,1,54,1,53,0" doraHai="42" doraHaiUra="72" who="0" fromWho="0" sc="78,106,373,-42,232,-22,297,-22" /><INIT seed="6,0,0,0,1,124" ten="184,331,210,275" oya="2" hai0="126,93,0,112,109,44,69,29,24,63,17,111,11" hai1="2,4,32,65,99,73,50,12,55,66,103,62,100" hai2="114,18,68,13,26,80,87,82,51,16,42,78,10" hai3="53,1,94,129,36,113,116,37,46,15,31,58,39"/><V102/><F114/><W92/><G1/><T86/><D112/><U121/><E73/><V60/><F102/><W7/><G116/><T91/><D126/><U38/><E38/><V34/><F68/><W122/><G122/><T110/><D44/><U104/><E32/><V75/><F60/><W81/><G46/><T59/><D69/><U40/><E2/><V71/><F71/><W96/><G31/><T5/><D17/><U131/><E100/><V72/><F34/><W85/><G96/><T105/><D105/><U49/><E121/><V134/><F134/><W88/><G129/><T101/><D101/><U41/><E131/><V14/><F26/><W132/><G132/><T67/><REACH who="0" step="1"/><D109/><REACH who="0" ten="174,331,210,275" step="2"/><U128/><E103/><V84/><F42/><W120/><G113/><T98/><D98/><U21/><E99/><V23/><REACH who="2" step="1"/><F51/><REACH who="2" ten="174,331,200,275" step="2"/><W106/><G106/><T107/><D107/><U95/><E50/><V70/><F70/><W33/><G39/><T76/><D76/><AGARI ba="0,2" hai="10,13,14,16,18,23,72,75,76,78,80,82,84,87" machi="76" ten="30,11600,0" yaku="1,1,7,1,9,1,54,1,53,0" doraHai="124" doraHaiUra="123" who="2" fromWho="0" sc="174,-116,331,0,200,136,275,0" /><INIT seed="6,1,0,2,1,85" ten="58,331,336,275" oya="2" hai0="5,9,63,99,68,117,18,114,83,58,6,135,82" hai1="38,29,31,112,98,118,94,65,123,60,72,11,19" hai2="86,78,124,126,102,64,116,23,52,101,48,54,75" hai3="1,13,2,32,115,88,103,93,105,20,113,110,55"/><V43/><F116/><W80/><G32/><T3/><D117/><U122/><E72/><V97/><F64/><W47/><G110/><T39/><D114/><N who="3" m="43529" /><G80/><T76/><D135/><U40/><E112/><V90/><F75/><W129/><G129/><T46/><D68/><U44/><E118/><V33/><F33/><W36/><G103/><N who="2" m="39433" /><F97/><N who="3" m="57511" /><G105/><T107/><D99/><U66/><E98/><V34/><F34/><W56/><G47/><T8/><D107/><U30/><E94/><N who="2" m="54615" /><F78/><W49/><G36/><T128/><D128/><U7/><E38/><V67/><F126/><W91/><G91/><T25/><D39/><U131/><E131/><V35/><F35/><W12/><G20/><T16/><D25/><U27/><E27/><V119/><F124/><W81/><G81/><T51/><D82/><U15/><E44/><N who="2" m="25631" /><F119/><W87/><G87/><T45/><D83/><U22/><E40/><V92/><F92/><W73/><G73/><T134/><D134/><U96/><E96/><V42/><F42/><W0/><AGARI ba="1,0" hai="0,1,2,12,13,49,55,56" m="57511,43529" machi="0" ten="40,8000,1" yaku="15,1,11,1,52,1,54,1" doraHai="85" who="3" fromWho="3" sc="58,-21,331,-21,336,-41,275,83" /><INIT seed="7,0,0,4,3,58" ten="37,310,295,358" oya="3" hai0="80,20,28,71,21,50,130,0,38,107,118,73,127" hai1="60,10,36,68,81,102,3,69,15,65,113,14,53" hai2="17,33,44,132,43,5,109,90,34,7,122,83,126" hai3="2,41,131,124,67,61,99,62,128,120,31,111,101"/><W49/><G2/><T59/><D28/><U9/><E113/><V112/><F109/><W47/><G120/><T85/><D85/><U105/><E36/><V57/><F122/><W78/><G124/><T76/><D80/><U40/><E40/><V12/><F126/><W75/><G31/><T135/><D76/><U1/><E68/><V79/><F112/><W121/><G121/><T133/><D59/><U100/><E53/><V77/><F34/><W104/><G111/><T92/><D50/><U46/><E46/><V116/><F33/><W16/><G16/><T66/><D92/><U72/><E15/><V19/><F116/><W110/><G110/><T42/><D21/><U115/><E115/><V125/><F125/><W35/><G35/><T106/><D20/><U93/><E105/><V114/><F114/><W134/><G134/><T117/><D66/><U30/><E30/><V74/><F74/><W84/><G75/><T48/><D48/><U29/><E29/><V37/><F37/><W55/><G67/><T70/><D42/><U32/><E32/><V108/><F108/><W54/><G41/><T25/><D25/><U51/><E51/><V45/><F132/><W95/><G54/><T129/><D73/><U23/><E23/><V13/><F43/><W8/><G104/><T4/><D127/><U97/><E100/><V6/><F6/><W52/><G101/><T27/><D27/><U22/><E22/><V91/><REACH who="2" step="1"/><F57/><REACH who="2" ten="37,310,285,358" step="2"/><N who="3" m="34983" /><G47/><T64/><D4/><N who="1" m="3399" /><E9/><V39/><F39/><W88/><G8/><T103/><D38/><U18/><E18/><V63/><F63/><RYUUKYOKU ba="0,1" sc="37,-15,310,15,285,15,358,-15" hai1="1,3,60,65,69,72,81,93,97,102" hai2="5,7,12,13,17,19,44,45,77,79,83,90,91" owari="22,-48.0,325,13.0,300,-10.0,353,45.0" /></mjloggm>