<mjloggm ver="2.3"><GO type="169" lobby="0"/><UN n0="%E3%81%AD%E3%81%8D%E3%81%9B%45%58" n1="%E3%82%A6%E3%83%AB%E3%83%88%E3%83%A9%E7%AB%8B%E7%9B%B4" n2="%4F%4D%41%4E%54%41" n3="%E3%81%A1%E3%82%85%E3%82%89" dan="17,19,19,16" rate="2157.05,2297.96,2311.52,2116.73" sx="M,M,M,M"/><TAIKYOKU oya="0"/><INIT seed="0,0,0,3,1,119" ten="250,250,250,250" oya="0" hai0="92,27,39,52,93,126,17,115,89,31,56,3,135" hai1="112,28,100,21,14,95,68,12,102,101,69,6,47" hai2="127,84,98,124,48,25,131,74,122,11,9,129,61" hai3="22,24,46,45,7,79,91,32,94,16,4,80,51"/><T97/><D115/><U2/><E112/><V134/><F74/><W128/><G128/><N who="2" m="49225" /><F84/><W54/><G32/><T53/><D126/><N who="2" m="48170" /><F48/><W78/><G46/><T13/><D3/><U70/><E47/><V30/><F98/><W35/><G35/><T50/><D39/><U130/><E95/><V1/><F61/><W33/><G33/><T90/><D135/><U37/><E37/><V42/><F42/><W99/><REACH who="3" step="1"/><G79/><REACH who="3" ten="250,250,250,240" step="2"/><T77/><D77/><U96/><E130/><V10/><F1/><W107/><G107/><T20/><D53/><U87/><E2/><V117/><F117/><W118/><G118/><T43/><D43/><U36/><E36/><V116/><F116/><W18/><G18/><T73/><D73/><AGARI ba="0,1" hai="4,7,16,22,24,45,51,54,73,78,80,91,94,99" machi="73" ten="30,7700,0" yaku="1,1,7,1,54,1,53,1" doraHai="119" doraHaiUra="105" who="3" fromWho="0" sc="250,-77,250,0,250,0,240,87" /><INIT seed="1,0,0,4,2,34" ten="173,250,250,327" oya="1" hai0="88,51,4,15,90,91,93,121,81,1,2,128,72" hai1="94,92,125,107,73,52,5,80,87,23,113,7,54" hai2="110,50,42,119,69,3,33,13,37,79,60,135,38" hai3="12,118,47,48,36,97,112,115,70,66,89,65,134"/><U30/><E107/><V61/><F33/><W11/><G134/><T98/><D72/><U45/><E73/><V126/><F79/><W99/><G36/><T109/><D109/><U105/><E105/><V83/><F83/><W127/><G127/><T46/><D128/><U6/><E125/><V67/><F13/><W71/><G118/><T124/><D124/><U27/><E113/><V122/><F3/><W77/><G77/><T16/><D121/><U75/><E75/><V57/><F126/><W106/><G71/><T123/><D123/><U100/><E45/><N who="2" m="25911" /><F122/><W41/><G70/><T22/><D4/><U25/><E25/><V55/><F119/><W9/><G9/><T14/><D14/><U103/><E94/><V62/><F110/><W116/><G116/><T101/><REACH who="0" step="1"/><D81/><REACH who="0" ten="163,250,250,327" step="2"/><U96/><REACH who="1" step="1"/><E103/><REACH who="1" ten="163,240,250,327" step="2"/><V82/><F135/><W114/><G114/><T117/><D117/><U8/><E8/><V95/><F95/><W35/><G115/><T86/><D86/><U24/><E24/><V104/><F82/><W0/><G112/><T19/><D19/><U43/><E43/><AGARI ba="0,2" hai="1,2,15,16,22,43,46,51,88,90,91,93,98,101" machi="43" ten="40,8000,1" yaku="1,1,52,2,54,2,53,0" doraHai="34" doraHaiUra="53" who="0" fromWho="1" sc="163,100,240,-80,250,0,327,0" /><INIT seed="2,0,0,4,0,47" ten="263,160,250,327" oya="2" hai0="133,123,11,97,80,66,78,43,25,40,5,120,104" hai1="94,64,39,32,115,50,83,70,41,18,77,127,117" hai2="119,55,14,131,56,65,54,96,89,48,132,26,110" hai3="102,31,21,4,53,22,109,121,2,84,59,90,93"/><V7/><F119/><W71/><G71/><T63/><D133/><U60/><E117/><V3/><F132/><W82/><G109/><T51/><D25/><U67/><E67/><V100/><F110/><W8/><G121/><T106/><D120/><U19/><E32/><V69/><F131/><W73/><G31/><T36/><D36/><U101/><E115/><V129/><F129/><W88/><G102/><T1/><D123/><U113/><E113/><V35/><F3/><W13/><G2/><T20/><D20/><U79/><E127/><V124/><F124/><W81/><G73/><T99/><D104/><U116/><E116/><V86/><F55/><W30/><G30/><T10/><D10/><U105/><E105/><V46/><F69/><W126/><G126/><T108/><D106/><U57/><E94/><N who="2" m="58391" /><F35/><W44/><G44/><T6/><D6/><U75/><E79/><V37/><F37/><W107/><G107/><T34/><D34/><U23/><E101/><V135/><F26/><W95/><G82/><T125/><D125/><U98/><E98/><N who="0" m="37385" /><D108/><U17/><E39/><V15/><F7/><W68/><G68/><N who="0" m="42079" /><D40/><U12/><REACH who="1" step="1"/><E41/><REACH who="1" ten="263,150,250,327" step="2"/><N who="2" m="24655" /><F65/><W74/><G90/><T76/><D43/><U27/><E27/><V62/><F135/><W87/><G95/><AGARI ba="0,1" hai="14,15,54,56,62,86,89,95" m="24655,58391" machi="95" ten="30,2900,0" yaku="8,1,52,1" doraHai="47" who="2" fromWho="3" sc="263,0,150,0,250,39,327,-29" /><INIT seed="2,1,0,1,5,20" ten="263,150,289,298" oya="2" hai0="125,87,66,129,18,116,35,126,110,117,61,94,118" hai1="102,40,69,73,83,89,104,46,119,42,111,76,65" hai2="124,97,120,56,21,27,128,60,78,54,29,22,82" hai3="38,68,84,77,25,75,96,10,30,13,36,63,41"/><V57/><F120/><W108/><G75/><T70/><D35/><U135/><E119/><V115/><F115/><W48/><G108/><T131/><D18/><U90/><E111/><V33/><F124/><N who="0" m="47722" /><D87/><U127/><E135/><V15/><F128/><N who="0" m="49226" /><D94/><U85/><E127/><V92/><F57/><W2/><G2/><T19/><D19/><U123/><E123/><V47/><F47/><W17/><G96/><T67/><D67/><U32/><E32/><V98/><F15/><W99/><G99/><T80/><D80/><U106/><E46/><V130/><F130/><W11/><G84/><T121/><D121/><U51/><E65/><V109/><F98/><W24/><G77/><T112/><D110/><U122/><E76/><V26/><F109/><W113/><G113/><AGARI ba="1,0" hai="61,66,70,112,113,116,117,118" m="49226,47722" machi="113" ten="40,12000,2" yaku="12,1,18,1,19,1,23,1,34,2" doraHai="20" who="0" fromWho="3" sc="263,123,150,0,289,0,298,-123" /><INIT seed="3,0,0,1,3,84" ten="386,150,289,175" oya="3" hai0="129,32,96,50,87,127,132,134,98,114,58,22,2" hai1="110,101,69,8,73,6,72,117,79,94,19,74,55" hai2="120,86,77,24,103,41,7,36,23,111,57,44,109" hai3="135,39,75,4,60,35,14,95,108,92,89,122,18"/><W91/><G39/><T46/><D32/><U61/><E110/><N who="2" m="41995" /><F120/><W105/><G105/><T1/><D127/><U76/><E19/><N who="2" m="12415" /><F103/><W34/><G135/><T47/><D87/><U83/><E117/><V99/><F99/><W29/><G75/><T68/><D58/><U100/><E55/><V133/><F133/><W62/><G108/><T48/><D22/><U78/><E83/><N who="2" m="47471" /><F57/><W131/><G131/><T26/><D26/><U40/><E94/><N who="3" m="35882" /><G29/><T20/><D20/><U116/><E40/><V126/><F7/><W25/><G35/><T5/><D5/><U106/><E116/><V82/><F82/><W71/><G34/><T0/><D0/><U70/><E106/><V112/><F112/><W12/><G71/><T28/><D68/><U88/><E70/><V37/><F37/><W42/><G42/><T125/><D125/><AGARI ba="0,0" hai="36,41,44,125,126" m="47471,12415,41995" machi="125" ten="30,1000,0" yaku="14,1" doraHai="84" who="2" fromWho="0" sc="386,-10,150,0,289,10,175,0" /><INIT seed="4,0,0,5,4,50" ten="376,150,299,175" oya="0" hai0="58,22,119,107,95,3,118,55,70,99,131,41,11" hai1="52,78,0,9,57,108,8,74,20,135,25,127,19" hai2="72,17,132,81,117,121,89,2,53,86,104,114,43" hai3="15,94,90,56,62,76,91,124,4,23,51,88,27"/><T48/><D107/><U79/><E108/><V65/><F121/><W34/><G34/><T63/><D131/><U84/><E127/><V10/><F104/><W26/><G124/><T35/><D35/><U116/><E116/><V101/><F101/><W13/><G76/><N who="1" m="29226" /><E0/><V12/><F72/><W130/><G130/><T14/><D3/><U93/><E74/><V37/><F117/><W6/><G51/><T7/><D22/><U97/><E84/><V42/><F114/><W122/><G122/><T32/><D32/><U59/><E59/><V77/><F132/><W125/><G125/><T111/><D111/><U54/><E135/><V115/><F115/><W100/><G100/><T64/><REACH who="0" step="1"/><D41/><REACH who="0" ten="366,150,299,175" step="2"/><U44/><E8/><V60/><F2/><W66/><G23/><T83/><D83/><U18/><E9/><V92/><F42/><W106/><G106/><T39/><D39/><U68/><E20/><V98/><F43/><W134/><G134/><T47/><D47/><U38/><E38/><V126/><F37/><W123/><G123/><T28/><D28/><U5/><E44/><V96/><F126/><W31/><G31/><T102/><AGARI ba="0,1" hai="7,11,14,48,55,58,63,64,70,95,99,102,118,119" machi="102" ten="20,7800,0" yaku="1,1,0,1,7,1,52,1,53,0" doraHai="50" doraHaiUra="109" who="0" fromWho="0" sc="366,88,150,-26,299,-26,175,-26" /><INIT seed="4,1,0,4,4,101" ten="454,124,273,149" oya="0" hai0="23,16,120,94,78,2,27,93,35,106,118,82,102" hai1="15,133,75,79,76,42,124,3,30,20,88,119,84" hai2="59,68,21,129,49,112,132,114,123,47,98,126,125" hai3="60,61,5,62,111,69,46,24,6,31,100,110,74"/><T9/><D118/><U25/><E119/><V85/><F85/><W128/><G74/><T109/><D120/><U48/><E3/><V131/><F21/><W28/><G128/><N who="2" m="49225" /><F98/><W29/><G100/><T32/><D109/><N who="3" m="41481" /><G24/><T104/><D93/><U36/><E36/><V117/><F68/><W19/><G19/><T115/><D94/><U7/><E75/><V14/><F117/><W51/><G69/><T99/><D115/><N who="2" m="44074" /><F14/><W67/><G67/><T113/><D113/><U103/><E15/><V39/><F123/><W92/><G92/><T116/><D116/><U108/><E84/><V57/><F39/><W38/><G38/><T64/><D64/><U53/><E20/><V1/><F1/><W63/><N who="3" m="15360" /><DORA hai="66" /><W89/><G89/><T18/><D104/><U12/><E88/><V11/><F11/><W4/><G31/><T44/><D2/><U97/><E30/><V81/><F81/><W17/><G17/><T121/><D9/><U34/><E108/><V95/><F95/><W71/><G71/><T72/><D121/><U130/><E130/><V52/><F132/><W96/><G96/><T107/><D18/><U33/><E133/><V135/><F135/><W50/><G29/><T77/><D99/><U45/><E97/><V37/><F37/><W87/><G87/><T54/><D72/><U10/><E10/><V122/><F122/><W91/><G91/><T134/><D134/><U73/><E73/><V58/><AGARI ba="1,0" hai="47,49,52,57,58,59,125,126" m="44074,49225" machi="58" ten="40,8000,1" yaku="19,1,15,1,34,2,54,1" doraHai="101,66" who="2" fromWho="2" sc="454,-41,124,-21,273,83,149,-21" /><INIT seed="5,0,0,5,5,103" ten="413,103,356,128" oya="1" hai0="116,110,124,71,112,12,57,108,46,130,2,70,58" hai1="50,68,79,16,115,82,27,47,66,135,65,128,40" hai2="14,7,51,42,31,78,28,19,56,15,25,73,126" hai3="106,99,5,18,21,33,85,121,62,76,87,35,38"/><U39/><E115/><V67/><F126/><W30/><G38/><T91/><D2/><U92/><E128/><V88/><F73/><W104/><G121/><T90/><D12/><U41/><E135/><V34/><F78/><W4/><G62/><T125/><D46/><U49/><E92/><V1/><F31/><W6/><G99/><T118/><REACH who="0" step="1"/><D112/><REACH who="0" ten="403,103,356,128" step="2"/><U98/><E47/><V0/><F15/><W75/><G6/><T97/><D97/><U114/><E98/><V132/><F7/><W32/><G5/><T63/><D63/><U96/><E96/><V77/><F0/><W3/><G4/><T54/><D54/><U120/><E114/><V80/><F1/><W107/><G3/><T11/><D11/><U94/><E41/><V55/><F42/><W26/><G18/><T17/><D17/><U117/><E16/><V113/><F113/><W122/><G122/><T127/><D127/><U131/><E120/><V111/><F67/><W61/><G61/><T10/><D10/><U8/><E8/><V69/><F14/><W9/><G9/><T29/><D29/><U48/><E66/><V100/><F19/><W23/><G23/><T36/><D36/><U86/><E39/><V72/><F55/><W83/><AGARI ba="0,1" hai="21,26,30,32,33,35,75,76,83,85,87,104,106,107" machi="83" ten="40,8000,1" yaku="0,1,52,3" doraHai="103" who="3" fromWho="3" sc="403,-20,103,-40,356,-20,128,90" /><INIT seed="6,0,0,4,3,19" ten="383,63,336,218" oya="2" hai0="2,61,92,98,4,84,9,59,67,89,60,94,3" hai1="76,7,50,78,103,82,134,18,120,21,104,42,74" hai2="52,58,53,64,38,20,41,125,86,87,130,26,128" hai3="70,88,132,107,81,102,22,62,117,10,13,17,56"/><V47/><F125/><W49/><G132/><T75/><D75/><U63/><E134/><V15/><F15/><W6/><G70/><T57/><D3/><U35/><E35/><V116/><F116/><W11/><G49/><T83/><D98/><U32/><E32/><V0/><F0/><W65/><G117/><T79/><D79/><U109/><E109/><V69/><F69/><W129/><G129/><N who="2" m="49769" /><F64/><AGARI ba="0,0" hai="2,4,9,57,59,60,61,64,67,83,84,89,92,94" machi="64" ten="30,2000,0" yaku="7,1,9,1" doraHai="19" who="0" fromWho="2" sc="383,20,63,0,336,-20,218,0" /><INIT seed="7,0,0,5,3,72" ten="403,63,316,218" oya="3" hai0="90,71,110,19,126,46,73,30,44,5,57,134,117" hai1="100,6,18,50,103,48,54,128,21,67,49,15,105" hai2="66,39,69,14,101,11,33,42,135,86,68,27,36" hai3="106,53,83,45,3,62,31,127,35,88,131,24,26"/><W114/><G106/><T78/><D71/><U80/><E128/><V55/><F135/><W22/><G3/><T60/><D110/><U4/><E67/><V12/><F55/><W120/><G131/><T82/><D5/><U70/><E70/><V133/><F133/><W0/><G0/><T74/><D30/><U76/><E4/><V38/><F42/><W107/><G107/><T51/><D74/><U109/><E109/><V112/><F112/><W124/><G114/><T81/><D117/><U94/><E105/><V56/><F86/><W7/><G7/><T123/><D123/><U99/><E6/><V8/><F101/><W113/><G113/><T41/><D126/><U129/><E129/><V17/><F33/><W1/><G1/><T115/><D115/><U111/><E111/><V58/><F27/><W63/><G120/><T118/><D118/><U84/><REACH who="1" step="1"/><E103/><REACH who="1" ten="403,53,316,218" step="2"/><V108/><F108/><W79/><G127/><T119/><D119/><U43/><E43/><V65/><F69/><W92/><G124/><T2/><D41/><U23/><E23/><V10/><F68/><W93/><G22/><T125/><D125/><U95/><E95/><V16/><F8/><W77/><G93/><T29/><D134/><U52/><AGARI ba="0,1" hai="15,18,21,48,49,50,52,54,76,80,84,94,99,100" machi="52" ten="30,8000,1" yaku="1,1,0,1,8,1,52,1,54,1,53,0" doraHai="72" doraHaiUra="34" who="1" fromWho="1" sc="403,-20,53,90,316,-20,218,-40" owari="383,48.0,143,-36.0,296,10.0,178,-22.0" /></mjloggm>