<mjloggm ver="2.3"><GO type="169" lobby="0"/><UN n0="%E4%B8%89%E4%BB%A3%E7%9B%AE%E3%83%92%E3%83%83%E3%82%B0%E3%82%B9" n1="%E3%82%82%E3%82%93%E3%81%98%E3%82%83" n2="%E3%83%88%E3%83%88%E3%83%AA%E5%85%88%E7%94%9F%31%39%E6%AD%B3" n3="%E5%92%8C%E6%B3%89%E7%B4%97%E9%9C%A7" dan="16,16,19,17" rate="2095.33,2039.47,2318.62,2160.30" sx="M,M,F,F"/><TAIKYOKU oya="0"/><INIT seed="0,0,0,2,4,135" ten="250,250,250,250" oya="0" hai0="126,30,74,65,116,42,113,36,128,98,2,37,5" hai1="82,3,13,93,49,130,23,75,56,71,52,66,11" hai2="115,34,118,94,68,6,120,63,62,29,84,58,95" hai3="100,111,15,105,46,127,104,129,41,51,108,131,4"/><T9/><D74/><U123/><E3/><V85/><F120/><W1/><G1/><T70/><D113/><U81/><E71/><V22/><F34/><W114/><G114/><T43/><D116/><U73/><E66/><V78/><F115/><W91/><G91/><T33/><D128/><N who="3" m="49225" /><G100/><T18/><D18/><U40/><E123/><V79/><F68/><W19/><G4/><T90/><D43/><U21/><E40/><V48/><F6/><W117/><G117/><T25/><D126/><U92/><E75/><V47/><F118/><W107/><G127/><T67/><D67/><U54/><E54/><V59/><F22/><AGARI ba="0,0" hai="15,19,22,41,46,51,104,105,107,108,111" m="49225" machi="22" ten="40,1300,0" yaku="19,1" doraHai="135" who="3" fromWho="2" sc="250,0,250,0,250,-13,250,13" /><INIT seed="1,0,0,5,5,23" ten="250,250,237,263" oya="1" hai0="105,88,122,7,62,28,95,65,120,2,40,94,129" hai1="82,14,6,35,73,107,52,27,126,97,113,20,5" hai2="75,118,98,124,21,48,123,114,39,103,108,132,60" hai3="134,116,130,70,112,4,32,0,92,131,56,19,63"/><U67/><E113/><V119/><F39/><W72/><G112/><T37/><D105/><U91/><E67/><V125/><F114/><W135/><G72/><T133/><D28/><U78/><E35/><V8/><F75/><W47/><G70/><T29/><D29/><U69/><E69/><V57/><F123/><N who="0" m="47146" /><D129/><N who="3" m="49161" /><G32/><T17/><D17/><U45/><E14/><V55/><F108/><W12/><G47/><N who="0" m="23951" /><D133/><U96/><E107/><V121/><F8/><N who="3" m="2055" /><G92/><T13/><D2/><U38/><E73/><V87/><F121/><W128/><G116/><T83/><D13/><U9/><E82/><V81/><F132/><W79/><G79/><T84/><D7/><U104/><E78/><V86/><F118/><W100/><G100/><T58/><AGARI ba="0,0" hai="58,62,65,83,84,88,94,95" m="23951,47146" machi="58" ten="30,2000,0" yaku="13,1,54,1" doraHai="23" who="0" fromWho="0" sc="250,20,250,-10,237,-5,263,-5" /><INIT seed="2,0,0,5,2,128" ten="270,240,232,258" oya="2" hai0="90,89,129,134,48,87,32,10,47,85,83,54,104" hai1="56,108,93,103,91,53,24,27,44,46,118,133,110" hai2="0,99,62,28,80,6,70,82,33,16,109,55,19" hai3="101,69,107,43,23,124,37,84,9,94,66,127,3"/><V71/><F109/><N who="1" m="42089" /><E103/><V38/><F38/><W58/><G69/><T36/><D129/><U12/><E12/><V26/><F71/><W77/><G37/><T112/><D112/><U13/><E13/><V1/><F99/><W42/><G107/><T88/><D32/><U105/><E105/><V113/><F113/><W106/><G106/><T102/><D36/><U14/><E14/><V41/><F41/><W7/><G66/><T98/><D134/><U132/><E118/><V51/><F62/><W72/><G72/><T40/><D10/><U60/><E24/><V22/><F70/><W126/><G58/><T21/><D21/><U52/><E27/><V121/><F121/><W50/><G50/><T61/><D87/><N who="1" m="52479" /><E53/><V74/><F33/><W68/><G68/><T114/><D114/><U64/><E64/><V59/><F6/><W86/><G23/><T25/><D25/><U11/><E11/><V75/><F75/><W100/><G77/><T81/><REACH who="0" step="1"/><D85/><REACH who="0" ten="260,240,232,258" step="2"/><U76/><E76/><V35/><F35/><W95/><G86/><T123/><D123/><U17/><E17/><V116/><F116/><W119/><G119/><T31/><D31/><U29/><E29/><V4/><F4/><W67/><G84/><T122/><D122/><U2/><E2/><N who="2" m="1131" /><F74/><W130/><G7/><T18/><D18/><N who="2" m="6698" /><F82/><W45/><G130/><T63/><D63/><U92/><E92/><V30/><F80/><W125/><G125/><T96/><D96/><U131/><E131/><V73/><F73/><W65/><G127/><T49/><D49/><U8/><E8/><V39/><F30/><RYUUKYOKU ba="0,1" sc="260,10,240,10,232,10,258,-30" hai0="40,47,48,54,61,81,83,88,89,90,98,102,104" hai1="44,46,52,56,60,132,133" hai2="22,26,28,39,51,55,59" /><INIT seed="2,1,1,5,5,116" ten="270,250,242,228" oya="2" hai0="115,68,133,42,26,13,97,87,25,132,15,65,94" hai1="32,39,83,119,85,89,69,135,99,19,38,28,8" hai2="53,2,20,66,80,100,122,47,64,0,57,27,30" hai3="49,23,86,21,11,104,52,74,63,59,82,134,55"/><V88/><F122/><W3/><G104/><T56/><D68/><U105/><E69/><V79/><F100/><W81/><G134/><N who="0" m="51819" /><D42/><U110/><E32/><V127/><F127/><W123/><G123/><T43/><D43/><U46/><E28/><V90/><F47/><W78/><G3/><T50/><D87/><N who="1" m="50431" /><E19/><V70/><F2/><W112/><G112/><T121/><D121/><U54/><E8/><V118/><F0/><W72/><G11/><T71/><D71/><U9/><E9/><V60/><F118/><W67/><G55/><N who="0" m="31863" /><D65/><U126/><E54/><V96/><F96/><W120/><G120/><T14/><D115/><U73/><E39/><V31/><F31/><W34/><G34/><T107/><D107/><U98/><E38/><V102/><F102/><AGARI ba="1,1" hai="13,14,15,25,26,94,97,102" m="31863,51819" machi="102" ten="30,1000,0" yaku="20,1" doraHai="116" who="0" fromWho="2" sc="270,23,250,0,242,-13,228,0" /><INIT seed="3,0,0,3,5,65" ten="293,250,229,228" oya="3" hai0="29,118,4,72,126,80,99,69,71,41,82,12,100" hai1="128,8,23,130,47,90,43,13,30,116,133,117,35" hai2="22,33,55,84,79,111,115,14,110,106,42,109,62" hai3="89,31,87,10,66,86,74,88,3,51,91,44,114"/><W132/><G114/><T48/><D118/><N who="1" m="45675" /><E90/><V64/><F115/><W101/><G74/><T73/><D29/><U95/><E95/><V78/><F33/><W107/><G132/><T0/><D0/><U32/><E47/><V98/><F42/><W45/><G31/><T70/><D126/><U103/><E103/><N who="2" m="62839" /><F22/><W129/><G129/><N who="1" m="49770" /><E43/><V50/><F14/><W61/><G3/><T53/><D41/><U37/><E37/><V1/><F1/><W120/><G120/><T11/><D73/><U131/><N who="1" m="49778" /><U9/><DORA hai="102" /><E133/><V67/><F84/><W57/><G10/><N who="1" m="4202" /><E30/><V113/><F113/><W77/><G77/><N who="2" m="29193" /><F62/><W75/><G75/><T119/><D72/><U105/><E105/><V52/><F55/><W58/><G107/><T54/><D119/><U81/><E81/><V93/><F93/><W122/><G122/><T112/><D54/><U5/><E5/><V96/><F96/><W19/><G101/><T94/><REACH who="0" step="1"/><D112/><REACH who="0" ten="283,250,229,228" step="2"/><U17/><AGARI ba="0,1" hai="13,17,23,32,35" m="4202,49778,45675" machi="17" ten="50,8000,1" yaku="12,1,19,1,34,2" doraHai="65,102" who="1" fromWho="1" sc="283,-20,250,90,229,-20,228,-40" /><INIT seed="4,0,0,2,2,10" ten="263,340,209,188" oya="0" hai0="69,30,39,93,121,132,127,102,86,6,55,119,97" hai1="49,109,124,25,1,111,133,115,82,126,70,40,43" hai2="16,42,60,81,24,7,131,114,51,62,100,87,27" hai3="76,9,2,3,107,117,65,74,77,101,79,67,41"/><T116/><D121/><U33/><E1/><V4/><F114/><W0/><G117/><T11/><D132/><U12/><E82/><V35/><F131/><W44/><G74/><T96/><D127/><N who="1" m="48683" /><E33/><V73/><F73/><W66/><G107/><T134/><D134/><U123/><E133/><V84/><F100/><W110/><G110/><N who="1" m="41994" /><E25/><V59/><F35/><W34/><G34/><T58/><D69/><U98/><E98/><V91/><F27/><W113/><G113/><T120/><D39/><U135/><E135/><V5/><F87/><W112/><G112/><T31/><D120/><U122/><E12/><V68/><F68/><W21/><G101/><T47/><D116/><U8/><E8/><V88/><F91/><W15/><G21/><T36/><D119/><U14/><E14/><V104/><F104/><W45/><G41/><N who="1" m="15946" /><E115/><V72/><F72/><W99/><G99/><T50/><D97/><U57/><E70/><V78/><F78/><W106/><G106/><T56/><D86/><U129/><E129/><V118/><F118/><W37/><G37/><T29/><REACH who="0" step="1"/><D36/><REACH who="0" ten="253,340,209,188" step="2"/><U64/><E123/><V20/><F84/><W63/><G79/><T13/><AGARI ba="0,1" hai="6,11,13,29,30,31,47,50,55,56,58,93,96,102" machi="13" ten="30,18000,2" yaku="1,1,2,1,0,1,8,1,52,1,53,1" doraHai="10" doraHaiUra="48" who="0" fromWho="0" sc="253,190,340,-60,209,-60,188,-60" /><INIT seed="4,1,0,1,1,42" ten="443,280,149,128" oya="0" hai0="97,30,88,10,9,131,127,118,128,117,104,2,75" hai1="59,78,43,86,17,77,28,111,63,27,101,15,38" hai2="69,83,16,89,115,109,65,23,79,51,123,113,31" hai3="124,134,56,49,84,58,13,50,68,125,94,18,110"/><T95/><D75/><U8/><E111/><V70/><F109/><W7/><G110/><T32/><D127/><N who="3" m="48713" /><G68/><T112/><D112/><U100/><E43/><V74/><F123/><W66/><G7/><T71/><D71/><U114/><E38/><V26/><F70/><W4/><G4/><T57/><D57/><N who="3" m="22121" /><G66/><T133/><D133/><U41/><E41/><V39/><F39/><W107/><G107/><T47/><D104/><U93/><E114/><V121/><F121/><W29/><G29/><T122/><D122/><U40/><E40/><V108/><F108/><W61/><G61/><T87/><D2/><U34/><E63/><V120/><F120/><W116/><G116/><T105/><D118/><U72/><E59/><V35/><F51/><W129/><G129/><T20/><D117/><U36/><E36/><V24/><REACH who="2" step="1"/><F89/><REACH who="2" ten="443,280,139,128" step="2"/><N who="3" m="53543" /><G134/><T60/><D88/><U64/><E101/><V19/><F19/><W90/><G90/><T3/><D128/><U67/><E100/><V106/><F106/><W132/><G132/><T73/><D105/><U0/><E17/><V85/><F85/><W82/><G82/><T53/><D87/><U1/><E86/><V119/><F119/><W11/><AGARI ba="1,1" hai="11,13,18,49,50" m="53543,22121,48713" machi="11" ten="30,1100,0" yaku="18,1" doraHai="42" who="3" fromWho="3" sc="443,-6,280,-4,139,-4,128,24" /><INIT seed="5,0,0,5,3,134" ten="437,276,135,152" oya="1" hai0="86,79,101,85,105,11,75,120,60,129,113,88,12" hai1="54,56,35,40,115,109,8,100,5,133,46,51,57" hai2="23,128,107,50,102,62,92,106,125,71,104,135,65" hai3="16,98,99,74,126,82,28,66,64,68,36,110,103"/><U9/><E35/><V24/><F135/><W59/><G110/><T118/><D118/><U34/><E34/><V3/><F3/><W13/><G36/><T130/><D120/><U90/><E133/><V4/><F4/><W83/><G68/><T39/><D39/><U25/><E25/><V31/><F128/><N who="0" m="49258" /><D113/><U49/><E100/><V1/><F1/><W18/><G28/><T63/><D75/><U97/><E56/><V127/><REACH who="2" step="1"/><F50/><REACH who="2" ten="437,276,125,152" step="2"/><W41/><G126/><T29/><D29/><U69/><E51/><V27/><F27/><W43/><G13/><T112/><D112/><U123/><E49/><V84/><F84/><W111/><G111/><T91/><D86/><U77/><E5/><V26/><F26/><W21/><G74/><T42/><D85/><U124/><E109/><V44/><F44/><W108/><G108/><T53/><D79/><U93/><E124/><V95/><F95/><W67/><G59/><T89/><D105/><U22/><E57/><V2/><F2/><W32/><G32/><T52/><D42/><N who="3" m="15881" /><G103/><T17/><D101/><U76/><E69/><V33/><F33/><W116/><G116/><T119/><D119/><U96/><E115/><V45/><F45/><W55/><G55/><AGARI ba="0,1" hai="11,12,17,52,53,55,60,63,88,89,91" m="49258" machi="55" ten="30,3900,0" yaku="19,1,54,2" doraHai="134" who="0" fromWho="3" sc="437,49,276,0,125,0,152,-39" /><INIT seed="6,0,0,3,3,48" ten="486,276,125,113" oya="2" hai0="133,64,108,30,41,126,56,72,134,67,83,0,97" hai1="92,103,130,128,132,51,86,58,122,57,77,104,2" hai2="70,79,26,74,21,61,6,5,96,131,76,11,107" hai3="89,100,23,44,40,81,95,50,45,20,117,35,119"/><V114/><F114/><W65/><G35/><T71/><D0/><U110/><E110/><V13/><F131/><N who="1" m="50217" /><E104/><V43/><F74/><W3/><G3/><T98/><D108/><U127/><E2/><V4/><F43/><W69/><G100/><T59/><D126/><U9/><E9/><V33/><F33/><W106/><G106/><T55/><D41/><U38/><E38/><V31/><F70/><W19/><G81/><T27/><D72/><U39/><E39/><V53/><F96/><N who="0" m="36970" /><D83/><U8/><E8/><V84/><F84/><W73/><G73/><T87/><D87/><U85/><E77/><N who="2" m="29771" /><F107/><W91/><G69/><T88/><D88/><U1/><E86/><V34/><F34/><W29/><G91/><T115/><D59/><AGARI ba="0,0" hai="4,5,6,11,13,21,26,31,53,59,61" m="29771" machi="59" ten="30,2900,0" yaku="8,1,52,1" doraHai="48" who="2" fromWho="0" sc="486,-29,276,0,125,29,113,0" /><INIT seed="6,1,0,2,1,40" ten="457,276,154,113" oya="2" hai0="95,118,18,36,4,115,22,39,32,132,128,24,78" hai1="16,25,30,134,130,93,38,54,101,113,51,135,120" hai2="76,68,126,50,60,46,58,79,84,34,45,116,62" hai3="8,70,44,85,119,20,105,64,103,56,90,66,55"/><V125/><F116/><W21/><G119/><T94/><D118/><U2/><E38/><V88/><F34/><W106/><G70/><T100/><D115/><U129/><E113/><V59/><F68/><W57/><G8/><T72/><D128/><N who="1" m="49259" /><E16/><V35/><F35/><W23/><G103/><T28/><D132/><U111/><E2/><V89/><F84/><W110/><G110/><T53/><D53/><U17/><E17/><V86/><F86/><W0/><G0/><T13/><D72/><U3/><E3/><V97/><F50/><N who="3" m="29127" /><G106/><T131/><D78/><U74/><E74/><V96/><AGARI ba="1,0" hai="45,46,58,59,60,62,76,79,88,89,96,97,125,126" machi="96" ten="25,18000,2" yaku="0,1,22,2,52,2,54,1" doraHai="40" who="2" fromWho="2" sc="457,-61,276,-61,154,183,113,-61" /><INIT seed="6,2,0,4,5,24" ten="396,215,337,52" oya="2" hai0="67,82,80,33,9,27,14,55,23,61,2,51,135" hai1="126,134,1,97,84,85,127,106,124,50,52,5,30" hai2="21,108,13,78,121,47,116,112,74,125,38,49,130" hai3="87,111,60,91,4,86,25,0,105,22,102,119,133"/><V107/><RYUUKYOKU type="yao9" ba="2,0" sc="396,0,215,0,337,0,52,0" hai2="13,21,38,47,49,74,78,107,108,112,116,121,125,130" /><INIT seed="6,3,0,5,3,73" ten="396,215,337,52" oya="2" hai0="110,76,4,10,134,31,50,95,71,70,29,20,12" hai1="9,64,16,15,111,3,62,109,99,35,115,40,100" hai2="131,45,56,21,2,120,90,118,0,34,84,26,57" hai3="66,30,112,46,127,54,48,87,43,37,69,72,28"/><V125/><F118/><W122/><G72/><T106/><D110/><U83/><E115/><V17/><F120/><W8/><G122/><T25/><D106/><U103/><E3/><V86/><F131/><W58/><G127/><T78/><D134/><U132/><E40/><V67/><F125/><W44/><G112/><T19/><D71/><U32/><E132/><V61/><F34/><W77/><G8/><T85/><D70/><U27/><E83/><V126/><F126/><W24/><G46/><T47/><D95/><U81/><E81/><V129/><F129/><W91/><G24/><T33/><D85/><U117/><E117/><V128/><F128/><W52/><G54/><T63/><D63/><U49/><E27/><V68/><F84/><W5/><G5/><T130/><D130/><U59/><E109/><V135/><F135/><W88/><G77/><N who="0" m="29803" /><D33/><U38/><E35/><V107/><F107/><W18/><G18/><T94/><D94/><N who="1" m="58487" /><E32/><V39/><F0/><W96/><G96/><T13/><D12/><U53/><E111/><V51/><F39/><W124/><G124/><T89/><D89/><N who="3" m="34377" /><G87/><T97/><D97/><U60/><E53/><AGARI ba="3,0" hai="4,10,13,19,20,25,29,31,47,50,53" m="29803" machi="53" ten="30,7700,0" yaku="8,1,52,3" doraHai="73" who="0" fromWho="1" sc="396,86,215,-86,337,0,52,0" /><INIT seed="7,0,0,4,1,72" ten="482,129,337,52" oya="3" hai0="58,68,50,55,64,0,24,9,62,35,69,129,13" hai1="110,52,31,97,60,36,7,95,90,73,4,37,107" hai2="5,57,134,126,88,10,42,44,18,116,104,105,130" hai3="100,8,39,93,2,86,47,61,23,91,75,54,123"/><W99/><G123/><T108/><D0/><U81/><E31/><V118/><F130/><W80/><G23/><T103/><D108/><U122/><E110/><V96/><F134/><W32/><G32/><T79/><D129/><U128/><E128/><V6/><F126/><W121/><G121/><T135/><D135/><U131/><E131/><V117/><F18/><W78/><G61/><T27/><D79/><N who="1" m="44271" /><E52/><V94/><F57/><W45/><G54/><T66/><D103/><N who="1" m="62959" /><E60/><V77/><F105/><W67/><G67/><T34/><D34/><U25/><E25/><V113/><F104/><W109/><G109/><T76/><D76/><U33/><E33/><V83/><F113/><W125/><G125/><T133/><D133/><U65/><E65/><V111/><F111/><W12/><G2/><T51/><D68/><U20/><E20/><V40/><F40/><W63/><G63/><T59/><D69/><U82/><E82/><V14/><F5/><N who="1" m="2121" /><E122/><V124/><F124/><W102/><G39/><T106/><D13/><U1/><E1/><V84/><REACH who="2" step="1"/><F118/><REACH who="2" ten="482,129,327,52" step="2"/><W21/><G21/><T3/><D59/><U112/><E112/><V74/><F74/><W49/><G49/><AGARI ba="0,1" hai="6,10,14,42,44,49,77,83,84,88,94,96,116,117" machi="49" ten="30,12000,2" yaku="1,1,7,1,25,2,52,1,54,1,53,0" doraHai="72" doraHaiUra="56" who="2" fromWho="3" sc="482,0,129,0,327,130,52,-120" owari="482,58.0,129,-27.0,457,26.0,-68,-57.0" /></mjloggm>