<mjloggm ver="2.3"><GO type="169" lobby="0"/><UN n0="%E3%81%92%E3%81%A3%E3%81%A1" n1="%E3%83%88%E3%83%88%E3%83%AA%E5%85%88%E7%94%9F%31%39%E6%AD%B3" n2="%E6%A0%97%E5%B1%B1%E5%A4%8F%E4%BB%A3" n3="%EF%BC%93%E7%95%AA%E3%82%B7%E3%83%A7%E3%83%BC%E3%83%88%E5%9D%82%E7%94%B0" dan="17,19,16,17" rate="2196.68,2286.69,2041.41,2145.93" sx="M,F,F,M"/><TAIKYOKU oya="0"/><INIT seed="0,0,0,3,2,46" ten="250,250,250,250" oya="0" hai0="100,95,75,36,41,3,45,108,92,1,113,97,56" hai1="59,7,134,24,34,102,14,58,71,23,57,124,29" hai2="96,89,33,79,131,27,135,105,81,49,67,15,31" hai3="19,6,61,65,28,76,85,10,122,114,13,107,133"/><T11/><D113/><U82/><E71/><V94/><F135/><W90/><G114/><T129/><D129/><U115/><E115/><V72/><F131/><W37/><G37/><T110/><D75/><U109/><E134/><V120/><F120/><W18/><G107/><T21/><D21/><U60/><E109/><N who="0" m="42089" /><D56/><U35/><E124/><V12/><F67/><W80/><G133/><T119/><D119/><U38/><E38/><V101/><REACH who="2" step="1"/><F49/><REACH who="2" ten="250,250,240,250" step="2"/><W47/><G122/><T44/><D44/><U104/><E60/><V126/><F126/><W78/><G47/><T30/><D30/><U69/><E29/><V48/><F48/><W112/><G28/><T130/><D130/><U16/><E58/><V2/><F2/><N who="0" m="522" /><D11/><U116/><E57/><V9/><F9/><W84/><G112/><T68/><D68/><U121/><E69/><V74/><F74/><W70/><G70/><T53/><D53/><U132/><E121/><V42/><F42/><W125/><G125/><T32/><D32/><U55/><E132/><V118/><F118/><W111/><G111/><T64/><D64/><U26/><E116/><V73/><F73/><W54/><G54/><T123/><D123/><U77/><E34/><V127/><F127/><W22/><G65/><T8/><D8/><N who="1" m="4383" /><E59/><V5/><F5/><W88/><G61/><T62/><D62/><U66/><E55/><V40/><F40/><W50/><G50/><T93/><AGARI ba="0,1" hai="36,41,45,92,93,95,97,100" m="522,42089" machi="93" ten="40,3900,0" yaku="14,1,10,1" doraHai="46" who="0" fromWho="0" sc="250,49,250,-13,240,-13,250,-13" /><INIT seed="0,1,0,2,2,73" ten="299,237,227,237" oya="0" hai0="26,13,128,95,99,15,91,104,16,6,61,110,120" hai1="62,8,118,84,87,74,32,135,114,65,41,69,63" hai2="96,54,78,22,125,66,58,97,39,132,79,42,121" hai3="112,113,108,24,70,34,12,53,43,88,60,85,17"/><T107/><D120/><U35/><E118/><V27/><F121/><W51/><G108/><T116/><D116/><U77/><E74/><V1/><F1/><W101/><G101/><T33/><D110/><U18/><E135/><V30/><F132/><W45/><G34/><T49/><D128/><U56/><E114/><V59/><F39/><W126/><G24/><T9/><D49/><U102/><E102/><V67/><F42/><W123/><G126/><T4/><D61/><U25/><E41/><V44/><F44/><W117/><G117/><T48/><D48/><U83/><E84/><V80/><F80/><W21/><G123/><T129/><D129/><U90/><E90/><V0/><F0/><W5/><G5/><T47/><D47/><U131/><E131/><V7/><F7/><W23/><G23/><T89/><D89/><U119/><E119/><V133/><F133/><W10/><G21/><T11/><REACH who="0" step="1"/><D16/><REACH who="0" ten="289,237,227,237" step="2"/><U86/><E18/><V124/><F124/><W68/><G43/><T64/><D64/><U111/><E111/><V14/><F66/><N who="3" m="41031" /><G70/><T75/><D75/><N who="1" m="43455" /><E63/><V100/><F67/><W98/><G113/><T134/><D134/><U31/><E69/><V46/><F125/><W38/><G112/><T94/><D94/><U57/><E57/><V103/><F59/><W93/><G38/><T29/><AGARI ba="1,1" hai="4,6,9,11,13,15,26,29,33,91,95,99,104,107" machi="29" ten="30,6000,0" yaku="1,1,0,1,9,1,53,0" doraHai="73" doraHaiUra="130" who="0" fromWho="0" sc="289,73,237,-21,227,-21,237,-21" /><INIT seed="0,2,0,2,1,89" ten="362,216,206,216" oya="0" hai0="21,35,83,109,51,28,100,40,75,53,132,77,73" hai1="31,54,10,44,105,30,133,19,118,69,134,70,124" hai2="16,126,68,32,4,9,106,13,91,122,2,84,65" hai3="90,26,94,111,81,58,3,45,22,42,114,8,39"/><T11/><D132/><N who="1" m="50795" /><E118/><V116/><F116/><W121/><G111/><T97/><D109/><U48/><E105/><V64/><F122/><W123/><G114/><T72/><D35/><U41/><E124/><V101/><F126/><W107/><G107/><T23/><D40/><U95/><E19/><V60/><F32/><W62/><G81/><T43/><D43/><U66/><E10/><V99/><F65/><W93/><G3/><T50/><D11/><U120/><E120/><N who="3" m="46154" /><G90/><T98/><D50/><U14/><E14/><V74/><F74/><W7/><G7/><T55/><D53/><U52/><E54/><V79/><F79/><W57/><G8/><T12/><D98/><U36/><E95/><N who="3" m="36362" /><G62/><T125/><D83/><U5/><E5/><V129/><F2/><W96/><G96/><T46/><D97/><U80/><E80/><V113/><F4/><W92/><N who="3" m="36370" /><W127/><DORA hai="102" /><G127/><T128/><D125/><U18/><E66/><V119/><F64/><W20/><G20/><T112/><D23/><U115/><E115/><V130/><F113/><W87/><G87/><T37/><D21/><U56/><E18/><AGARI ba="2,0" hai="18,22,26,39,42,45,57,58" m="36370,46154" machi="18" ten="40,8000,1" yaku="13,1,52,4" doraHai="89,102" who="3" fromWho="1" sc="362,0,216,-86,206,0,216,86" /><INIT seed="1,0,0,0,1,33" ten="362,130,206,302" oya="1" hai0="109,64,111,61,81,17,93,66,101,68,45,132,5" hai1="31,113,130,15,87,19,110,92,91,28,115,135,32" hai2="38,98,6,106,29,54,13,69,102,51,59,49,76" hai3="25,46,7,82,129,118,65,24,119,80,73,39,134"/><U10/><E130/><V57/><F38/><W37/><G134/><T23/><D132/><U58/><E135/><V2/><F69/><W8/><G65/><T123/><D123/><U133/><E133/><V9/><F29/><W116/><G129/><T21/><D64/><U41/><E110/><N who="0" m="41993" /><D81/><N who="3" m="31337" /><G73/><T40/><D5/><U125/><E125/><V71/><F71/><W107/><G107/><T96/><D17/><U0/><E41/><V128/><F128/><W18/><G18/><T36/><AGARI ba="0,0" hai="21,23,36,40,45,61,66,68,93,96,101" m="41993" machi="36" ten="30,1100,0" yaku="14,1" doraHai="33" who="0" fromWho="0" sc="362,11,130,-5,206,-3,302,-3" /><INIT seed="2,0,0,1,5,70" ten="373,125,203,299" oya="2" hai0="16,112,35,109,110,84,105,10,33,48,117,46,111" hai1="34,64,21,73,113,50,1,20,76,91,9,13,26" hai2="2,115,57,15,44,31,29,56,66,127,116,133,121" hai3="81,123,98,102,96,92,118,89,135,75,32,22,78"/><V74/><F121/><W43/><G32/><T51/><D112/><U58/><E113/><V30/><F115/><W0/><G0/><T27/><D105/><U18/><E34/><N who="0" m="12809" /><D117/><U54/><E1/><V12/><F74/><W62/><G43/><T60/><D60/><U53/><E73/><V39/><F2/><W4/><G4/><T3/><D84/><U23/><E76/><V107/><F107/><N who="3" m="63943" /><G22/><N who="0" m="13767" /><D46/><U124/><E124/><V103/><F127/><W55/><G55/><T119/><D119/><U99/><E64/><V14/><F116/><W97/><G62/><T77/><D77/><U24/><E99/><V25/><F66/><W114/><G114/><T67/><D67/><U41/><E91/><V100/><F25/><W28/><G118/><T85/><D85/><U38/><REACH who="1" step="1"/><E53/><REACH who="1" ten="373,115,203,299" step="2"/><V61/><F103/><W36/><G97/><T106/><D3/><U45/><AGARI ba="0,1" hai="9,13,18,20,21,23,24,26,38,41,45,50,54,58" machi="45" ten="30,7900,0" yaku="1,1,2,1,0,1,52,1,53,0" doraHai="70" doraHaiUra="87" who="1" fromWho="1" sc="373,-20,115,89,203,-39,299,-20" /><INIT seed="3,0,0,3,2,66" ten="353,204,164,279" oya="3" hai0="82,98,5,44,110,23,91,108,94,89,127,16,48" hai1="65,14,19,96,105,125,117,0,104,68,124,87,12" hai2="31,32,130,109,126,120,9,135,59,76,61,63,7" hai3="116,73,11,15,102,122,128,77,1,118,26,71,60"/><W40/><G122/><T25/><D5/><U3/><E117/><V51/><F109/><W114/><G114/><T13/><D127/><N who="1" m="48715" /><E87/><V22/><F126/><W17/><G128/><T4/><D4/><U2/><E96/><V24/><F130/><W27/><G40/><T20/><D82/><U79/><E79/><V56/><F135/><W69/><G102/><T72/><D72/><U43/><E43/><V133/><F133/><W129/><G129/><T49/><D91/><U80/><E80/><V58/><F76/><W46/><G46/><T93/><D93/><U28/><E28/><V88/><F120/><W54/><G1/><T112/><D112/><U97/><E97/><V30/><F51/><W41/><G41/><T8/><D8/><N who="1" m="6535" /><E14/><V52/><F31/><W35/><G118/><T39/><D39/><U106/><E65/><V115/><F115/><W123/><G123/><T53/><REACH who="0" step="1"/><D49/><REACH who="0" ten="343,204,164,279" step="2"/><U55/><E106/><V10/><F7/><W90/><G90/><T37/><D37/><U100/><E105/><V103/><F88/><W67/><G116/><T113/><D113/><U101/><E104/><V131/><F131/><W50/><G73/><T42/><D42/><U57/><E101/><V36/><F36/><W45/><G77/><T62/><D62/><N who="1" m="36159" /><E100/><V70/><F103/><W121/><G121/><T95/><D95/><U81/><E81/><V6/><F6/><W47/><G50/><T111/><D111/><U84/><E84/><V85/><F85/><W75/><G60/><T83/><D83/><U86/><E86/><V74/><F63/><W18/><G75/><RYUUKYOKU ba="0,1" sc="343,15,204,15,164,-15,279,-15" hai0="13,16,20,23,25,44,48,53,89,94,98,108,110" hai1="0,2,3,68" /><INIT seed="4,1,1,4,0,84" ten="358,219,149,264" oya="0" hai0="86,33,53,104,2,132,27,69,26,3,14,42,59" hai1="58,0,102,25,134,96,124,9,67,52,121,1,98" hai2="127,40,119,10,17,28,113,97,106,82,105,133,91" hai3="7,111,63,70,101,93,57,54,79,112,60,56,64"/><T75/><D75/><U83/><E121/><V36/><F28/><W89/><G111/><T43/><D69/><U19/><E134/><V8/><F133/><W20/><G112/><T23/><D104/><U11/><E124/><V76/><F40/><W77/><G101/><T74/><D74/><U15/><E67/><V80/><F36/><W115/><G115/><T122/><D122/><U5/><E1/><V107/><F113/><W88/><G70/><T29/><D132/><U78/><E102/><V44/><F44/><W21/><G7/><T99/><D99/><U87/><REACH who="1" step="1"/><E25/><REACH who="1" ten="358,209,149,264" step="2"/><V6/><F127/><W18/><G21/><T73/><D2/><U92/><E92/><V130/><F107/><W126/><G126/><T68/><D3/><U47/><E47/><V51/><F106/><W48/><G63/><AGARI ba="1,2" hai="0,5,9,11,15,19,52,58,63,78,83,87,96,98" machi="63" ten="30,3900,0" yaku="1,1,7,1,54,1,53,0" doraHai="84" doraHaiUra="123" who="1" fromWho="3" sc="358,0,209,62,149,0,264,-42" /><INIT seed="5,0,0,0,0,12" ten="358,271,149,222" oya="1" hai0="18,119,52,64,108,104,55,37,77,70,30,134,25" hai1="59,86,34,9,90,56,48,68,71,54,100,135,123" hai2="43,120,66,98,8,121,84,85,67,32,82,51,112" hai3="39,97,21,40,133,110,49,53,36,116,65,80,13"/><U62/><E123/><V28/><F8/><W109/><G97/><T87/><D108/><N who="3" m="41577" /><G80/><T16/><D134/><U0/><E34/><V93/><F82/><W35/><G13/><T44/><D119/><U114/><E135/><V132/><F28/><W92/><G92/><T74/><D70/><U88/><E114/><V47/><F32/><W27/><G21/><N who="0" m="15663" /><D64/><U26/><E26/><V105/><F105/><W72/><G27/><T118/><D118/><U24/><E24/><V69/><F132/><W60/><G35/><T61/><D37/><N who="3" m="14409" /><G72/><T10/><D74/><U103/><E103/><V122/><F112/><W3/><G3/><T126/><D126/><U11/><E100/><V42/><F120/><W20/><G40/><T91/><D77/><U31/><E31/><V78/><F42/><W99/><G99/><T6/><D6/><U124/><E124/><V81/><F121/><W19/><G116/><T95/><D10/><U75/><E75/><V23/><F122/><W89/><G133/><T130/><D104/><U29/><E29/><V57/><F78/><W111/><G89/><T50/><D91/><U102/><E102/><V107/><F107/><W117/><G117/><T46/><D87/><U1/><E9/><V101/><F101/><W127/><G127/><T128/><D95/><N who="1" m="54679" /><E90/><V83/><F93/><W5/><G111/><T113/><D113/><U125/><E125/><V58/><F83/><W38/><G38/><T96/><D96/><U79/><E79/><V63/><F98/><W76/><G76/><T4/><D4/><N who="1" m="1415" /><E1/><V45/><F81/><W15/><G5/><RYUUKYOKU ba="0,0" sc="358,-10,271,30,149,-10,222,-10" hai1="48,54,56,59,62,68,71" /><INIT seed="5,1,0,4,0,47" ten="348,301,139,212" oya="1" hai0="124,130,110,20,83,2,67,111,125,79,115,114,55" hai1="25,118,75,70,87,103,91,65,123,0,131,78,93" hai2="117,50,82,46,56,98,134,3,77,24,16,5,13" hai3="30,76,85,6,81,11,41,12,26,127,112,120,53"/><U101/><E118/><V44/><F117/><W49/><G112/><N who="0" m="43051" /><D2/><U61/><E123/><V54/><F134/><W126/><G120/><T18/><D67/><U121/><E121/><V92/><F24/><W88/><G41/><T89/><D89/><U33/><E0/><V68/><F68/><W19/><G6/><T113/><D130/><U58/><E131/><V109/><F3/><W86/><G86/><N who="0" m="48511" /><D55/><U10/><E10/><V62/><F5/><W96/><G96/><T71/><D71/><U104/><E104/><V119/><F109/><N who="0" m="41482" /><D113/><U59/><E78/><V90/><F62/><W37/><G37/><T72/><D72/><U106/><E75/><V42/><F42/><W27/><G76/><T132/><D132/><U80/><E80/><V39/><F39/><W95/><G95/><T133/><D133/><U105/><E105/><V73/><REACH who="2" step="1"/><F119/><REACH who="2" ten="348,301,129,212" step="2"/><W36/><G36/><T57/><D125/><N who="3" m="47625" /><G30/><T15/><D124/><U100/><E106/><V108/><F108/><W35/><G35/><T48/><D18/><U8/><E33/><V14/><F14/><W28/><G28/><T97/><D15/><U107/><E107/><V99/><F99/><W31/><G31/><T69/><D97/><U29/><E29/><V22/><AGARI ba="1,1" hai="13,16,22,44,46,50,54,56,73,77,82,90,92,98" machi="22" ten="20,8000,1" yaku="1,1,0,1,7,1,52,1,54,1,53,0" doraHai="47" doraHaiUra="21" who="2" fromWho="2" sc="348,-21,301,-41,129,93,212,-21" /><INIT seed="6,0,0,3,1,30" ten="327,260,222,191" oya="2" hai0="111,26,132,15,101,102,61,31,93,85,22,8,129" hai1="13,134,119,38,77,122,50,66,4,133,89,59,56" hai2="57,116,135,46,124,35,104,107,78,97,68,108,3" hai3="115,74,67,19,130,80,81,98,24,43,16,62,96"/><V44/><F116/><W20/><G130/><T48/><D129/><U94/><E119/><V58/><F3/><W12/><G115/><T2/><D2/><U23/><E38/><V86/><F68/><W11/><G43/><T69/><D111/><U18/><E122/><V27/><F108/><W47/><G47/><T109/><D109/><U37/><E37/><V118/><F118/><W60/><G74/><T76/><D132/><N who="1" m="50795" /><E77/><V41/><F46/><W64/><G81/><T28/><D28/><U82/><E82/><V95/><F107/><W128/><G80/><T92/><D48/><U40/><E66/><V121/><F104/><W21/><G11/><T63/><D76/><U106/><E106/><V105/><F105/><W103/><G128/><T113/><D113/><U117/><E117/><V65/><F65/><W90/><G90/><N who="0" m="53327" /><D69/><U131/><E4/><V99/><F121/><W51/><G51/><T112/><D112/><U5/><E5/><V42/><F42/><W126/><G126/><T75/><D75/><U52/><E131/><V72/><F72/><W53/><G53/><T29/><D29/><U70/><E70/><V9/><F124/><W54/><G54/><T114/><D114/><U49/><E49/><V0/><F135/><W14/><REACH who="3" step="1"/><G24/><REACH who="3" ten="327,260,222,181" step="2"/><T33/><D26/><U1/><E40/><V45/><F41/><W123/><G123/><T39/><D39/><U55/><E55/><V7/><F45/><W73/><G73/><T79/><D8/><U10/><E52/><V100/><F9/><W34/><G34/><T120/><D33/><U88/><E10/><RYUUKYOKU ba="0,1" sc="327,-10,260,-10,222,-10,181,30" hai3="12,14,16,19,20,21,60,62,64,67,96,98,103" /><INIT seed="7,1,1,1,2,57" ten="317,250,212,211" oya="3" hai0="82,112,100,20,85,18,66,102,126,50,80,36,93" hai1="127,115,92,87,53,44,111,46,95,129,77,51,55" hai2="130,65,62,60,72,34,99,107,88,123,47,67,54" hai3="4,90,64,49,109,21,108,28,133,70,32,27,12"/><W119/><G119/><T75/><D36/><U45/><E111/><N who="3" m="42570" /><G133/><T6/><D112/><U125/><E115/><V2/><F2/><W43/><G90/><N who="0" m="53455" /><D75/><U29/><E129/><V13/><F72/><W10/><G70/><T23/><D6/><U122/><E122/><V56/><F34/><W89/><G64/><N who="2" m="24649" /><F107/><W33/><G89/><T118/><D126/><N who="1" m="48139" /><E29/><V39/><F39/><W0/><G43/><T134/><D134/><U69/><E55/><V71/><F71/><W74/><G49/><T86/><D66/><U128/><E128/><V97/><F123/><W1/><G74/><T40/><D23/><U24/><E69/><V16/><F130/><W5/><G5/><T35/><D35/><AGARI ba="1,1" hai="0,1,4,10,12,21,27,28,32,33,35" m="42570" machi="35" ten="30,5800,0" yaku="10,1,34,2" doraHai="57" who="3" fromWho="0" sc="317,-61,250,0,212,0,211,71" /><INIT seed="7,2,0,0,4,133" ten="256,250,212,282" oya="3" hai0="50,82,78,114,131,33,117,43,98,110,104,128,119" hai1="91,90,13,28,37,53,69,65,89,19,132,66,106" hai2="48,113,94,52,63,122,14,97,95,27,36,93,7" hai3="46,83,100,12,72,112,4,87,111,8,124,68,18"/><W101/><G112/><T108/><D50/><U134/><E106/><V9/><F113/><W126/><G72/><N who="0" m="43335" /><D43/><U67/><E37/><V84/><F36/><W11/><G68/><T116/><D33/><U10/><E69/><V64/><F122/><W25/><G46/><T71/><D71/><U17/><E28/><V34/><F84/><W23/><G111/><N who="0" m="42539" /><D114/><U88/><N who="1" m="22528" /><DORA hai="1" /><U21/><REACH who="1" step="1"/><E53/><REACH who="1" ten="256,240,212,282" step="2"/><V56/><F34/><W39/><G39/><T73/><D119/><U45/><E45/><N who="2" m="27663" /><F27/><AGARI ba="2,1" hai="10,13,17,19,21,27,65,66,67,132,134" m="22528" machi="27" ten="60,3900,0" yaku="1,1,54,1,53,0" doraHai="133,1" doraHaiUra="57,77" who="1" fromWho="2" sc="256,0,240,55,212,-45,282,0" /><INIT seed="8,0,0,0,3,15" ten="256,295,167,282" oya="0" hai0="127,114,115,83,104,0,52,76,18,38,27,123,16" hai1="62,100,72,126,118,94,86,65,45,24,108,69,119" hai2="109,9,14,122,134,120,64,40,85,107,93,57,129" hai3="19,43,96,112,110,35,82,117,59,11,53,81,71"/><T23/><D123/><U90/><E108/><V113/><F107/><W77/><G71/><T116/><D38/><U67/><E72/><V111/><F85/><W78/><G35/><T91/><D0/><U37/><E126/><V4/><F93/><W12/><G110/><N who="2" m="41993" /><F57/><W50/><G112/><T33/><D33/><U97/><E24/><V121/><F40/><W49/><G117/><N who="1" m="44554" /><E65/><V21/><F64/><W84/><G96/><T46/><D91/><U41/><E86/><V79/><F79/><N who="3" m="30219" /><G84/><T39/><D46/><AGARI ba="0,0" hai="11,12,19,43,46,49,50,53,59,81,82" m="30219" machi="46" ten="30,2000,0" yaku="8,1,52,1" doraHai="15" who="3" fromWho="0" sc="256,-20,295,0,167,0,282,20" owari="236,-16.0,295,10.0,167,-33.0,302,39.0" /></mjloggm>