<mjloggm ver="2.3"><GO type="169" lobby="0"/><UN n0="%E3%81%BF%E3%81%A9%E3%82%8A%E7%89%A7%E5%A0%B4" n1="%E3%81%97%E3%81%BF%73" n2="%E3%83%88%E3%83%88%E3%83%AA%E5%85%88%E7%94%9F%31%39%E6%AD%B3" n3="%E4%BC%8F%E8%99%8E" dan="17,17,19,16" rate="2148.66,2118.42,2291.73,2076.84" sx="M,M,F,M"/><TAIKYOKU oya="0"/><INIT seed="0,0,0,0,3,102" ten="250,250,250,250" oya="0" hai0="22,58,25,73,69,76,83,93,2,87,45,47,108" hai1="49,31,100,72,103,135,65,121,118,81,126,15,62" hai2="106,0,42,85,36,112,41,129,101,50,16,82,79" hai3="39,12,125,26,88,28,115,61,64,110,48,104,57"/><T59/><D69/><U122/><E118/><V7/><F112/><W96/><G115/><T37/><D2/><U46/><E31/><V13/><F129/><W78/><G39/><T94/><D108/><U34/><E34/><V18/><F36/><W54/><G110/><T9/><D9/><U111/><E135/><V84/><F0/><W134/><G134/><T20/><D73/><U19/><E126/><V86/><F7/><W71/><G125/><T89/><D20/><U120/><E111/><V99/><F18/><W17/><G78/><T32/><D32/><U56/><E81/><V116/><F116/><W95/><G104/><T133/><D133/><U67/><E67/><V124/><F124/><W132/><G132/><T107/><D107/><U60/><E60/><V131/><F131/><W98/><G28/><T113/><D113/><U21/><REACH who="1" step="1"/><E72/><REACH who="1" ten="250,240,250,250" step="2"/><V90/><F79/><W3/><G3/><T66/><D66/><U97/><E97/><V80/><F80/><W55/><G55/><AGARI ba="0,1" hai="15,19,21,46,49,55,56,62,65,100,103,120,121,122" machi="55" ten="40,1300,0" yaku="1,1,53,0" doraHai="102" doraHaiUra="74" who="1" fromWho="3" sc="250,0,240,23,250,0,250,-13" /><INIT seed="1,0,0,1,1,51" ten="250,263,250,237" oya="1" hai0="84,6,77,60,85,101,11,122,36,41,98,19,39" hai1="110,129,13,17,42,8,53,56,130,25,21,35,125" hai2="37,119,20,132,123,3,80,83,44,117,100,103,62" hai3="61,50,113,33,121,109,131,102,28,29,86,47,97"/><U64/><E125/><V30/><F123/><W75/><G121/><T65/><D122/><U112/><E112/><V133/><F3/><W57/><G75/><T95/><D19/><U79/><E35/><V38/><F44/><W45/><G113/><T7/><D7/><U106/><E106/><V31/><F62/><W12/><G131/><N who="1" m="50186" /><E64/><V52/><REACH who="2" step="1"/><F20/><REACH who="2" ten="250,263,240,237" step="2"/><W26/><G109/><T54/><D60/><U72/><E110/><V115/><F115/><W76/><G50/><T104/><D39/><U78/><E42/><V32/><F32/><W96/><G12/><T111/><D41/><U99/><E21/><V70/><F70/><W14/><G14/><T67/><D36/><U63/><E13/><V58/><F58/><W23/><G33/><T108/><D111/><U43/><E56/><V118/><F118/><W9/><G9/><T0/><D11/><U5/><E8/><V48/><F48/><W114/><G114/><T18/><D0/><U124/><E43/><V91/><F91/><W126/><G126/><T93/><D108/><U88/><E124/><V24/><F24/><W4/><G4/><T73/><D6/><U71/><E5/><V49/><F49/><W92/><G29/><T2/><D2/><U66/><E25/><V55/><AGARI ba="0,1" hai="30,31,37,38,52,55,80,83,100,103,117,119,132,133" machi="55" ten="25,12000,2" yaku="1,1,0,1,22,2,52,2,54,1,53,0" doraHai="51" doraHaiUra="105" who="2" fromWho="2" sc="250,-30,263,-60,240,130,237,-30" /><INIT seed="2,0,0,3,3,128" ten="220,203,370,207" oya="2" hai0="81,112,63,126,119,83,125,117,80,54,6,75,65" hai1="28,85,134,43,18,104,0,37,93,7,29,73,46" hai2="101,5,44,121,103,111,94,118,105,70,47,96,32" hai3="67,122,11,22,60,57,62,33,4,21,12,36,77"/><V74/><F118/><N who="0" m="45066" /><D112/><U8/><E104/><V1/><F74/><W27/><G122/><T86/><D6/><U35/><E73/><V42/><F121/><W40/><G77/><N who="0" m="44095" /><D54/><U56/><E35/><V31/><F70/><W71/><G40/><T61/><D83/><U41/><E41/><V50/><F111/><W38/><G33/><T79/><D61/><U53/><E18/><V58/><F47/><W89/><G89/><T99/><D99/><U10/><E10/><V72/><F72/><W69/><G22/><T114/><D114/><U19/><E19/><V123/><F123/><W20/><G20/><T49/><D49/><U66/><E66/><V131/><F131/><W24/><G24/><T91/><D79/><U39/><E39/><V100/><F105/><W127/><G127/><T9/><D9/><U133/><E85/><V116/><F116/><W92/><G92/><T113/><D113/><U52/><E93/><V30/><F32/><W48/><G48/><T84/><D84/><U124/><E53/><V108/><F5/><W14/><G71/><AGARI ba="0,0" hai="63,65,71,81,86,91,125,126" m="44095,45066" machi="71" ten="30,1000,0" yaku="12,1" doraHai="128" who="0" fromWho="3" sc="220,10,203,0,370,0,207,-10" /><INIT seed="3,0,0,0,2,46" ten="230,203,370,197" oya="3" hai0="38,52,18,123,120,40,131,85,81,20,135,93,17" hai1="128,11,104,31,109,103,36,78,8,119,87,86,63" hai2="88,91,59,105,60,94,83,34,56,42,132,0,107" hai3="57,61,113,2,90,98,92,26,65,129,29,39,37"/><W80/><G113/><T47/><D131/><U118/><E36/><V125/><F34/><W84/><G2/><T30/><D135/><U122/><E128/><V72/><F0/><W97/><G129/><T111/><D111/><U96/><E122/><V21/><F132/><W76/><REACH who="3" step="1"/><G98/><REACH who="3" ten="230,203,370,187" step="2"/><T102/><D123/><U115/><E115/><V74/><F125/><W6/><G6/><T108/><D120/><U89/><E109/><V110/><F110/><W50/><G50/><T71/><D108/><U79/><E118/><V23/><F60/><W117/><G117/><T33/><D38/><U13/><E119/><V4/><F4/><W25/><G25/><T114/><D114/><U3/><E63/><V7/><F7/><W19/><G19/><T49/><D18/><U116/><E3/><V15/><F15/><W70/><G70/><T77/><D71/><U12/><E116/><V82/><F42/><W43/><G43/><T127/><D127/><U58/><E12/><V45/><F45/><W68/><G68/><T16/><D40/><U73/><E13/><V99/><F99/><W75/><G75/><T32/><D47/><U9/><E73/><V106/><F74/><W126/><G126/><T54/><D17/><U5/><E5/><V64/><F72/><W130/><G130/><T24/><D16/><U133/><E133/><V14/><F14/><W62/><G62/><T66/><D24/><U10/><E96/><V48/><F48/><W95/><G95/><T53/><D49/><U69/><E69/><V134/><F134/><W67/><G67/><T22/><D66/><RYUUKYOKU ba="0,1" sc="230,-10,203,-10,370,-10,187,30" hai3="26,29,37,39,57,61,65,76,80,84,90,92,97" /><INIT seed="3,1,1,3,2,27" ten="220,193,360,217" oya="3" hai0="21,14,20,58,112,79,133,127,53,86,97,5,104" hai1="6,45,85,114,113,132,39,116,46,41,44,36,47" hai2="90,118,12,71,63,51,40,7,28,129,73,57,26" hai3="103,117,54,4,1,62,122,11,24,88,2,50,37"/><W60/><G117/><T10/><D127/><U105/><E105/><V30/><F118/><W34/><G122/><T72/><D72/><U77/><E116/><V92/><F73/><W66/><G37/><T128/><D133/><U55/><E132/><V32/><F129/><W94/><G103/><T48/><D128/><U49/><E6/><V98/><F71/><W125/><G125/><T67/><D112/><N who="1" m="43115" /><E85/><V130/><F130/><W15/><G1/><T80/><REACH who="0" step="1"/><D67/><REACH who="0" ten="210,193,360,217" step="2"/><U35/><E36/><V38/><F38/><W82/><G66/><T95/><D95/><U16/><E39/><V119/><F119/><W109/><G109/><T25/><D25/><U91/><E41/><V84/><F26/><W134/><G134/><T96/><D96/><U69/><E55/><N who="2" m="34239" /><F98/><W43/><G43/><T61/><D61/><U59/><E69/><V126/><F126/><W8/><G82/><T75/><D75/><U89/><E49/><V68/><F68/><W9/><G2/><T56/><D56/><U52/><E59/><V3/><F3/><W120/><G120/><T23/><D23/><U74/><E74/><V42/><F42/><W123/><G123/><T87/><D87/><U101/><E52/><V22/><F22/><W115/><G115/><T17/><D17/><U33/><E16/><V18/><F18/><W31/><G60/><T99/><D99/><U100/><E33/><V106/><F106/><W70/><G70/><T0/><D0/><U78/><E35/><V65/><F32/><W83/><G62/><T131/><D131/><U107/><N who="1" m="11776" /><DORA hai="111" /><U13/><E107/><RYUUKYOKU ba="1,2" sc="210,30,193,-10,360,-10,217,-10" hai0="5,10,14,20,21,48,53,58,79,80,86,97,104" /><INIT seed="4,2,2,1,0,87" ten="240,183,350,207" oya="0" hai0="56,123,75,65,45,14,100,108,67,60,118,93,83" hai1="124,8,52,74,21,10,23,82,38,69,29,39,106" hai2="72,0,127,55,53,129,47,51,31,131,26,36,20" hai3="4,54,41,101,111,85,11,32,122,121,63,94,104"/><T16/><D118/><U79/><E69/><V84/><F72/><W25/><G111/><T113/><D123/><U48/><E106/><V128/><F0/><W5/><G41/><T132/><D113/><U58/><E124/><V110/><F110/><W34/><G104/><T81/><D108/><U33/><E33/><V126/><F36/><W80/><G5/><T59/><D132/><U130/><E130/><V116/><F116/><W97/><G25/><T112/><D112/><U17/><E39/><V91/><REACH who="2" step="1"/><F55/><REACH who="2" ten="240,183,340,207" step="2"/><W99/><G121/><T96/><D75/><U90/><E38/><V73/><F73/><W40/><G122/><T105/><D105/><U86/><E29/><V103/><F103/><W28/><G40/><T15/><D15/><U76/><E74/><V120/><F120/><W117/><G117/><T88/><D100/><U3/><E3/><V50/><F50/><W42/><G42/><T64/><D45/><U66/><E66/><N who="0" m="25705" /><D56/><U119/><E119/><V115/><F115/><W7/><G101/><T57/><D57/><U24/><E21/><AGARI ba="2,3" hai="14,16,21,59,60,67,81,83,88,93,96" m="25705" machi="21" ten="30,11600,0" yaku="8,1,52,1,54,2" doraHai="87" who="0" fromWho="1" sc="240,152,183,-122,340,0,207,0" /><INIT seed="4,3,0,2,2,116" ten="392,61,340,207" oya="0" hai0="86,3,108,98,130,0,79,75,12,41,9,87,69" hai1="120,59,47,99,23,8,48,45,63,100,77,71,21" hai2="133,91,61,113,67,80,40,92,18,54,95,28,73" hai3="16,119,11,118,30,122,22,33,35,52,15,70,102"/><T68/><D130/><U19/><E71/><V111/><F113/><W5/><G70/><T96/><D75/><U129/><E129/><V46/><F111/><W6/><G102/><T32/><D32/><N who="3" m="12361" /><G52/><T117/><D117/><N who="3" m="44553" /><G122/><T66/><D41/><U90/><E77/><V72/><F133/><W7/><G30/><T85/><D79/><U112/><E112/><V24/><F28/><W37/><G37/><T42/><D42/><U27/><E120/><V34/><F34/><W106/><G106/><T36/><D36/><U124/><E124/><V17/><F54/><W83/><G83/><T58/><D58/><U64/><E8/><AGARI ba="3,0" hai="5,6,7,8,11,15,16,22" m="44553,12361" machi="8" ten="40,5200,0" yaku="34,2,54,1" doraHai="116" who="3" fromWho="1" sc="392,0,61,-61,340,0,207,61" /><INIT seed="5,0,0,0,2,28" ten="392,0,340,268" oya="1" hai0="88,68,13,109,112,113,27,4,110,86,76,22,34" hai1="102,26,106,123,80,63,60,15,79,124,132,81,71" hai2="21,99,74,115,82,100,53,108,0,85,95,92,62" hai3="128,73,101,118,33,40,77,58,43,2,1,44,125"/><U5/><E123/><V9/><F108/><W55/><G101/><T30/><D68/><U14/><E132/><V37/><F37/><W42/><G77/><T133/><D76/><U126/><E26/><V121/><F121/><W18/><G73/><T8/><D133/><U32/><E102/><V39/><F39/><W57/><G18/><T111/><REACH who="0" step="1"/><D22/><REACH who="0" ten="382,0,340,268" step="2"/><U16/><E106/><V66/><F21/><W87/><G118/><T3/><D3/><U135/><E135/><V94/><F0/><W24/><G2/><T83/><AGARI ba="0,1" hai="4,8,13,27,30,34,83,86,88,109,110,111,112,113" machi="83" ten="40,8000,1" yaku="1,1,0,1,52,1,54,1,53,0" doraHai="28" doraHaiUra="93" who="0" fromWho="0" sc="382,90,0,-40,340,-20,268,-20" owari="472,57.0,-40,-54.0,320,12.0,248,-15.0" /></mjloggm>