<mjloggm ver="2.3"><GO type="169" lobby="0"/><UN n0="%E6%A1%83%E3%82%84%E3%82%93" n1="%E3%82%AB%E3%82%A4%E3%81%A1%E3%82%83%E3%82%93" n2="%E3%82%A6%E3%83%AB%E3%83%88%E3%83%A9%E7%AB%8B%E7%9B%B4" n3="%E4%BB%A3%E6%89%93%E3%81%A1%E3%81%AE%E7%A5%9E%E6%A7%98" dan="16,16,19,17" rate="2133.94,2075.77,2290.47,2180.19" sx="M,F,M,M"/><TAIKYOKU oya="0"/><INIT seed="0,0,0,2,1,90" ten="250,250,250,250" oya="0" hai0="49,22,134,86,73,48,120,118,129,125,56,0,67" hai1="133,14,114,10,97,128,78,63,69,100,23,39,101" hai2="36,35,19,85,31,11,82,107,80,41,81,108,93" hai3="40,38,5,6,32,122,46,115,8,65,99,117,7"/><T77/><D120/><U34/><E34/><V123/><F107/><W12/><G115/><T110/><D73/><U91/><E114/><V98/><F123/><W37/><G122/><T64/><D0/><U88/><E39/><V51/><F36/><W89/><G32/><T75/><D75/><U47/><E128/><V24/><F108/><W18/><G117/><T29/><D118/><U87/><E133/><V3/><F41/><W112/><G112/><T44/><D129/><U127/><E127/><V21/><F51/><W130/><G130/><T9/><D9/><U30/><E47/><V124/><F124/><W43/><G65/><T52/><D134/><U79/><E69/><V126/><F126/><W42/><REACH who="3" step="1"/><G46/><REACH who="3" ten="250,250,250,240" step="2"/><T27/><D125/><U92/><E78/><V62/><F35/><W28/><G28/><T17/><D29/><U70/><E79/><V109/><F109/><W105/><G105/><T104/><D104/><U20/><E30/><V132/><F132/><W119/><G119/><T121/><D121/><U111/><E111/><V103/><F31/><W50/><G50/><T4/><D110/><U26/><E63/><V45/><F62/><W102/><G102/><T72/><D72/><U59/><E101/><V15/><F45/><W61/><G61/><T96/><D67/><U60/><E100/><V58/><F58/><W94/><AGARI ba="0,1" hai="5,6,7,8,12,18,37,38,40,42,43,89,94,99" machi="94" ten="40,12000,2" yaku="1,1,0,1,52,1,53,3" doraHai="90" doraHaiUra="1" who="3" fromWho="3" sc="250,-60,250,-30,250,-30,240,130" /><INIT seed="1,0,0,1,5,4" ten="190,220,220,370" oya="1" hai0="82,80,3,128,8,12,41,64,62,33,120,70,36" hai1="52,55,83,39,40,15,108,38,29,84,54,10,88" hai2="107,126,22,81,35,25,49,94,56,135,79,118,74" hai3="103,100,104,18,14,114,17,106,122,5,89,19,1"/><U99/><E40/><V21/><F118/><W67/><G114/><T130/><D33/><U115/><E115/><V28/><F126/><W133/><G122/><T86/><D120/><U85/><E108/><V69/><F69/><W129/><G1/><T109/><D109/><U65/><E65/><V78/><F107/><W16/><G5/><T32/><D32/><U68/><E68/><V73/><F135/><W113/><G113/><T75/><D12/><U44/><E44/><V61/><F49/><W121/><G121/><T110/><D86/><U11/><E29/><V97/><F79/><W102/><G133/><T111/><D82/><U59/><E59/><V47/><F47/><W112/><G112/><T50/><D50/><U105/><E85/><V87/><F22/><W98/><G67/><T91/><D91/><U134/><E134/><V27/><F27/><W45/><G45/><N who="0" m="23719" /><D80/><U131/><E131/><N who="0" m="50217" /><D75/><U7/><REACH who="1" step="1"/><E11/><REACH who="1" ten="190,210,220,370" step="2"/><V132/><F132/><W116/><G129/><T124/><D124/><U93/><E93/><V77/><F87/><W2/><G106/><T34/><D34/><U0/><E0/><V13/><F94/><N who="3" m="56655" /><G2/><T42/><D42/><U51/><E51/><V30/><F35/><W57/><G104/><T43/><D43/><U63/><E63/><V66/><F61/><W76/><G57/><T92/><D92/><U71/><E71/><V95/><F56/><W119/><G119/><T6/><AGARI ba="0,1" hai="3,6,8,62,64,70,110,111" m="50217,23719" machi="6" ten="30,4000,0" yaku="19,1,23,1,52,1" doraHai="4" who="0" fromWho="0" sc="190,50,210,-20,220,-10,370,-10" /><INIT seed="2,0,0,0,3,10" ten="240,190,210,360" oya="2" hai0="74,8,14,88,54,64,44,92,123,13,27,1,82" hai1="22,113,105,121,128,91,120,11,37,56,100,19,110" hai2="38,95,131,75,18,87,17,0,127,21,60,47,50" hai3="34,58,51,132,90,93,107,59,124,48,133,33,111"/><V4/><F75/><W135/><G107/><T55/><D123/><N who="1" m="47179" /><E113/><V23/><F38/><W79/><G79/><T130/><D130/><U99/><E128/><V108/><F131/><W72/><G72/><T83/><D64/><U61/><E37/><V6/><F127/><W103/><G103/><T81/><D74/><U41/><E41/><V70/><F108/><W98/><G111/><T89/><D27/><N who="1" m="14815" /><E110/><V112/><F112/><W29/><G124/><T31/><D31/><U80/><E11/><V16/><F70/><W45/><G51/><T104/><D104/><U126/><E126/><V28/><F60/><W78/><G78/><T118/><D118/><U2/><E2/><V109/><F109/><W76/><G76/><T97/><D1/><U71/><E71/><V86/><F0/><W32/><REACH who="3" step="1"/><G29/><REACH who="3" ten="240,190,210,350" step="2"/><T101/><D101/><U115/><E115/><V122/><F122/><W69/><G69/><T3/><D89/><U53/><E91/><N who="2" m="53751" /><F28/><W7/><G7/><T117/><D117/><U94/><E105/><V43/><F4/><W25/><G25/><T42/><D3/><U96/><E100/><V36/><F6/><W9/><G9/><T116/><D116/><U12/><E61/><V40/><F36/><W114/><G114/><T26/><D26/><U52/><E56/><V39/><F39/><W35/><N who="3" m="8704" /><DORA hai="77" /><W49/><G49/><N who="0" m="26775" /><D8/><U24/><E24/><V134/><F23/><W63/><G63/><T57/><D57/><U20/><E20/><V106/><F21/><W15/><G15/><AGARI ba="0,1" hai="13,14,15,54,55,81,82,83,88,92,97" m="26775" machi="15" ten="30,16000,3" yaku="8,1,52,6,54,1" doraHai="10,77" who="0" fromWho="3" sc="240,170,190,0,210,0,350,-160" /><INIT seed="3,0,0,0,5,75" ten="410,190,210,190" oya="3" hai0="56,5,81,105,90,7,43,59,122,10,112,52,39" hai1="77,110,46,100,86,107,61,88,129,102,134,1,114" hai2="113,19,115,117,65,73,85,109,119,31,133,69,84" hai3="40,53,22,72,104,95,99,21,67,11,96,106,23"/><W91/><G72/><T66/><D122/><U57/><E114/><V131/><F19/><W13/><G67/><T125/><D105/><U3/><E110/><V127/><F31/><W103/><G40/><T126/><D112/><U16/><E129/><V15/><F15/><W111/><G111/><T47/><D66/><U0/><E134/><V6/><F6/><W42/><G42/><T74/><D59/><U94/><E46/><V80/><F65/><W132/><G132/><T17/><D17/><U54/><E107/><V32/><F80/><W70/><G70/><T135/><D135/><U76/><REACH who="1" step="1"/><E16/><REACH who="1" ten="410,180,210,190" step="2"/><V98/><F109/><W26/><G106/><T49/><D126/><U20/><E20/><V101/><F127/><W38/><G38/><T9/><D125/><U62/><E62/><V8/><F131/><W87/><G26/><T29/><D10/><U82/><E82/><V97/><F8/><W89/><G23/><T92/><D9/><U121/><E121/><V63/><F133/><W36/><G36/><T50/><D39/><U14/><E14/><V79/><F63/><W124/><G124/><T24/><D81/><U18/><E18/><V60/><F60/><W37/><G37/><T30/><D24/><U116/><E116/><V51/><F119/><W27/><G27/><T41/><D47/><U120/><E120/><V33/><F117/><W68/><G11/><T64/><D7/><U25/><E25/><V108/><F115/><W71/><G13/><T83/><D5/><U2/><N who="1" m="0" /><DORA hai="55" /><U130/><E130/><V118/><F113/><W48/><G21/><RYUUKYOKU ba="0,1" sc="410,-10,180,30,210,-10,190,-10" hai1="54,57,61,76,77,86,88,94,100,102" /><INIT seed="4,1,1,0,4,61" ten="400,210,200,180" oya="0" hai0="121,52,49,63,127,100,84,42,40,98,112,82,39" hai1="135,76,21,17,94,104,26,79,73,80,81,66,62" hai2="107,128,15,57,30,96,51,1,95,44,115,77,133" hai3="22,91,12,70,27,38,87,45,29,9,101,88,46"/><T13/><D121/><U92/><E104/><V7/><F1/><W23/><G70/><T109/><D39/><U37/><E135/><V83/><F107/><W53/><G101/><T31/><D112/><U130/><E130/><V113/><F30/><W125/><G125/><T60/><D127/><U41/><E41/><V59/><F128/><W32/><G38/><T20/><D109/><U131/><E37/><V124/><F124/><W97/><G97/><T74/><D74/><U4/><E4/><V24/><F24/><W86/><G32/><T64/><D63/><U126/><E131/><V54/><F133/><W129/><G23/><T108/><D108/><U111/><E111/><V2/><F2/><W85/><G129/><T93/><D13/><U65/><E126/><V106/><F106/><W122/><G122/><T28/><D20/><U34/><E34/><V71/><F71/><W0/><G0/><T16/><D16/><U103/><E103/><V3/><F3/><W120/><G120/><T78/><D31/><U117/><E117/><V118/><F118/><W43/><G53/><T68/><D28/><U48/><E48/><V5/><F115/><W55/><G55/><T119/><D119/><U10/><E10/><N who="2" m="4559" /><F7/><N who="3" m="3135" /><G43/><T56/><AGARI ba="1,1" hai="40,42,49,52,56,60,64,68,78,82,84,93,98,100" machi="56" ten="20,7800,0" yaku="0,1,7,1,52,1,54,1" doraHai="61" who="0" fromWho="0" sc="400,91,210,-27,200,-27,180,-27" /><INIT seed="4,2,0,5,2,65" ten="491,183,173,153" oya="0" hai0="6,48,124,26,38,39,68,4,49,117,64,22,81" hai1="133,5,103,69,45,85,96,113,86,83,118,77,104" hai2="129,20,12,57,42,128,101,53,46,58,34,15,99" hai3="110,13,135,41,92,108,84,1,59,98,63,71,54"/><T70/><D117/><U94/><E118/><V115/><F34/><W74/><G74/><T123/><D64/><U82/><E5/><V107/><F115/><W10/><G1/><T16/><D81/><U3/><E3/><V73/><F73/><W88/><G135/><T55/><D123/><U9/><E133/><V32/><F32/><W8/><G41/><T24/><D55/><U44/><E113/><V89/><F89/><W130/><G130/><N who="2" m="50281" /><F20/><W25/><G71/><T131/><D22/><U66/><E9/><V93/><F107/><W109/><G25/><T132/><D131/><U11/><E11/><V51/><F58/><W31/><G31/><T36/><D36/><AGARI ba="2,0" hai="12,15,36,42,46,51,53,57,93,99,101" m="50281" machi="36" ten="30,1000,0" yaku="19,1" doraHai="65" who="2" fromWho="0" sc="491,-16,183,0,173,16,153,0" /><INIT seed="5,0,0,1,3,96" ten="475,183,189,153" oya="1" hai0="36,85,107,90,67,45,38,84,97,110,32,102,132" hai1="51,20,63,10,4,121,75,19,28,14,44,95,135" hai2="23,48,55,26,65,72,94,86,130,71,74,108,76" hai3="42,117,35,57,16,104,33,123,92,25,115,1,21"/><U61/><E121/><V78/><F108/><W100/><G123/><T0/><D110/><U12/><E75/><V9/><F130/><W13/><G1/><T2/><D32/><U87/><E135/><V17/><F71/><W80/><G104/><T18/><D84/><U125/><E125/><V109/><F65/><W22/><G115/><T98/><D38/><U105/><E105/><V122/><F109/><W127/><G127/><T40/><D98/><U101/><E28/><V49/><F49/><W119/><G42/><T114/><D114/><U77/><E77/><V41/><F41/><W68/><G68/><T34/><D34/><U31/><E31/><V113/><F113/><W39/><G39/><T131/><D132/><U3/><E3/><V66/><F66/><W73/><G57/><T47/><D47/><U103/><E87/><V81/><F122/><W24/><G80/><T64/><D131/><U126/><E126/><V69/><F69/><W128/><G73/><T50/><D36/><U82/><E82/><V30/><F94/><W29/><G128/><T43/><D43/><N who="1" m="24991" /><E95/><V134/><F76/><W120/><G120/><T124/><D124/><U89/><E89/><V93/><F93/><W62/><G62/><AGARI ba="0,0" hai="4,10,12,14,19,20,61,62,63,101,103" m="24991" machi="62" ten="30,5800,0" yaku="8,1,52,2" doraHai="96" who="1" fromWho="3" sc="475,0,183,58,189,0,153,-58" /><INIT seed="5,1,0,4,5,74" ten="475,241,189,95" oya="1" hai0="100,90,30,121,57,105,96,126,84,79,112,87,11" hai1="1,134,4,38,76,5,42,31,17,34,33,64,59" hai2="55,47,22,21,7,27,32,6,113,132,117,107,10" hai3="72,12,131,111,66,69,133,116,68,44,94,67,81"/><U127/><E134/><V36/><F107/><W9/><G111/><T65/><D112/><U120/><E120/><V92/><F36/><W3/><G3/><T86/><D126/><U99/><E127/><V89/><F117/><W75/><G116/><T25/><D121/><U123/><E123/><V110/><F110/><W49/><G133/><T53/><D65/><U118/><E118/><V115/><F132/><W93/><G131/><T58/><D57/><U129/><E129/><V18/><F32/><W56/><G69/><T82/><D11/><U63/><E38/><V125/><F125/><W135/><G68/><T77/><D86/><U45/><E17/><V108/><F108/><W91/><G135/><T109/><D87/><U114/><E114/><N who="2" m="43531" /><F22/><W23/><G23/><T103/><D103/><U8/><E34/><V119/><F10/><W2/><G2/><T78/><D109/><U35/><E33/><V20/><F20/><W101/><G75/><T41/><D41/><U60/><E35/><V43/><F119/><W54/><G101/><T62/><D90/><U130/><E130/><V71/><F71/><W61/><G67/><T48/><D48/><U102/><E8/><V13/><F13/><W15/><G15/><T80/><D80/><U70/><E1/><V24/><F24/><W52/><G66/><T73/><D73/><U124/><E124/><V14/><F14/><W106/><G106/><T28/><D28/><U16/><E31/><V98/><F43/><W104/><G104/><T50/><D50/><AGARI ba="1,0" hai="6,7,18,21,27,47,50,55,89,92,98" m="43531" machi="50" ten="30,2000,0" yaku="15,1,11,1" doraHai="74" who="2" fromWho="0" sc="475,-23,241,0,189,23,95,0" /><INIT seed="6,0,0,5,3,40" ten="452,241,212,95" oya="2" hai0="103,25,74,45,102,72,62,68,111,112,49,33,113" hai1="114,101,82,71,123,18,130,57,6,19,42,11,39" hai2="2,110,128,52,87,48,65,120,66,30,35,98,91" hai3="1,43,80,41,58,56,63,32,51,24,26,79,10"/><V85/><F2/><W121/><G121/><T5/><D111/><U23/><E123/><V99/><F120/><W78/><G1/><T37/><D5/><U12/><E71/><V88/><F30/><W29/><G10/><T69/><D103/><U118/><E118/><V127/><F35/><W81/><G51/><T47/><D102/><U36/><E114/><N who="0" m="44137" /><D25/><U44/><E130/><V59/><F128/><W15/><G15/><T95/><D95/><U3/><E101/><V106/><F127/><W105/><G105/><T27/><D72/><U122/><E122/><V84/><F106/><W124/><G29/><N who="0" m="19647" /><D74/><U108/><E108/><V116/><F116/><W109/><G109/><T134/><D62/><U117/><E117/><V60/><F110/><W83/><G63/><T8/><D8/><U93/><E93/><V64/><F60/><W20/><G32/><T126/><D134/><U17/><E39/><V133/><F133/><W119/><G119/><T129/><D129/><U9/><E11/><V50/><F50/><W55/><G81/><T115/><D126/><U22/><E22/><V0/><F0/><W89/><G124/><T76/><D76/><U94/><E94/><V75/><F75/><W7/><G89/><AGARI ba="0,0" hai="48,52,59,64,65,66,84,85,87,88,89,91,98,99" machi="89" ten="40,7700,0" yaku="8,1,54,2" doraHai="40" who="2" fromWho="3" sc="452,0,241,0,212,77,95,-77" /><INIT seed="6,1,0,0,0,94" ten="452,241,289,18" oya="2" hai0="1,45,106,58,3,54,110,89,72,95,101,125,9" hai1="43,59,84,53,87,27,133,98,33,104,132,13,78" hai2="76,66,18,82,91,129,83,71,86,47,116,108,31" hai3="134,32,29,102,123,121,51,112,57,115,77,96,100"/><V7/><F116/><W5/><G5/><T23/><D72/><U93/><E43/><V8/><F129/><W119/><G119/><T81/><D110/><U130/><E130/><V40/><F108/><W52/><G77/><T135/><D81/><U25/><E104/><V36/><F31/><W74/><G74/><T24/><D101/><U19/><E33/><V79/><F18/><W50/><G102/><T85/><D106/><U11/><E133/><V99/><F66/><W17/><G134/><T30/><D135/><U65/><E65/><V120/><F71/><W88/><G17/><T16/><D45/><U127/><E127/><V109/><F109/><W114/><G51/><T73/><D73/><U62/><E132/><V35/><F35/><W41/><G41/><T2/><D125/><U34/><E34/><V10/><F120/><N who="3" m="46155" /><G88/><T6/><D30/><U56/><E56/><V48/><F36/><W61/><G50/><AGARI ba="1,0" hai="1,2,3,6,9,16,23,24,50,54,58,85,89,95" machi="50" ten="30,2000,0" yaku="7,1,54,1" doraHai="94" who="0" fromWho="3" sc="452,23,241,0,289,0,18,-23" owari="475,58.0,241,-16.0,289,9.0,-5,-51.0" /></mjloggm>