<mjloggm ver="2.3"><GO type="169" lobby="0"/><UN n0="%E8%B6%85%E3%82%A4%E3%83%B3%E3%82%BF%E3%83%BC%E3%83%8D%E3%83%83%E3%83%88" n1="%E3%82%A6%E3%83%AB%E3%83%88%E3%83%A9%E7%AB%8B%E7%9B%B4" n2="%E7%B6%BE%E9%87%8E%E7%8F%AA%E5%AD%90" n3="%7A%6B%75%72%74" dan="17,18,17,17" rate="2201.81,2223.37,2184.72,2206.30" sx="M,M,F,M"/><TAIKYOKU oya="0"/><INIT seed="0,0,0,2,4,61" ten="250,250,250,250" oya="0" hai0="14,78,74,105,21,127,73,52,29,55,131,1,63" hai1="87,93,112,123,53,67,117,70,108,68,13,120,58" hai2="126,8,77,43,66,33,59,84,40,11,6,26,82" hai3="98,128,57,10,12,109,41,134,4,113,54,65,132"/><T103/><D1/><U130/><E87/><V104/><F104/><W118/><G113/><T115/><D115/><U110/><E93/><V125/><F33/><W0/><G118/><T114/><D114/><U135/><E13/><V7/><F26/><W22/><G109/><N who="1" m="42090" /><E112/><V86/><F59/><W17/><G128/><T3/><D3/><U64/><E117/><V111/><F111/><W92/><G41/><T38/><D38/><U27/><E27/><V71/><F71/><N who="1" m="27177" /><E130/><V107/><F107/><W81/><G81/><T19/><D131/><U80/><E80/><V119/><F119/><W95/><G95/><T83/><D73/><U116/><E116/><V34/><F82/><W39/><G39/><T94/><D94/><U100/><E100/><V106/><F106/><W85/><G85/><T129/><D129/><U91/><E91/><V72/><F34/><W133/><G92/><T75/><D75/><U28/><E28/><V69/><F69/><W49/><G98/><T51/><D103/><U102/><E102/><V35/><F35/><W56/><G133/><T31/><D105/><U62/><E135/><V124/><F124/><W20/><G20/><T18/><D127/><U36/><E36/><V37/><F37/><W16/><G17/><T15/><D18/><U99/><E99/><V5/><F5/><W32/><G32/><T76/><D29/><U96/><E96/><V9/><F72/><W97/><G97/><T23/><D31/><U47/><E47/><V25/><F25/><W46/><G46/><T79/><D74/><U60/><E60/><V121/><F6/><RYUUKYOKU ba="0,0" sc="250,-15,250,15,250,-15,250,15" hai1="53,58,62,64,67,120,123" hai3="0,4,10,12,16,22,49,54,56,57,65,132,134" /><INIT seed="1,1,0,1,5,106" ten="235,265,235,265" oya="1" hai0="49,40,63,83,99,90,121,79,56,91,120,7,125" hai1="37,86,38,94,100,129,61,2,116,97,16,117,22" hai2="110,112,33,32,48,104,57,26,43,70,81,95,45" hai3="69,27,82,6,71,24,30,10,78,68,122,80,13"/><U124/><E2/><V119/><F119/><W65/><G122/><N who="0" m="47211" /><D125/><U89/><E124/><V5/><F104/><W128/><G128/><T131/><D131/><U19/><E129/><V29/><F70/><W135/><G135/><T66/><D7/><U101/><E117/><V130/><F130/><W74/><G82/><T1/><D1/><U118/><E118/><V51/><F110/><W46/><G46/><N who="0" m="25799" /><D99/><U92/><E116/><V85/><F112/><W34/><REACH who="3" step="1"/><G27/><REACH who="3" ten="235,265,235,255" step="2"/><T41/><D41/><U36/><E101/><V20/><F81/><W98/><G98/><T76/><D76/><U134/><E134/><V28/><F26/><W11/><G11/><T54/><D66/><AGARI ba="1,1" hai="6,10,13,24,30,34,65,66,68,69,71,74,78,80" machi="66" ten="40,2600,0" yaku="1,1,52,1,53,0" doraHai="106" doraHaiUra="42" who="3" fromWho="0" sc="235,-29,265,0,235,0,255,39" /><INIT seed="2,0,0,0,1,102" ten="206,265,235,294" oya="2" hai0="83,30,68,112,114,79,96,41,6,84,86,3,132" hai1="129,100,27,69,21,134,119,67,82,54,38,80,58" hai2="62,120,48,130,76,11,16,23,28,107,13,104,105" hai3="43,116,88,131,135,64,133,124,77,56,117,44,20"/><V75/><F120/><W109/><G77/><T52/><D68/><U98/><E119/><V122/><F122/><W4/><G4/><T97/><D132/><N who="3" m="50761" /><G20/><T31/><D41/><U51/><E38/><V36/><F36/><N who="3" m="21607" /><G88/><T2/><D79/><U73/><E134/><V115/><F115/><W17/><G17/><T90/><D90/><U18/><E129/><V57/><F130/><W93/><G93/><T9/><D6/><U26/><E73/><V108/><F108/><W87/><G87/><T71/><D71/><U22/><E69/><V121/><F121/><W103/><G103/><T113/><D113/><U63/><E22/><V127/><F127/><W35/><G35/><T70/><D70/><U99/><E27/><V59/><F75/><W78/><G78/><T49/><D83/><U47/><REACH who="1" step="1"/><E99/><REACH who="1" ten="206,255,235,294" step="2"/><V50/><F76/><W24/><G24/><T5/><D96/><U66/><E66/><V29/><F23/><W128/><G109/><T101/><D97/><U95/><AGARI ba="0,1" hai="18,21,26,47,51,54,58,63,67,80,82,95,98,100" machi="95" ten="20,5200,0" yaku="1,1,0,1,7,1,8,1,53,0" doraHai="102" doraHaiUra="123" who="1" fromWho="1" sc="206,-13,255,62,235,-26,294,-13" /><INIT seed="3,0,0,3,0,74" ten="193,317,209,281" oya="3" hai0="115,25,1,77,123,135,15,34,89,41,30,55,14" hai1="32,113,21,78,23,127,9,112,48,26,80,2,102" hai2="5,31,93,132,72,45,82,106,20,61,64,94,6" hai3="68,53,11,65,52,19,36,28,70,17,91,44,126"/><W47/><G126/><T3/><D123/><U67/><E127/><V119/><F106/><W104/><G104/><T29/><D41/><U43/><E102/><V49/><F119/><W69/><G65/><T24/><D89/><U110/><E110/><V35/><F35/><W100/><G100/><T75/><D55/><U125/><E125/><V39/><F39/><W7/><G28/><T79/><D75/><U128/><E128/><V83/><F132/><W107/><G107/><T16/><D135/><U10/><E67/><V51/><F31/><W88/><G36/><T116/><D16/><N who="3" m="6217" /><G11/><T109/><D109/><U101/><E10/><V84/><F20/><W50/><G7/><T54/><D54/><N who="3" m="21097" /><G50/><T120/><D120/><U60/><E9/><V92/><F72/><W42/><G42/><T13/><D13/><U27/><E48/><V57/><F51/><W90/><AGARI ba="0,0" hai="44,47,68,69,70,88,90,91" m="21097,6217" machi="90" ten="40,18000,2" yaku="28,2,26,2,54,3" doraHai="74" who="3" fromWho="3" sc="193,-60,317,-60,209,-60,281,180" /><INIT seed="3,1,0,4,1,38" ten="133,257,149,461" oya="3" hai0="79,112,11,97,91,126,85,57,132,102,127,69,99" hai1="15,121,24,3,48,94,87,115,45,118,50,93,13" hai2="14,17,82,104,32,106,70,44,54,80,1,52,26" hai3="131,68,83,120,4,30,78,117,58,56,72,2,71"/><W67/><G117/><T84/><D69/><U42/><E3/><V108/><F1/><W31/><G120/><T55/><D11/><U103/><E121/><V129/><F70/><W16/><G131/><T23/><D23/><U123/><E123/><V111/><F129/><W39/><G39/><T125/><D132/><U21/><E115/><V100/><F26/><W60/><G71/><T130/><D130/><U63/><E118/><V28/><F28/><W90/><G90/><T88/><D112/><U86/><E63/><V92/><F92/><N who="1" m="35433" /><E50/><N who="2" m="28743" /><F54/><W5/><G31/><T135/><D135/><U134/><E103/><V81/><F100/><W47/><G30/><T46/><D46/><U62/><E62/><V49/><F49/><W74/><G74/><T119/><D119/><U124/><E134/><V101/><F101/><W114/><G114/><T33/><D33/><U8/><E48/><V36/><F36/><W34/><G34/><T35/><D35/><U109/><E24/><V122/><F122/><W40/><G2/><T95/><D79/><U27/><E27/><V105/><F32/><W9/><G68/><T51/><REACH who="0" step="1"/><D102/><REACH who="0" ten="123,257,149,461" step="2"/><U59/><E45/><V20/><F105/><W113/><G113/><T25/><D25/><U76/><E76/><V110/><AGARI ba="1,1" hai="14,17,20,80,81,82,104,106,108,110,111" m="28743" machi="110" ten="40,2700,0" yaku="14,1,54,1" doraHai="38" who="2" fromWho="2" sc="123,-8,257,-8,149,40,461,-14" /><INIT seed="4,0,0,1,3,104" ten="115,249,189,447" oya="0" hai0="77,74,56,48,15,1,135,59,94,133,12,119,66" hai1="70,55,71,13,99,17,123,43,18,111,128,109,96" hai2="52,67,127,24,122,124,54,20,68,130,42,22,117" hai3="37,0,91,60,8,9,6,62,129,32,29,44,50"/><T84/><D1/><U76/><E123/><V64/><F122/><W47/><G129/><T53/><D119/><U7/><E43/><V2/><F2/><W88/><G9/><T34/><D34/><U21/><E7/><V90/><F130/><W72/><G72/><T31/><D31/><U38/><E128/><V108/><F108/><N who="1" m="41545" /><E38/><V69/><F42/><W134/><G134/><N who="0" m="51211" /><D94/><U107/><E76/><V45/><F45/><W115/><G115/><T125/><D84/><U28/><E28/><V63/><F90/><W41/><G29/><T103/><D103/><N who="1" m="62951" /><E99/><V4/><F4/><W120/><G32/><T118/><D118/><U78/><E78/><V126/><F117/><W85/><G120/><T26/><D26/><N who="1" m="14639" /><E55/><N who="2" m="21035" /><F24/><W61/><G85/><T51/><D51/><U33/><E33/><V19/><F19/><W73/><G73/><T10/><D77/><U46/><E46/><V132/><F132/><W131/><G131/><T23/><D74/><U87/><E87/><V75/><F75/><W35/><G35/><T106/><D106/><U14/><E18/><V11/><F11/><W25/><G25/><T79/><D79/><U100/><E100/><V101/><F101/><W121/><G121/><T49/><D49/><U113/><E113/><V93/><F93/><W36/><G50/><T40/><D40/><AGARI ba="0,0" hai="0,6,8,36,37,40,41,44,47,60,61,62,88,91" machi="40" ten="40,2600,0" yaku="9,1,54,1" doraHai="104" who="3" fromWho="0" sc="115,-26,249,0,189,0,447,26" /><INIT seed="5,0,0,0,4,122" ten="89,249,189,473" oya="1" hai0="110,119,64,115,111,125,26,7,96,78,80,107,59" hai1="4,92,34,120,25,106,65,70,35,67,28,73,66" hai2="14,81,1,31,109,132,98,39,33,12,63,91,10" hai3="30,117,47,123,0,19,40,42,2,130,126,93,11"/><U69/><E120/><V85/><F39/><W9/><G123/><T84/><D119/><U45/><E73/><V75/><F75/><W124/><G117/><T77/><D7/><U20/><E106/><V100/><F132/><W27/><G130/><T88/><D26/><U99/><E4/><V6/><F109/><N who="0" m="41482" /><D59/><U87/><E87/><V83/><F83/><W56/><G56/><T76/><D64/><U24/><E45/><V21/><F33/><W29/><G19/><T13/><D13/><U49/><E49/><V50/><F50/><W22/><G22/><T103/><D115/><U95/><E20/><V53/><F53/><W113/><G27/><T72/><D125/><U5/><E5/><V82/><F82/><AGARI ba="0,0" hai="72,76,77,78,80,82,84,88,96,103,107" m="41482" machi="82" ten="30,12000,2" yaku="34,2,52,3,54,1" doraHai="122" who="0" fromWho="2" sc="89,120,249,0,189,-120,473,0" /><INIT seed="6,0,0,3,0,79" ten="209,249,69,473" oya="2" hai0="83,100,44,98,104,112,55,6,37,106,97,68,12" hai1="90,41,13,58,74,22,95,62,31,38,69,125,8" hai2="133,34,70,48,47,24,21,0,52,7,109,16,23" hai3="103,122,4,82,51,18,67,49,124,17,63,118,71"/><V113/><F113/><W43/><G122/><T15/><D68/><U80/><E69/><V66/><F133/><W36/><G118/><T73/><D112/><U5/><E125/><V11/><F109/><W3/><G103/><T119/><D119/><U120/><E120/><V111/><F111/><W60/><G124/><T115/><D115/><U59/><E38/><V45/><F34/><W35/><G35/><T89/><D6/><U19/><E41/><V116/><F116/><W20/><G60/><T114/><D114/><U77/><E31/><V78/><F78/><W25/><G18/><T14/><D73/><U32/><E62/><V91/><F91/><W57/><G71/><T134/><D37/><U96/><E32/><V135/><F135/><W46/><G82/><T30/><D83/><U129/><E129/><V87/><F87/><W130/><G130/><T81/><D81/><U9/><E9/><V72/><F72/><W27/><G27/><AGARI ba="0,0" hai="5,8,13,19,22,27,58,59,74,77,80,90,95,96" machi="27" ten="30,2000,0" yaku="7,1,52,1" doraHai="79" who="1" fromWho="3" sc="209,0,249,20,69,0,473,-20" /><INIT seed="7,0,0,3,1,24" ten="209,269,69,453" oya="3" hai0="129,113,11,125,126,0,18,82,80,33,50,83,48" hai1="5,35,118,46,89,131,135,121,88,65,14,59,72" hai2="41,27,93,114,101,108,10,84,77,120,3,13,60" hai3="54,97,20,8,75,19,86,4,55,25,1,47,26"/><W133/><G75/><T68/><D68/><U70/><E70/><V127/><F108/><W61/><G133/><T37/><D37/><U99/><E35/><V128/><F3/><W105/><G86/><T23/><D33/><U96/><E72/><V85/><F114/><W34/><G47/><T57/><D129/><U119/><E46/><V51/><F127/><W6/><G6/><T134/><D134/><U63/><E121/><V39/><F39/><W16/><G61/><T130/><D130/><U36/><E36/><V66/><F128/><W111/><G111/><T7/><D113/><U58/><E58/><V44/><F120/><W79/><G79/><T92/><D92/><U110/><E110/><V31/><F77/><W106/><G34/><T124/><REACH who="0" step="1"/><D57/><REACH who="0" ten="199,269,69,453" step="2"/><N who="1" m="37103" /><E131/><V94/><F94/><W42/><G105/><T95/><D95/><U90/><E59/><V12/><F12/><AGARI ba="0,1" hai="0,7,11,12,18,23,48,50,80,82,83,124,125,126" machi="12" ten="50,3200,0" yaku="1,1,18,1,53,0" doraHai="24" doraHaiUra="62" who="0" fromWho="2" sc="199,42,269,0,69,-32,453,0" owari="241,-16.0,269,7.0,37,-46.0,453,55.0" /></mjloggm>