<mjloggm ver="2.3"><GO type="169" lobby="0"/><UN n0="%28%E3%83%BB%EF%BC%8E%E3%83%BB%29" n1="%E3%81%8F%E3%81%85%E3%81%A1%E3%82%83%E3%82%93%EF%BC%A0%50%45" n2="%E3%83%88%E3%83%88%E3%83%AA%E5%85%88%E7%94%9F%31%39%E6%AD%B3" n3="%E3%81%B2%E3%81%90%E3%81%A1" dan="17,16,19,16" rate="2175.25,2128.96,2297.33,2080.13" sx="F,M,F,M"/><TAIKYOKU oya="0"/><INIT seed="0,0,0,3,5,19" ten="250,250,250,250" oya="0" hai0="4,71,52,124,79,12,111,36,62,35,70,119,100" hai1="45,118,15,49,26,101,90,27,108,54,48,3,109" hai2="42,103,96,133,34,88,105,69,80,76,7,67,40" hai3="130,47,65,127,86,55,83,82,50,6,87,33,37"/><T116/><D35/><U51/><E3/><V2/><F133/><W84/><G33/><T18/><D36/><U73/><E73/><V68/><F2/><W25/><G130/><T63/><D4/><U114/><E118/><V131/><F7/><W13/><G37/><T134/><D79/><U10/><E101/><V92/><F131/><W59/><G127/><T17/><D100/><U115/><E90/><V46/><F34/><W57/><G25/><N who="1" m="9226" /><E54/><V39/><F67/><W129/><G129/><T99/><D99/><U14/><E45/><V72/><REACH who="2" step="1"/><F42/><REACH who="2" ten="250,250,240,250" step="2"/><W128/><G128/><T75/><D134/><U20/><E114/><V28/><F28/><W22/><G6/><T94/><D116/><U21/><E115/><V106/><F106/><W29/><G65/><T16/><D119/><U31/><E31/><V121/><F121/><W102/><G29/><T81/><D124/><U91/><E109/><V58/><F58/><W117/><G117/><T85/><D111/><U66/><E108/><V53/><F53/><W5/><G5/><T98/><D70/><U126/><E126/><V120/><F120/><W135/><G135/><T64/><D52/><U107/><E66/><V41/><F41/><W93/><G57/><T104/><D64/><U11/><E107/><V24/><F24/><W78/><G59/><T89/><D71/><U112/><E112/><V32/><F32/><W132/><G132/><T110/><D110/><U60/><E15/><V9/><F9/><W56/><G56/><T95/><D12/><U122/><E14/><V123/><F123/><W113/><G113/><RYUUKYOKU ba="0,1" sc="250,-10,250,-10,240,30,250,-10" hai2="39,40,46,68,69,72,76,80,88,92,96,103,105" /><INIT seed="1,1,1,3,0,96" ten="240,240,270,240" oya="1" hai0="127,86,81,76,42,18,132,46,29,38,10,6,0" hai1="100,120,109,62,97,82,83,89,50,116,107,124,123" hai2="90,53,99,129,48,58,30,55,54,71,23,133,41" hai3="84,73,12,72,92,115,66,78,64,36,103,69,80"/><U108/><E116/><V2/><F2/><W88/><G115/><T113/><D132/><U68/><E50/><V125/><F71/><W3/><G3/><T39/><D127/><U110/><E124/><V77/><F129/><W70/><G36/><T118/><D113/><U121/><E89/><V35/><F35/><W45/><G45/><T31/><D118/><U105/><E107/><V111/><F111/><W1/><G1/><T34/><D34/><U134/><E134/><V20/><F77/><W26/><G73/><T16/><REACH who="0" step="1"/><D39/><REACH who="0" ten="230,240,270,240" step="2"/><U40/><REACH who="1" step="1"/><E40/><REACH who="1" ten="230,230,270,240" step="2"/><V4/><F41/><W79/><G72/><T85/><D85/><U19/><E19/><AGARI ba="1,3" hai="0,6,10,16,18,19,29,31,38,42,46,76,81,86" machi="19" ten="40,5200,0" yaku="1,1,54,1,53,1" doraHai="96" doraHaiUra="74" who="0" fromWho="1" sc="230,85,230,-55,270,0,240,0" /><INIT seed="2,0,0,3,5,3" ten="315,175,270,240" oya="2" hai0="65,78,132,128,61,35,9,97,37,95,41,60,94" hai1="51,8,6,67,107,77,106,83,84,86,112,59,124" hai2="79,117,101,50,53,54,98,90,115,68,2,36,18" hai3="47,0,100,40,34,22,116,91,58,38,88,104,66"/><V103/><F115/><W11/><G34/><T20/><D35/><U102/><E112/><V85/><F117/><W48/><G116/><T75/><D128/><U80/><E124/><V1/><F36/><W70/><G100/><T92/><D132/><U64/><E102/><V110/><F103/><W13/><G104/><T111/><D111/><U44/><E106/><V113/><F113/><W25/><G0/><T23/><D75/><U93/><E93/><V130/><F79/><W52/><G66/><T21/><D78/><U28/><E28/><V31/><F68/><W71/><G71/><T105/><D105/><U4/><E107/><V15/><F31/><W56/><G70/><T126/><D126/><U57/><E59/><V72/><F72/><W108/><G108/><T27/><D97/><U17/><E17/><V121/><F121/><W55/><G22/><N who="0" m="8811" /><D41/><N who="1" m="24975" /><E8/><V12/><F130/><W24/><G24/><T46/><D46/><U99/><E99/><V69/><F69/><W49/><G25/><T32/><D32/><U135/><E135/><V43/><F110/><W14/><G14/><N who="2" m="5161" /><F18/><AGARI ba="0,0" hai="11,13,18,38,40,47,48,49,52,55,56,58,88,91" machi="18" ten="30,7700,0" yaku="7,1,9,1,54,2" doraHai="3" who="3" fromWho="2" sc="315,0,175,0,270,-77,240,77" /><INIT seed="3,0,0,0,4,36" ten="315,175,193,317" oya="3" hai0="38,1,98,113,107,15,52,66,70,100,55,27,90" hai1="78,108,102,32,83,62,33,91,81,129,85,126,0" hai2="103,11,67,87,89,18,47,111,29,114,45,75,61" hai3="130,58,59,64,86,54,24,112,134,123,53,131,50"/><W109/><G24/><T77/><D1/><U30/><E108/><V48/><F75/><W9/><G86/><T127/><D38/><U26/><E126/><V65/><F114/><W118/><G9/><T121/><D121/><U25/><E129/><V88/><F111/><W106/><G106/><T92/><D127/><U3/><E102/><V97/><F29/><W42/><G109/><T125/><D125/><U10/><E10/><V20/><F11/><W69/><G112/><T96/><D113/><U8/><E8/><V4/><F4/><W104/><G104/><T28/><D15/><U99/><E62/><V133/><F133/><W79/><G79/><T34/><REACH who="0" step="1"/><D77/><REACH who="0" ten="305,175,193,317" step="2"/><U40/><E3/><V19/><F65/><W115/><G115/><T95/><D95/><U5/><E0/><V135/><F135/><W101/><G123/><T16/><D16/><U57/><E5/><V116/><F19/><W93/><G134/><T119/><D119/><U23/><E78/><V71/><F116/><W120/><G120/><T21/><D21/><U7/><E7/><V13/><F13/><W128/><G118/><T14/><D14/><U76/><E76/><V132/><F132/><W41/><G64/><T80/><D80/><U74/><E83/><N who="2" m="49279" /><F18/><W49/><G69/><T31/><D31/><N who="1" m="17855" /><E33/><V72/><F20/><W44/><G93/><T124/><D124/><U12/><E12/><V43/><F71/><W73/><G130/><T60/><AGARI ba="0,1" hai="27,28,34,52,55,60,66,70,90,92,96,98,100,107" machi="60" ten="30,8000,1" yaku="1,1,0,1,25,2,54,1,53,0" doraHai="36" doraHaiUra="105" who="0" fromWho="0" sc="305,90,175,-20,193,-20,317,-40" /><INIT seed="4,0,0,4,3,89" ten="395,155,173,277" oya="0" hai0="11,43,54,113,46,134,135,57,101,66,117,21,84" hai1="109,42,12,10,65,61,26,20,103,36,58,129,121" hai2="78,85,123,1,63,111,133,106,70,51,94,71,127" hai3="17,39,31,22,30,32,79,104,74,48,62,91,44"/><T80/><D117/><U23/><E121/><V27/><F123/><W86/><G39/><T130/><D66/><U82/><E109/><V81/><F111/><W59/><G32/><T75/><D75/><U120/><E120/><V45/><F106/><W29/><G104/><T92/><D113/><U56/><E129/><V110/><F110/><W108/><G74/><T68/><D68/><U16/><E103/><V114/><F1/><W73/><G73/><T76/><D21/><U52/><E82/><V41/><F114/><W8/><G79/><T50/><D130/><U34/><E36/><V19/><F133/><N who="0" m="50698" /><D11/><U119/><E42/><V107/><F107/><W18/><G8/><T69/><D69/><U28/><REACH who="1" step="1"/><E119/><REACH who="1" ten="395,145,173,277" step="2"/><V53/><F41/><W13/><G108/><T2/><D101/><U98/><E98/><V35/><F81/><W100/><G100/><T72/><D72/><U64/><E64/><V47/><F85/><W37/><G37/><N who="0" m="21871" /><D2/><U105/><E105/><V24/><F53/><W97/><G97/><T14/><D14/><U5/><E5/><V88/><F78/><W40/><G86/><T122/><D122/><U49/><AGARI ba="0,1" hai="10,12,16,20,23,26,28,34,49,52,56,58,61,65" machi="49" ten="20,12000,2" yaku="1,1,0,1,7,1,54,2,53,2" doraHai="89" doraHaiUra="55" who="1" fromWho="1" sc="395,-60,145,130,173,-30,277,-30" /><INIT seed="5,0,0,2,2,71" ten="335,275,143,247" oya="1" hai0="64,101,33,60,119,130,16,100,65,58,27,66,2" hai1="75,40,31,88,24,111,41,67,132,98,10,72,109" hai2="54,37,112,108,18,28,93,120,53,30,57,59,77" hai3="126,83,70,35,61,85,135,123,50,133,114,87,19"/><U0/><E67/><N who="0" m="25673" /><D2/><U115/><E115/><V104/><F120/><W81/><G35/><T82/><D33/><U76/><E132/><V124/><F104/><W80/><G19/><T29/><D119/><U14/><E0/><V89/><F108/><N who="1" m="41545" /><E76/><V84/><F124/><W52/><G61/><T3/><D3/><U91/><E41/><V110/><F110/><W12/><G70/><T122/><D130/><U62/><E40/><V96/><F37/><W13/><G123/><T36/><D36/><U8/><E62/><V38/><F38/><W7/><G114/><T5/><D5/><N who="1" m="3343" /><E10/><V32/><F112/><W48/><G126/><T22/><D29/><U55/><E55/><V102/><F77/><W107/><G107/><T94/><D122/><U46/><E46/><V45/><F45/><W95/><G7/><T11/><D11/><U134/><E134/><V86/><F18/><W1/><G1/><T43/><D43/><U63/><E63/><N who="2" m="36271" /><F30/><W90/><G50/><T49/><D49/><U26/><E98/><N who="2" m="57647" /><F28/><W125/><G125/><T15/><D58/><U116/><E116/><V42/><F42/><W47/><G133/><T34/><D60/><U103/><E103/><V69/><F69/><W51/><G135/><T129/><D100/><U17/><E17/><V20/><F32/><W9/><G48/><T92/><D101/><U106/><E106/><N who="2" m="63815" /><F20/><W131/><G131/><T44/><D129/><U73/><E31/><V99/><F99/><N who="3" m="57847" /><G9/><N who="0" m="6255" /><D66/><U121/><E121/><V113/><F113/><W118/><G118/><T105/><D34/><U74/><E74/><V128/><F128/><RYUUKYOKU ba="0,0" sc="335,-30,275,10,143,10,247,10" hai1="24,26,72,73,75,88,91" hai2="54,59,84,86" hai3="12,13,47,51,52,80,81,83,85,87" /><INIT seed="5,1,0,1,0,13" ten="305,285,153,257" oya="1" hai0="118,115,36,132,26,5,119,34,89,52,45,42,108" hai1="61,8,49,120,81,9,43,17,56,111,65,21,105" hai2="117,25,54,19,12,93,46,51,90,134,107,129,53" hai3="44,14,6,94,66,78,30,79,95,116,109,96,11"/><U71/><E120/><V76/><F129/><W83/><G109/><T64/><D108/><U24/><E111/><V39/><F134/><W59/><G116/><T122/><D64/><U7/><E105/><V32/><F117/><W106/><G106/><T20/><D34/><U28/><E81/><V15/><F107/><W84/><G30/><T98/><D5/><U62/><E7/><V58/><F76/><W63/><G79/><T121/><D115/><U113/><E113/><V85/><F39/><W77/><G78/><T10/><D10/><U38/><E28/><V35/><F15/><W0/><G0/><T125/><D132/><U67/><REACH who="1" step="1"/><E49/><REACH who="1" ten="305,275,153,257" step="2"/><V92/><F92/><W3/><G95/><N who="0" m="56687" /><D119/><U31/><E31/><V126/><F126/><W75/><G94/><T27/><D125/><U88/><E88/><V86/><F86/><W127/><G127/><T82/><D118/><U91/><E91/><V74/><F74/><W47/><G75/><T104/><D82/><U69/><E69/><V99/><F99/><W23/><G96/><T68/><D68/><U1/><E1/><V114/><F114/><W87/><G84/><T2/><D2/><U4/><E4/><V50/><REACH who="2" step="1"/><F25/><REACH who="2" ten="305,275,143,257" step="2"/><W70/><G87/><T37/><D26/><U72/><E72/><V128/><F128/><W112/><G112/><T18/><D104/><U73/><E73/><V133/><F133/><W40/><G77/><T29/><D36/><U131/><E131/><V103/><F103/><W60/><G83/><T55/><D37/><U97/><E97/><V135/><F135/><W124/><G124/><RYUUKYOKU ba="1,2" sc="305,-15,275,15,143,15,257,-15" hai1="8,9,17,21,24,38,43,56,61,62,65,67,71" hai2="12,19,32,35,46,50,51,53,54,58,85,90,93" /><INIT seed="5,2,2,0,5,29" ten="290,290,158,242" oya="1" hai0="10,16,72,34,119,2,77,50,52,13,111,37,126" hai1="116,103,12,68,132,36,93,3,38,5,46,67,63" hai2="129,131,57,107,73,122,42,64,19,114,89,108,118" hai3="20,54,43,117,45,96,83,97,32,69,11,31,24"/><U33/><E116/><V91/><F118/><W7/><G117/><T56/><D126/><U1/><E33/><V28/><F122/><W78/><G69/><T99/><D119/><U71/><E71/><V75/><F108/><W79/><G54/><T39/><D111/><U86/><E132/><V14/><F107/><W80/><G20/><T51/><D34/><U8/><E46/><V113/><F42/><W40/><G80/><T109/><D109/><U102/><E102/><V127/><F127/><W74/><G78/><T82/><D2/><U9/><E3/><V60/><F28/><W115/><G43/><T88/><REACH who="0" step="1"/><D51/><REACH who="0" ten="280,290,158,242" step="2"/><U133/><E133/><V100/><F75/><W21/><G32/><T49/><D49/><U120/><E120/><V62/><F73/><W92/><G115/><N who="2" m="44041" /><F100/><W112/><G112/><T110/><D110/><U53/><E103/><V30/><F30/><W90/><G31/><T23/><D23/><U55/><E36/><V27/><F27/><W0/><G21/><T130/><D130/><N who="2" m="49674" /><F62/><W48/><G24/><T84/><D84/><AGARI ba="2,3" hai="0,7,11,40,45,48,74,79,83,84,90,92,96,97" machi="84" ten="30,1000,0" yaku="7,1" doraHai="29" who="3" fromWho="0" sc="280,-16,290,0,158,0,242,46" /><INIT seed="6,0,0,1,4,17" ten="264,290,158,288" oya="2" hai0="87,30,66,74,12,120,98,59,130,125,25,14,85" hai1="70,124,52,44,65,119,115,13,95,71,82,41,102" hai2="9,103,50,72,129,1,94,56,37,34,49,122,2" hai3="110,19,21,101,116,113,6,79,111,23,39,121,118"/><V96/><F122/><W63/><G39/><T42/><D120/><U51/><E119/><V55/><F37/><W93/><G79/><T53/><D74/><U132/><E115/><V48/><F34/><W38/><G63/><N who="0" m="38271" /><D42/><U10/><E124/><V3/><F72/><W35/><G93/><T89/><D130/><U18/><E132/><V64/><F129/><W105/><G101/><T104/><D104/><U77/><E65/><V117/><F117/><W36/><G105/><T20/><D125/><U47/><E95/><V90/><F64/><W78/><G78/><T62/><D98/><U46/><E102/><V106/><REACH who="2" step="1"/><F9/><REACH who="2" ten="264,290,148,288" step="2"/><W134/><G35/><T128/><D128/><U135/><E135/><V114/><F114/><W0/><G134/><T32/><D32/><U60/><E10/><V133/><F133/><W126/><G113/><T69/><D69/><U16/><E70/><V33/><F33/><W58/><G121/><T131/><D131/><U109/><E71/><V97/><AGARI ba="0,1" hai="1,2,3,48,49,50,55,56,90,94,96,97,103,106" machi="97" ten="40,3900,0" yaku="1,1,0,1,53,0" doraHai="17" doraHaiUra="43" who="2" fromWho="2" sc="264,-13,290,-13,148,49,288,-13" /><INIT seed="6,1,0,4,4,65" ten="251,277,197,275" oya="2" hai0="132,50,32,34,134,84,68,51,113,71,30,91,19" hai1="38,109,40,14,21,112,8,118,45,86,9,56,99" hai2="6,97,85,58,63,77,5,79,104,128,114,92,116" hai3="16,107,7,33,60,39,66,35,90,93,96,70,89"/><V98/><F116/><W95/><G107/><T82/><D113/><U54/><E109/><V36/><F36/><W12/><G7/><N who="2" m="2569" /><F104/><W126/><G126/><T48/><D19/><U13/><E112/><V120/><F120/><W110/><G39/><T18/><D18/><U29/><E118/><V105/><F105/><W131/><G131/><T124/><D124/><U111/><E111/><V26/><F128/><W4/><G4/><T94/><D94/><U129/><E129/><V127/><F127/><W37/><G37/><T59/><D59/><U76/><E99/><N who="2" m="37899" /><F26/><W87/><REACH who="3" step="1"/><G110/><REACH who="3" ten="251,277,197,265" step="2"/><T73/><D132/><U25/><E38/><V44/><F114/><W57/><G57/><T49/><D134/><U3/><E56/><V31/><F44/><W103/><G103/><T72/><D68/><U106/><E45/><V108/><F108/><W42/><G42/><T123/><D71/><U55/><E40/><V22/><F58/><W23/><AGARI ba="1,1" hai="12,16,23,33,35,60,66,70,87,89,90,93,95,96" machi="23" ten="20,8000,1" yaku="1,1,0,1,7,1,52,1,54,1,53,0" doraHai="65" doraHaiUra="122" who="3" fromWho="3" sc="251,-21,277,-21,197,-41,265,93" /><INIT seed="7,0,0,1,4,5" ten="230,256,156,358" oya="3" hai0="17,79,28,21,20,7,87,71,12,111,59,123,131" hai1="128,117,56,110,133,29,120,24,92,97,40,122,6" hai2="89,49,8,80,127,35,47,108,1,11,106,114,74" hai3="103,14,81,53,75,84,10,23,135,82,18,63,100"/><W2/><G75/><T19/><D71/><U104/><E104/><V52/><F108/><W96/><G2/><T13/><D111/><U48/><E110/><V31/><F1/><W54/><G81/><N who="0" m="47551" /><D131/><U64/><E6/><V27/><F106/><W132/><G53/><T85/><D123/><U121/><E117/><V22/><F114/><W86/><G86/><T126/><D126/><U60/><E128/><V134/><F127/><W30/><G30/><T113/><D113/><U16/><E133/><V34/><F134/><W109/><G23/><T77/><D7/><U61/><E61/><V105/><F105/><W50/><G63/><T102/><D102/><N who="1" m="60711" /><E16/><V90/><F90/><W116/><G116/><T33/><D33/><U43/><E48/><V41/><F89/><W9/><G100/><T66/><D28/><U65/><E64/><V68/><F68/><W44/><G109/><T42/><D42/><U57/><E56/><V101/><F101/><W119/><G119/><T39/><D39/><U98/><E98/><V62/><F35/><W125/><G96/><T115/><D115/><U112/><E112/><V124/><F124/><W45/><G103/><T38/><D38/><U32/><E32/><V83/><F34/><W72/><G125/><T46/><D46/><U94/><E94/><V26/><F26/><W69/><G44/><T95/><D95/><U88/><E88/><V0/><F0/><W93/><G93/><T55/><D66/><U78/><E78/><V73/><F73/><W25/><G72/><T36/><D77/><U51/><E51/><V3/><F3/><RYUUKYOKU ba="0,0" sc="230,-10,256,30,156,-10,358,-10" hai1="24,29,40,43,57,60,65,120,121,122" owari="220,-18.0,286,9.0,146,-35.0,348,44.0" /></mjloggm>