<mjloggm ver="2.3"><GO type="169" lobby="0"/><UN n0="%4E%45%4F%E3%81%B5%E3%81%A3%E3%81%8F%E3%82%93" n1="%E6%AD%A6%E5%89%87%E8%BC%9D%E6%B5%B7" n2="%E3%83%88%E3%83%88%E3%83%AA%E5%85%88%E7%94%9F%31%39%E6%AD%B3" n3="%E3%81%84%E3%81%A1%E3%81%9E%E3%81%86" dan="16,18,19,16" rate="2112.45,2239.81,2277.63,2132.55" sx="M,M,F,M"/><TAIKYOKU oya="0"/><INIT seed="0,0,0,4,5,4" ten="250,250,250,250" oya="0" hai0="131,53,126,48,56,76,68,63,83,89,101,95,24" hai1="46,87,125,106,7,49,29,107,22,122,113,71,25" hai2="123,47,10,100,94,36,133,2,9,82,64,33,62" hai3="92,98,58,120,74,116,114,102,54,31,72,20,67"/><T117/><D117/><U78/><E122/><V99/><F123/><W110/><G114/><T134/><D134/><U73/><E71/><V119/><F33/><W3/><G116/><T41/><D131/><U38/><E125/><V111/><F119/><W70/><G120/><T69/><D126/><U14/><E73/><V135/><F2/><W37/><G37/><T75/><D101/><U88/><E38/><V18/><F111/><W130/><G110/><T51/><D51/><U13/><E78/><V61/><F18/><W40/><G40/><T105/><D105/><U32/><E14/><V17/><F17/><W65/><G3/><T128/><D128/><U43/><E113/><V59/><F82/><W28/><G70/><T121/><D121/><U129/><E129/><V26/><F26/><W66/><G130/><T11/><D11/><N who="2" m="4106" /><F36/><W35/><G35/><T97/><REACH who="0" step="1"/><D24/><REACH who="0" ten="240,250,250,250" step="2"/><U27/><E27/><V132/><F62/><W112/><G112/><T96/><D96/><U109/><E109/><V1/><F1/><W8/><G98/><T127/><D127/><U15/><E32/><V23/><F23/><W93/><G20/><T55/><D55/><U118/><E118/><V42/><F42/><W104/><G54/><T12/><D12/><U80/><E15/><V30/><F47/><AGARI ba="0,1" hai="41,47,48,53,56,63,68,69,75,76,83,89,95,97" machi="47" ten="40,2000,0" yaku="1,1,53,0" doraHai="4" doraHaiUra="115" who="0" fromWho="2" sc="240,30,250,0,250,-20,250,0" /><INIT seed="0,1,0,0,1,114" ten="270,250,230,250" oya="0" hai0="15,9,89,0,125,18,118,11,27,84,33,37,58" hai1="76,16,99,121,81,22,63,68,80,46,98,130,29" hai2="78,42,104,135,60,115,82,86,43,38,75,31,106" hai3="3,10,64,7,65,21,4,70,127,41,36,103,83"/><T85/><D37/><U25/><E121/><V61/><F115/><W45/><G127/><T123/><D123/><U111/><E130/><V90/><F135/><W47/><G70/><T48/><D125/><U26/><E111/><V108/><F108/><W35/><G35/><T87/><D118/><U17/><E81/><V59/><F31/><W50/><G103/><T105/><D105/><U23/><E29/><V30/><F61/><W131/><G131/><T67/><D33/><U57/><E46/><V77/><F38/><W69/><G69/><T20/><D0/><U92/><E68/><V8/><F30/><W49/><G21/><T93/><D67/><U122/><E122/><V74/><F106/><W128/><G128/><T56/><D56/><U116/><E92/><V73/><F104/><W107/><G107/><T95/><D95/><U55/><REACH who="1" step="1"/><E116/><REACH who="1" ten="270,240,230,250" step="2"/><V28/><F28/><W124/><G83/><T133/><D133/><U132/><E132/><V52/><REACH who="2" step="1"/><F8/><REACH who="2" ten="270,240,220,250" step="2"/><W102/><G10/><T100/><D9/><U109/><E109/><V126/><F126/><W24/><G124/><T117/><D11/><U71/><E71/><V112/><F112/><W129/><G129/><T44/><D117/><U19/><E19/><V53/><F53/><W12/><G3/><T62/><D18/><U79/><E79/><AGARI ba="1,2" hai="42,43,52,59,60,73,74,75,77,78,79,82,86,90" machi="79" ten="40,2600,0" yaku="1,1,54,1,53,0" doraHai="114" doraHaiUra="119" who="2" fromWho="1" sc="270,0,240,-29,220,49,250,0" /><INIT seed="1,0,0,1,0,60" ten="270,211,269,250" oya="1" hai0="103,129,66,133,49,100,111,55,77,3,97,23,72" hai1="53,83,84,88,14,85,33,1,27,74,40,26,4" hai2="119,116,132,20,59,121,2,120,63,76,16,80,19" hai3="0,96,7,87,65,12,18,45,90,118,112,68,101"/><U62/><E74/><V67/><F2/><W56/><G112/><T102/><D3/><U69/><E1/><V13/><F132/><W81/><G118/><T98/><D133/><U52/><E40/><V135/><F135/><W127/><G127/><T123/><D123/><U109/><E109/><V99/><F99/><W104/><G68/><T73/><D111/><U70/><E70/><V36/><F36/><W37/><G0/><T8/><D129/><U79/><E33/><V86/><REACH who="2" step="1"/><F19/><REACH who="2" ten="270,211,259,250" step="2"/><W105/><G96/><T44/><D98/><U48/><E4/><V35/><F35/><W10/><G7/><T75/><D97/><U61/><E69/><V128/><F128/><W29/><G101/><T122/><D122/><AGARI ba="0,1" hai="13,16,20,59,63,67,76,80,86,116,119,120,121,122" machi="122" ten="40,5200,0" yaku="1,1,52,1,54,1,53,0" doraHai="60" doraHaiUra="47" who="2" fromWho="0" sc="270,-52,211,0,259,62,250,0" /><INIT seed="2,0,0,5,1,87" ten="218,211,321,250" oya="2" hai0="15,88,71,7,30,128,3,10,129,40,84,2,20" hai1="92,98,69,5,78,18,55,118,19,89,123,43,107" hai2="80,29,6,14,59,91,103,93,82,13,105,96,60" hai3="28,120,0,131,68,41,33,11,117,48,86,56,79"/><V49/><F29/><W46/><G117/><T119/><D71/><U16/><E118/><V77/><F49/><W106/><G120/><T12/><D119/><U130/><E69/><V126/><F126/><W42/><G68/><T113/><D113/><U44/><E130/><N who="0" m="50281" /><D40/><U109/><E109/><V116/><F116/><W32/><G106/><T31/><D31/><U97/><E123/><V73/><F82/><W8/><G42/><T50/><D50/><U90/><E78/><V57/><F6/><W39/><G0/><T108/><D108/><U27/><E5/><V25/><F25/><W22/><G32/><T125/><D125/><U104/><E55/><V101/><F57/><W23/><G33/><T26/><D3/><U66/><E66/><V133/><F133/><W85/><G39/><T47/><D47/><U124/><E27/><V110/><F110/><W21/><G56/><T61/><D61/><U134/><E134/><V95/><F95/><AGARI ba="0,0" hai="2,7,10,12,15,20,26,30,84,88,95" m="50281" machi="95" ten="30,3900,0" yaku="19,1,52,1,54,1" doraHai="87" who="0" fromWho="2" sc="218,39,211,0,321,-39,250,0" /><INIT seed="3,0,0,1,4,35" ten="257,211,282,250" oya="3" hai0="50,80,130,127,9,126,113,0,32,68,78,25,123" hai1="95,86,36,49,96,16,120,129,114,117,71,20,85" hai2="37,124,30,118,22,1,84,77,51,79,29,83,106" hai3="107,75,53,12,13,128,3,99,39,34,55,61,87"/><W48/><G3/><T28/><D123/><U122/><E36/><V109/><F37/><W27/><G75/><N who="0" m="43103" /><D50/><U135/><E71/><V103/><F118/><W131/><G39/><T33/><D33/><U38/><E38/><V111/><F124/><N who="0" m="47658" /><D68/><U132/><E117/><V31/><F79/><W91/><G61/><T18/><D18/><U19/><E49/><V101/><F1/><W115/><G115/><T57/><D57/><U5/><E114/><V40/><F106/><W52/><G48/><T94/><D113/><U73/><E73/><V97/><F97/><W41/><G41/><T14/><D14/><U92/><E96/><V93/><F93/><N who="3" m="54527" /><G27/><T89/><D89/><U70/><E70/><V54/><F40/><W64/><G34/><T63/><D63/><U6/><REACH who="1" step="1"/><E20/><REACH who="1" ten="257,201,282,250" step="2"/><V116/><F116/><W42/><G99/><T45/><D130/><AGARI ba="0,1" hai="5,6,16,19,85,86,92,95,120,122,129,130,132,135" machi="130" ten="25,8000,1" yaku="1,1,2,1,22,2,54,1,53,0" doraHai="35" doraHaiUra="100" who="1" fromWho="0" sc="257,-80,201,90,282,0,250,0" /><INIT seed="4,0,0,1,0,71" ten="177,291,282,250" oya="0" hai0="84,87,47,0,91,67,88,90,76,21,81,134,33" hai1="102,132,106,55,119,62,97,126,77,79,122,120,41" hai2="2,101,49,73,44,115,89,64,96,52,48,99,86" hai3="80,40,51,118,129,29,112,16,42,117,50,125,36"/><T5/><D134/><U8/><E119/><V65/><F73/><W30/><G112/><T1/><D33/><U11/><E132/><V85/><F2/><W127/><G80/><T35/><D35/><U27/><E126/><V12/><F115/><W26/><G26/><T24/><D67/><N who="2" m="25674" /><F101/><W31/><G31/><T107/><D107/><U37/><E27/><V4/><F86/><W92/><G92/><T61/><D61/><U111/><E111/><V18/><F49/><W108/><G108/><T100/><D100/><U53/><E62/><V39/><F4/><W19/><G129/><T56/><D56/><U14/><E79/><V63/><F39/><AGARI ba="0,0" hai="16,19,29,30,36,39,40,42,50,51,117,118,125,127" machi="39" ten="25,8000,1" yaku="22,2,52,2,54,1" doraHai="71" who="3" fromWho="2" sc="177,0,291,0,282,-80,250,80" /><INIT seed="5,0,0,4,2,44" ten="177,291,202,330" oya="1" hai0="39,129,79,82,10,45,83,93,65,9,97,29,61" hai1="55,95,18,15,33,116,20,7,109,132,67,122,96" hai2="41,66,12,88,8,80,86,135,16,112,5,23,110" hai3="106,107,62,36,102,38,25,30,127,37,90,91,70"/><U32/><E116/><V125/><F110/><W75/><G75/><T120/><D120/><U31/><E122/><V69/><F135/><W53/><G53/><T35/><D129/><U78/><E132/><V99/><F125/><W40/><G40/><T60/><D60/><U131/><E131/><V123/><F123/><W58/><G58/><T84/><D35/><U94/><E109/><V50/><F112/><W126/><G91/><T47/><D29/><U2/><E33/><V89/><F69/><W42/><G42/><T111/><D111/><U54/><E78/><N who="2" m="46359" /><F66/><N who="3" m="41303" /><G90/><N who="2" m="34921" /><F99/><N who="3" m="61791" /><G107/><T21/><D39/><U130/><E130/><V46/><F23/><W108/><G108/><T22/><D22/><U57/><E67/><V24/><F24/><W17/><G17/><AGARI ba="0,0" hai="5,8,12,16,17,41,46,50" m="34921,46359" machi="17" ten="30,8000,1" yaku="25,1,8,1,52,1,54,2" doraHai="44" who="2" fromWho="3" sc="177,0,291,0,202,80,330,-80" /><INIT seed="6,0,0,3,5,79" ten="177,291,282,250" oya="2" hai0="20,40,123,134,108,121,70,133,80,93,22,88,48" hai1="135,90,7,116,42,33,25,87,125,117,16,58,129" hai2="21,32,91,74,18,115,26,130,35,68,71,110,9" hai3="75,52,107,46,102,105,65,132,10,14,62,0,59"/><V119/><F119/><W64/><G0/><T101/><D70/><U83/><E125/><V8/><F74/><W45/><G75/><T60/><D60/><U3/><E129/><V82/><F71/><W61/><G132/><N who="0" m="50795" /><D108/><U41/><E135/><V84/><F68/><W34/><G34/><T57/><D57/><U49/><E42/><V36/><F36/><W15/><G15/><T12/><D48/><U77/><E33/><V99/><F115/><W111/><G111/><T100/><D40/><U73/><E7/><V66/><F66/><W2/><G2/><T128/><D128/><U28/><E3/><V69/><F69/><W23/><G23/><N who="0" m="8747" /><D12/><U76/><E41/><V98/><F130/><W122/><G65/><T30/><D30/><U56/><E28/><V43/><F35/><W53/><G53/><T72/><D93/><U29/><E29/><V109/><F109/><W104/><G46/><T54/><D54/><U94/><E58/><V17/><F110/><W78/><G45/><T55/><D55/><U131/><E131/><V50/><F32/><W5/><G64/><T118/><D118/><U47/><E56/><V51/><F51/><W67/><G61/><T11/><D11/><N who="2" m="4170" /><F17/><W113/><G67/><T19/><D19/><U120/><E117/><V37/><F37/><W24/><G59/><T97/><D97/><U63/><E116/><V92/><F92/><W6/><G62/><T126/><D126/><U112/><E94/><V13/><F13/><W95/><G14/><T127/><D127/><U106/><E63/><V44/><AGARI ba="0,0" hai="18,21,26,43,44,50,82,84,91,98,99" m="4170" machi="44" ten="30,3000,0" yaku="8,1,52,1" doraHai="79" who="2" fromWho="2" sc="177,-10,291,-10,282,30,250,-10" /><INIT seed="6,1,0,4,4,99" ten="167,281,312,240" oya="2" hai0="94,122,33,41,1,127,2,48,64,68,35,15,102" hai1="106,34,20,123,85,76,27,84,28,0,130,82,19" hai2="66,96,38,89,124,11,74,14,42,107,32,9,104" hai3="26,57,45,133,131,78,135,132,126,111,83,80,36"/><V12/><F32/><W37/><G111/><T52/><D122/><U49/><E130/><V101/><F74/><W87/><G131/><T31/><D35/><U63/><E123/><V93/><F124/><W21/><G126/><T117/><D127/><U16/><E106/><V24/><F66/><W105/><G105/><T22/><D41/><U129/><E129/><V113/><F113/><W18/><G57/><T7/><D117/><U67/><E0/><V58/><F58/><W54/><G54/><T100/><D68/><U120/><E120/><V62/><F62/><W110/><G110/><T112/><D64/><U23/><E34/><V109/><F24/><W43/><REACH who="3" step="1"/><G83/><REACH who="3" ten="167,281,312,230" step="2"/><T53/><D53/><U30/><E82/><V108/><F107/><W8/><G8/><N who="0" m="2167" /><D112/><U61/><E67/><V60/><F9/><W90/><G90/><T46/><D94/><U119/><E76/><V51/><F11/><W125/><G125/><T65/><D65/><U71/><E71/><V92/><F92/><W6/><G6/><T75/><D75/><U121/><E121/><V116/><F108/><W134/><N who="3" m="33792" /><DORA hai="103" /><W95/><G95/><T17/><D1/><U56/><E56/><V97/><F109/><W118/><G118/><T98/><D98/><U47/><E119/><V88/><F116/><W13/><G13/><T25/><AGARI ba="1,1" hai="15,17,22,25,31,33,46,48,52,100,102" m="2167" machi="25" ten="30,7900,0" yaku="24,1,52,2,54,1" doraHai="99,103" who="0" fromWho="0" sc="167,92,281,-21,312,-40,230,-21" /><INIT seed="7,0,0,1,5,45" ten="259,260,272,209" oya="3" hai0="92,64,116,71,77,57,87,133,16,75,32,84,96" hai1="48,131,27,82,58,93,80,76,90,30,74,46,28" hai2="29,102,36,94,14,105,10,129,0,56,23,12,53" hai3="91,54,5,73,113,97,65,61,130,33,72,2,119"/><W85/><G119/><T67/><D116/><U66/><E131/><V135/><F36/><W126/><G33/><T122/><D122/><U13/><E82/><V47/><F47/><W52/><G130/><T78/><D32/><U44/><E13/><V55/><F105/><W59/><G113/><T79/><D71/><U18/><E18/><V99/><F0/><W134/><G134/><T11/><D75/><U35/><E30/><V69/><F69/><W89/><G126/><T88/><D133/><U60/><REACH who="1" step="1"/><E48/><REACH who="1" ten="259,250,272,209" step="2"/><N who="2" m="30759" /><F135/><W128/><G128/><T110/><D110/><U103/><E103/><V117/><F129/><W20/><G2/><T98/><D98/><AGARI ba="0,1" hai="27,28,35,44,46,58,60,66,74,76,80,90,93,98" machi="98" ten="30,2000,0" yaku="1,1,7,1,53,0" doraHai="45" doraHaiUra="4" who="1" fromWho="0" sc="259,-20,250,30,272,0,209,0" /><INIT seed="8,0,0,2,5,10" ten="239,280,272,209" oya="0" hai0="130,24,34,30,106,118,12,47,77,90,95,49,99" hai1="131,13,61,115,6,102,101,86,103,16,135,97,121" hai2="21,107,117,2,70,87,62,51,48,67,43,129,88" hai3="126,17,74,104,22,132,69,84,55,44,35,38,7"/><T39/><D118/><U112/><E121/><V18/><F107/><W60/><G74/><T45/><D130/><U76/><E131/><V63/><F129/><W31/><G104/><T100/><D77/><U58/><E6/><V32/><F2/><W40/><G7/><T93/><D106/><U11/><E135/><V25/><F117/><W4/><G4/><T133/><D39/><U134/><E134/><V98/><F98/><W124/><G132/><T109/><D109/><U123/><E123/><V20/><F32/><W5/><G5/><T3/><D3/><U56/><E97/><V0/><F0/><W41/><G84/><T64/><D64/><U37/><E37/><V72/><F72/><W50/><G35/><T96/><D133/><U14/><E14/><N who="2" m="9303" /><F70/><W127/><G31/><T111/><D111/><U42/><E42/><V78/><F78/><W9/><G9/><T125/><D125/><U66/><E58/><N who="2" m="37335" /><F63/><W54/><G40/><T75/><D75/><U85/><E76/><V28/><F43/><W29/><G29/><T91/><D100/><U79/><E79/><V26/><F26/><N who="3" m="14671" /><G38/><T73/><D73/><U108/><E108/><V94/><AGARI ba="0,0" hai="21,25,28,48,51,87,88,94" m="37335,9303" machi="94" ten="30,4000,0" yaku="8,1,52,1,54,1" doraHai="10" who="2" fromWho="2" sc="239,-20,280,-10,272,40,209,-10" owari="219,-18.0,270,7.0,312,41.0,199,-30.0" /></mjloggm>