<mjloggm ver="2.3"><GO type="169" lobby="0"/><UN n0="%E3%83%88%E3%83%88%E3%83%AA%E5%85%88%E7%94%9F%31%39%E6%AD%B3" n1="%EF%BC%AD%EF%BD%89%EF%BD%93%EF%BD%88%EF%BD%81%EF%BD%8E" n2="%E3%82%A8%E3%83%83%E3%83%95%E3%82%A7%E3%83%AB%E5%A1%94" n3="%E7%83%8F%E8%B3%8A%E4%B9%8B%E8%BC%94" dan="19,16,16,18" rate="2288.44,2161.01,2143.85,2260.61" sx="F,M,M,M"/><TAIKYOKU oya="0"/><INIT seed="0,0,0,4,5,112" ten="250,250,250,250" oya="0" hai0="21,33,131,124,87,32,44,96,56,25,130,1,15" hai1="7,47,79,62,51,110,41,69,104,59,11,129,0" hai2="81,83,115,114,85,50,57,17,121,127,128,80,13" hai3="36,97,68,107,24,101,118,119,102,12,105,134,37"/><T133/><D1/><U117/><E104/><V45/><F121/><W78/><G12/><T100/><D133/><U48/><E69/><V109/><F109/><W113/><G113/><T91/><D15/><U111/><E129/><N who="0" m="49161" /><D44/><U75/><E51/><V9/><F128/><W26/><G78/><T135/><D135/><U88/><E79/><V54/><F127/><W31/><G134/><T86/><D56/><U90/><E75/><V126/><F126/><W35/><G68/><T34/><D91/><U89/><REACH who="1" step="1"/><E117/><REACH who="1" ten="250,240,250,250" step="2"/><N who="3" m="44554" /><G26/><T28/><D124/><U39/><E39/><V29/><F115/><W84/><G84/><T4/><D4/><U82/><E82/><V5/><F114/><W122/><G122/><T22/><D22/><U42/><E42/><V98/><F5/><W46/><G46/><T55/><D21/><U120/><E120/><V70/><BYE who="1" /><F70/><W95/><G95/><N who="0" m="58399" /><D55/><U116/><E116/><V64/><F85/><N who="0" m="32266" /><D25/><U14/><E14/><V30/><F98/><AGARI ba="0,1" hai="24,31,35,36,37,97,98,101,102,105,107" m="44554" machi="98" ten="30,7700,0" yaku="23,1,52,3" doraHai="112" who="3" fromWho="2" sc="250,0,240,0,250,-77,250,87" /><UN n1="%EF%BC%AD%EF%BD%89%EF%BD%93%EF%BD%88%EF%BD%81%EF%BD%8E" /><INIT seed="1,0,0,5,0,22" ten="250,240,173,337" oya="1" hai0="124,133,9,84,51,92,78,67,56,48,34,10,104" hai1="32,111,61,81,58,73,15,88,57,30,54,19,107" hai2="16,63,117,18,68,128,1,40,17,44,13,11,76" hai3="119,110,82,27,113,112,46,125,43,50,89,31,8"/><U129/><E107/><V116/><F1/><W97/><G110/><T114/><D114/><U99/><E129/><V123/><F123/><W131/><G125/><T38/><D104/><U127/><E127/><V52/><F128/><W86/><G131/><T26/><D38/><U75/><E111/><V80/><F68/><W21/><G119/><T55/><D124/><U25/><E58/><V60/><F117/><W100/><REACH who="3" step="1"/><G8/><REACH who="3" ten="250,240,173,327" step="2"/><T42/><D10/><U108/><E108/><V83/><F116/><W103/><G103/><T37/><D9/><U12/><E75/><V77/><F11/><W66/><G66/><T53/><D67/><U23/><E73/><V134/><F134/><W91/><G91/><T122/><D133/><U85/><REACH who="1" step="1"/><E99/><REACH who="1" ten="250,230,173,327" step="2"/><V28/><F13/><AGARI ba="0,2" hai="12,13,15,19,23,25,30,32,54,57,61,81,85,88" machi="13" ten="30,12000,1" yaku="1,1,2,1,7,1,52,1,54,1,53,0" doraHai="22" doraHaiUra="93" who="1" fromWho="2" sc="250,0,230,140,173,-120,327,0" /><INIT seed="1,1,0,1,3,117" ten="250,370,53,327" oya="1" hai0="82,20,98,30,52,54,33,44,84,58,61,81,115" hai1="42,19,113,34,13,55,102,68,41,10,8,9,25" hai2="0,130,14,63,59,79,67,60,37,94,127,87,129" hai3="69,107,62,123,126,132,17,95,101,91,78,15,36"/><U114/><E68/><V121/><F0/><W103/><G36/><T26/><D115/><U29/><E102/><V119/><F119/><W93/><G107/><T133/><D133/><U49/><E114/><V39/><F14/><W21/><G132/><T86/><D33/><U100/><E100/><V80/><F127/><W51/><G78/><T99/><D44/><U96/><E96/><V124/><F124/><W24/><G126/><T72/><D72/><U38/><E113/><V46/><F94/><W70/><G123/><T4/><D4/><U105/><E105/><V83/><F46/><W75/><G75/><T128/><D128/><U22/><REACH who="1" step="1"/><E38/><REACH who="1" ten="250,360,53,327" step="2"/><V66/><F39/><W90/><G69/><T112/><D112/><U111/><E111/><V32/><F37/><W11/><G101/><T3/><D99/><U40/><E40/><V131/><F129/><W12/><G103/><T47/><D98/><U97/><E97/><V56/><F32/><W31/><G70/><T71/><D71/><U43/><E43/><V57/><F131/><W76/><G91/><T118/><D118/><U6/><E6/><V92/><F130/><W108/><G108/><T77/><D3/><U5/><E5/><V88/><F88/><W120/><G90/><N who="0" m="51471" /><D47/><AGARI ba="1,1" hai="8,9,10,13,19,22,25,29,34,41,42,47,49,55" machi="47" ten="40,2000,0" yaku="1,1,53,0" doraHai="117" doraHaiUra="116" who="1" fromWho="0" sc="250,-23,360,33,53,0,327,0" /><INIT seed="1,2,0,4,2,117" ten="227,393,53,327" oya="1" hai0="53,20,11,87,3,109,98,34,102,66,0,32,82" hai1="33,41,6,103,36,75,130,97,79,16,69,68,77" hai2="10,90,111,30,127,95,92,94,56,116,2,115,15" hai3="5,43,40,27,107,131,1,96,13,26,72,71,64"/><U58/><E33/><V133/><F2/><W112/><G1/><T83/><D109/><U59/><E6/><V65/><F116/><W124/><G72/><T23/><D66/><U74/><E41/><V47/><F111/><W121/><G112/><T132/><D132/><U62/><E130/><V57/><F133/><W125/><G107/><T8/><D87/><U29/><E29/><V89/><F115/><W61/><G96/><T113/><D113/><U120/><E62/><V88/><F127/><N who="3" m="48715" /><G131/><T14/><D98/><U12/><E97/><V108/><F108/><W46/><G121/><T85/><D85/><U51/><E103/><V76/><F30/><W118/><G40/><T99/><D99/><U101/><E101/><V91/><N who="2" m="22528" /><DORA hai="114" /><V55/><F76/><W44/><G44/><T86/><D86/><U128/><E128/><V135/><F135/><W80/><G80/><T106/><D102/><U39/><E12/><V119/><F65/><W104/><G104/><T37/><D14/><U60/><E60/><V100/><F100/><W54/><G54/><T63/><D63/><U38/><E79/><V4/><REACH who="2" step="1"/><F119/><REACH who="2" ten="227,393,43,327" step="2"/><W84/><G118/><T31/><D31/><U28/><E77/><V81/><F81/><W21/><G64/><T22/><D106/><U93/><E28/><V110/><F110/><W9/><G84/><T50/><D83/><U67/><E67/><V134/><F134/><W24/><G71/><T73/><D0/><U78/><E78/><V129/><F129/><W105/><G105/><T49/><D3/><U45/><E69/><V35/><F35/><RYUUKYOKU ba="2,1" sc="227,-10,393,-10,43,30,327,-10" hai2="4,10,15,47,55,56,57,92,94,95" /><INIT seed="2,3,1,4,2,36" ten="217,383,73,317" oya="2" hai0="44,18,115,110,79,97,6,35,125,24,120,113,82" hai1="57,10,114,2,129,101,65,75,76,15,1,80,108" hai2="127,52,95,78,67,105,28,85,109,20,69,66,26" hai3="70,100,94,40,102,118,33,27,16,99,84,22,25"/><V121/><F105/><W90/><G118/><T132/><D120/><U54/><E65/><V134/><F121/><W32/><G70/><T43/><D110/><U59/><E108/><V4/><F109/><W133/><G133/><T71/><D71/><U49/><E114/><V128/><F69/><W31/><G33/><T135/><D6/><U98/><E59/><V124/><F4/><W19/><G19/><T103/><D125/><N who="2" m="48202" /><F134/><N who="0" m="51242" /><D18/><U130/><E15/><V77/><F128/><N who="1" m="49257" /><E10/><V126/><N who="2" m="48210" /><V74/><DORA hai="107" /><F74/><W60/><G60/><T91/><D91/><U53/><E54/><V21/><F21/><W50/><REACH who="3" step="1"/><G84/><REACH who="3" ten="217,383,73,307" step="2"/><N who="0" m="48223" /><D35/><U83/><E83/><V45/><F78/><W89/><G89/><T104/><D24/><U119/><E119/><V8/><F8/><W7/><G7/><T34/><D34/><U86/><E86/><V131/><F131/><W29/><G29/><T81/><D81/><U17/><E17/><V3/><F3/><W68/><G68/><T5/><D5/><U116/><E116/><V112/><F112/><W58/><G58/><T62/><D62/><U88/><E88/><N who="2" m="53647" /><F77/><W122/><G122/><T48/><AGARI ba="3,2" hai="43,44,48,97,103,104,113,115" m="48223,51242" machi="48" ten="30,2000,0" yaku="20,1,52,1" doraHai="36,107" who="0" fromWho="0" sc="217,49,383,-8,73,-13,307,-8" /><INIT seed="3,0,0,4,5,56" ten="266,375,60,299" oya="3" hai0="91,11,117,114,54,78,126,87,109,72,4,44,121" hai1="85,69,57,95,134,25,28,131,8,89,47,58,125" hai2="107,26,2,7,70,29,35,110,38,99,116,102,62" hai3="86,50,42,61,97,59,40,103,68,67,33,5,63"/><W45/><G33/><T92/><D114/><U27/><E69/><V60/><F110/><W80/><G5/><T77/><D117/><U118/><E118/><V31/><F116/><W101/><G40/><T15/><D121/><U128/><E125/><V43/><F31/><W1/><G1/><T122/><D122/><U52/><E8/><V0/><F7/><W17/><G17/><T3/><D109/><U22/><E27/><V119/><F119/><W76/><REACH who="3" step="1"/><G97/><REACH who="3" ten="266,375,60,289" step="2"/><T6/><D6/><U20/><E131/><V30/><F30/><W53/><AGARI ba="0,1" hai="42,45,50,53,59,61,63,67,68,76,80,86,101,103" machi="53" ten="20,18000,2" yaku="1,1,2,1,0,1,7,1,52,2,53,1" doraHai="56" doraHaiUra="64" who="3" fromWho="3" sc="266,-60,375,-60,60,-60,289,190" /><INIT seed="3,1,0,0,2,56" ten="206,315,0,479" oya="3" hai0="54,47,99,40,3,18,133,22,70,38,51,93,92" hai1="2,64,127,9,121,107,114,88,108,130,73,125,29" hai2="48,16,86,17,26,112,33,89,31,10,117,57,39" hai3="8,116,135,132,100,34,66,105,62,30,71,72,32"/><W119/><G72/><T129/><D3/><U95/><E29/><V75/><F39/><W4/><G32/><T12/><D70/><U50/><E114/><V15/><F75/><W83/><G83/><T25/><D129/><U24/><E73/><V122/><F112/><W123/><G123/><T97/><D133/><N who="3" m="51273" /><G100/><N who="0" m="60455" /><D38/><U23/><E107/><V41/><F122/><W96/><G96/><T45/><D45/><U98/><E130/><V85/><F117/><W111/><G111/><T80/><D80/><U78/><E78/><V11/><F89/><W67/><G105/><T65/><D65/><U44/><E64/><V7/><F17/><W28/><G66/><T101/><D25/><U53/><E121/><V103/><F103/><W79/><G34/><T63/><D63/><U128/><E128/><V43/><F43/><W84/><G119/><T27/><D27/><U13/><E108/><V106/><F106/><W120/><G120/><T91/><D101/><U37/><E37/><V124/><F124/><W59/><G71/><T94/><D94/><U104/><E104/><V81/><F81/><N who="3" m="47167" /><G116/><T115/><D115/><U90/><E90/><V14/><F41/><W68/><G68/><T55/><D40/><U61/><E127/><V82/><F82/><W87/><G87/><N who="0" m="52479" /><D55/><U20/><E125/><V35/><F35/><W5/><G67/><T46/><D46/><U60/><E24/><V42/><F42/><W74/><G74/><T110/><D110/><U21/><E2/><V52/><AGARI ba="1,0" hai="7,10,11,14,15,16,26,31,33,48,52,57,85,86" machi="52" ten="30,4000,0" yaku="0,1,54,2" doraHai="56" who="2" fromWho="2" sc="206,-11,315,-11,0,43,479,-21" /><INIT seed="4,0,0,0,1,77" ten="195,304,43,458" oya="0" hai0="119,26,27,29,101,123,30,94,5,127,105,38,63" hai1="64,4,110,128,56,76,68,22,12,7,71,60,8" hai2="118,99,67,42,109,75,72,31,17,111,82,15,34" hai3="3,78,44,93,2,133,55,37,120,28,114,100,52"/><T124/><D38/><U13/><E110/><V47/><F67/><W74/><G114/><T135/><D119/><U14/><E128/><V131/><F131/><W83/><G133/><T103/><D123/><U45/><E45/><V21/><F118/><W9/><G28/><N who="0" m="10859" /><D105/><U66/><E22/><V84/><F99/><N who="3" m="59503" /><G2/><T116/><D116/><U88/><E76/><V25/><F111/><W61/><G61/><T35/><D35/><U102/><E102/><N who="0" m="38921" /><D94/><U19/><E66/><V43/><F109/><W18/><G18/><T59/><D5/><U130/><E130/><V57/><F57/><W104/><G104/><T40/><D40/><U36/><E36/><V81/><F43/><N who="3" m="22639" /><G120/><T1/><D1/><U16/><E71/><V85/><F85/><W97/><G97/><T95/><D95/><U69/><E69/><V92/><F92/><W54/><G3/><T132/><D59/><U113/><E68/><V6/><F6/><N who="1" m="2089" /><E113/><V91/><REACH who="2" step="1"/><F82/><REACH who="2" ten="195,304,33,458" step="2"/><W98/><G98/><T62/><D127/><U73/><E73/><V23/><F23/><W125/><G125/><T87/><D87/><U86/><E8/><V50/><AGARI ba="0,1" hai="15,17,21,25,31,34,42,47,50,72,75,81,84,91" machi="50" ten="20,8000,1" yaku="1,1,0,1,7,1,52,1,53,1" doraHai="77" doraHaiUra="46" who="2" fromWho="2" sc="195,-40,304,-20,33,90,458,-20" /><INIT seed="5,0,0,4,1,32" ten="155,284,123,438" oya="1" hai0="88,103,18,56,14,114,105,108,125,101,55,118,83" hai1="72,37,85,86,133,26,60,109,8,30,77,128,44" hai2="119,71,96,68,3,110,13,126,107,84,94,122,1" hai3="48,45,58,82,123,41,99,62,61,33,120,76,116"/><U74/><E128/><V67/><F13/><W135/><G33/><T87/><D108/><U63/><E109/><V6/><F110/><W22/><G135/><T66/><D118/><U75/><E133/><V81/><F119/><W98/><G116/><T73/><D114/><U46/><E8/><V11/><F107/><W65/><G120/><T100/><D125/><U9/><E9/><V112/><F122/><W121/><G121/><T132/><D132/><U25/><E77/><V54/><F126/><W31/><G62/><T43/><D73/><U0/><E30/><V36/><F36/><W21/><G123/><T17/><D105/><U69/><E37/><V29/><F29/><W104/><G104/><T40/><D66/><U35/><E35/><V78/><F112/><W97/><REACH who="3" step="1"/><G31/><REACH who="3" ten="155,284,123,428" step="2"/><T92/><D83/><U106/><E106/><V53/><F81/><W113/><G113/><T20/><REACH who="0" step="1"/><D18/><REACH who="0" ten="145,284,123,428" step="2"/><U5/><E69/><V79/><F68/><W10/><G10/><T16/><D16/><U19/><E19/><V93/><F71/><W38/><G38/><T124/><D124/><U111/><E111/><V27/><F6/><W23/><G23/><T117/><D117/><U50/><E5/><V42/><F11/><W127/><G127/><T15/><D15/><U4/><E4/><V57/><F27/><W28/><G28/><T130/><D130/><U39/><E39/><V24/><F24/><W89/><G89/><T115/><D115/><U49/><E75/><AGARI ba="0,2" hai="21,22,41,45,48,58,61,65,75,76,82,97,98,99" machi="75" ten="40,1300,0" yaku="1,1,53,0" doraHai="32" doraHaiUra="129" who="3" fromWho="1" sc="145,0,284,-13,123,0,428,33" /><INIT seed="6,0,0,3,2,13" ten="145,271,123,461" oya="2" hai0="60,96,101,42,134,12,103,80,21,19,11,105,50" hai1="108,57,28,91,1,110,127,36,102,113,100,72,83" hai2="131,79,20,76,121,69,78,88,123,125,4,133,6" hai3="48,41,64,17,111,7,54,29,23,59,51,98,115"/><V99/><F69/><W65/><G111/><T104/><D134/><U74/><E1/><V67/><F67/><W109/><G109/><T38/><D38/><U45/><E28/><V2/><F2/><W81/><G7/><T32/><D32/><U122/><E57/><V87/><F133/><W52/><G29/><T58/><D80/><U73/><E36/><V135/><F135/><W9/><G9/><T130/><D130/><U8/><E45/><V16/><F125/><W118/><G118/><T24/><D104/><U0/><E8/><V92/><F131/><W43/><G115/><T84/><D84/><U34/><E0/><V85/><F123/><W86/><G98/><T93/><D105/><U49/><E49/><V47/><F47/><N who="3" m="27679" /><G43/><T56/><D103/><N who="1" m="39467" /><E34/><V5/><REACH who="2" step="1"/><F121/><REACH who="2" ten="145,271,113,461" step="2"/><W106/><G65/><T132/><D132/><U31/><E122/><V10/><F10/><W117/><G64/><T25/><D11/><U35/><E127/><V107/><F107/><W126/><G106/><T129/><D129/><U89/><E110/><V53/><F53/><W3/><G3/><T82/><D56/><U40/><E108/><V61/><F61/><W114/><G126/><T30/><D60/><U44/><E44/><V95/><F95/><W124/><G124/><T75/><D58/><U70/><E70/><V94/><F94/><W39/><G59/><T15/><D42/><U71/><E40/><V119/><F119/><W26/><G117/><T112/><D112/><U63/><E63/><V90/><F90/><N who="3" m="51535" /><G114/><T55/><D55/><U97/><E71/><V18/><F18/><RYUUKYOKU ba="0,1" sc="145,-10,271,-10,113,30,461,-10" hai2="4,5,6,16,20,76,78,79,85,87,88,92,99" /><INIT seed="6,1,1,2,3,99" ten="135,261,143,451" oya="2" hai0="64,44,81,105,98,109,128,16,34,22,96,23,56" hai1="60,48,0,41,9,72,21,50,130,83,69,131,54" hai2="118,87,112,107,133,125,55,126,51,95,90,75,25" hai3="2,111,79,62,94,43,66,108,104,42,30,17,11"/><V52/><F118/><W53/><G104/><T10/><D109/><U132/><E132/><V46/><F133/><W32/><G79/><T73/><D34/><U27/><E72/><V78/><F107/><W121/><G121/><T102/><D128/><U49/><E83/><N who="2" m="45535" /><F25/><W100/><G53/><T19/><D10/><U74/><E74/><V86/><F112/><W84/><G42/><T116/><D116/><U70/><E41/><N who="2" m="25039" /><F87/><W20/><G43/><T101/><D44/><U37/><E37/><V110/><F110/><W24/><G84/><T68/><D68/><U65/><E70/><V40/><F40/><W85/><G85/><T106/><D73/><U123/><E123/><V13/><F13/><W76/><G76/><T33/><D33/><U35/><E35/><V93/><F95/><W134/><G134/><T61/><D81/><U129/><E9/><V57/><F57/><N who="3" m="37199" /><G32/><T4/><REACH who="0" step="1"/><D4/><REACH who="0" ten="125,261,143,451" step="2"/><U92/><E129/><V97/><F86/><W38/><G108/><T31/><D31/><U115/><E131/><V26/><F26/><W119/><G119/><T1/><D1/><U82/><E0/><V71/><F71/><W58/><G111/><T122/><D122/><U14/><E69/><V113/><F113/><W120/><G120/><T59/><D59/><U103/><E115/><V3/><F3/><W39/><G58/><T29/><D29/><U63/><E130/><V12/><F12/><N who="3" m="7327" /><G2/><T88/><D88/><U45/><E14/><V89/><F90/><W77/><G77/><T80/><D80/><U7/><E82/><V114/><F114/><W67/><G24/><RYUUKYOKU ba="1,2" sc="125,15,261,-15,143,15,451,-15" hai0="16,19,22,23,56,61,64,96,98,101,102,105,106" hai2="52,55,89,93,97,125,126" /><INIT seed="6,2,2,5,1,37" ten="140,246,158,436" oya="2" hai0="11,72,34,20,95,74,94,64,36,66,22,71,93" hai1="46,16,110,115,77,79,26,67,86,6,88,44,48" hai2="58,18,43,68,51,70,111,75,121,132,30,8,87" hai3="35,15,82,108,14,98,134,96,54,92,3,19,91"/><V83/><F121/><W42/><G35/><T45/><D34/><U38/><E6/><V39/><F75/><W120/><G3/><T130/><D130/><U5/><E110/><V55/><F30/><W103/><G108/><T40/><D11/><U107/><E5/><V53/><F111/><W84/><G120/><T10/><D10/><U1/><E107/><V126/><F126/><W65/><G134/><T60/><REACH who="0" step="1"/><D66/><REACH who="0" ten="130,246,158,436" step="2"/><U49/><E67/><V125/><F132/><W113/><G65/><T127/><D127/><U12/><E1/><V122/><F125/><W47/><G113/><T112/><D112/><U4/><E4/><V90/><F122/><W123/><G123/><T128/><D128/><U80/><E115/><V109/><F109/><W78/><G19/><T59/><D59/><U33/><E33/><V102/><F102/><W13/><G103/><T57/><D57/><U28/><E28/><V62/><F70/><W63/><G96/><T69/><D69/><U17/><E17/><V76/><F68/><W124/><G124/><T2/><D2/><U52/><E26/><V133/><F133/><W97/><G97/><T100/><D100/><U73/><E73/><AGARI ba="2,3" hai="20,22,36,40,45,60,64,71,72,73,74,93,94,95" machi="73" ten="40,2600,0" yaku="1,1,52,1,53,0" doraHai="37" doraHaiUra="135" who="0" fromWho="1" sc="130,62,246,-32,158,0,436,0" /><INIT seed="7,0,0,1,3,4" ten="192,214,158,436" oya="3" hai0="7,109,69,103,129,116,33,81,1,19,13,117,61" hai1="37,49,57,52,41,124,29,90,21,28,0,60,99" hai2="34,36,71,65,27,45,134,70,79,130,93,51,85" hai3="78,82,92,115,50,107,53,88,48,40,17,87,135"/><W127/><G107/><T100/><D109/><U47/><E0/><V95/><F36/><W96/><G115/><T67/><D33/><U114/><E114/><V66/><F130/><W54/><G127/><T75/><D129/><U80/><E124/><V63/><F134/><W108/><G108/><T118/><D7/><U110/><E110/><V122/><F122/><W24/><G135/><T11/><REACH who="0" step="1"/><D1/><REACH who="0" ten="182,214,158,436" step="2"/><U120/><E120/><V31/><F79/><AGARI ba="0,1" hai="11,13,19,61,67,69,75,79,81,100,103,116,117,118" machi="79" ten="40,8000,1" yaku="1,1,2,1,52,1,53,2" doraHai="4" doraHaiUra="98" who="0" fromWho="2" sc="182,90,214,0,158,-80,436,0" owari="272,7.0,214,-19.0,78,-42.0,436,54.0" /></mjloggm>