<mjloggm ver="2.3"><GO type="169" lobby="0"/><UN n0="%E3%81%B1%E3%83%BC%E3%81%9D%E3%82%93" n1="%E3%82%A6%E3%83%AB%E3%83%88%E3%83%A9%E7%AB%8B%E7%9B%B4" n2="%E3%81%AB%E3%81%9B%E6%82%9F%E7%A9%BA" n3="%E3%83%A2%E3%82%A4%E3%83%92%E3%83%A3%E3%83%B3" dan="16,18,16,16" rate="2133.62,2259.69,2051.03,2072.26" sx="M,M,M,F"/><TAIKYOKU oya="0"/><INIT seed="0,0,0,4,0,76" ten="250,250,250,250" oya="0" hai0="51,47,66,38,10,20,125,110,64,117,31,36,87" hai1="68,54,81,6,1,96,9,124,70,83,109,133,50" hai2="100,59,16,5,121,69,62,2,132,35,93,106,30" hai3="57,104,108,86,130,73,126,90,82,22,13,56,98"/><T11/><D117/><U21/><E109/><V114/><F121/><W128/><G73/><T101/><D125/><U34/><E34/><V55/><F114/><W88/><G108/><T67/><D110/><U122/><E122/><V91/><F132/><W25/><G13/><T28/><D101/><U4/><E4/><V75/><F75/><W43/><G43/><T78/><D38/><U111/><E111/><V14/><F2/><W89/><G126/><T85/><D36/><U52/><E124/><V42/><F42/><W112/><G112/><T53/><D87/><U29/><E133/><V27/><F5/><W79/><G104/><T131/><D131/><N who="3" m="50217" /><G98/><T61/><D61/><U92/><E21/><V40/><F40/><W127/><G127/><T115/><D115/><U74/><E29/><AGARI ba="0,0" hai="22,25,29,56,57,79,82,86,88,89,90" m="50217" machi="29" ten="30,3900,0" yaku="19,1,52,1,54,1" doraHai="76" who="3" fromWho="1" sc="250,0,250,-39,250,0,250,39" /><INIT seed="1,0,0,5,3,12" ten="250,211,250,289" oya="1" hai0="133,64,39,92,110,94,103,128,70,13,69,43,15" hai1="2,62,26,118,81,109,3,129,68,132,31,22,106" hai2="100,27,108,65,121,102,85,30,97,71,124,72,10" hai3="46,95,20,36,112,105,122,90,60,19,57,125,84"/><U131/><E118/><V42/><F121/><W114/><G105/><T127/><D64/><U116/><E106/><V89/><F72/><W44/><G122/><T9/><D43/><U63/><E116/><V101/><F108/><W18/><G125/><T8/><D39/><U134/><E81/><V37/><F124/><W32/><G32/><T126/><D110/><U61/><E68/><V25/><F42/><W14/><G36/><T58/><D58/><U16/><E31/><V35/><F37/><W50/><G19/><T54/><D103/><U0/><REACH who="1" step="1"/><E109/><REACH who="1" ten="250,201,250,289" step="2"/><V38/><F71/><W76/><G114/><T6/><D70/><U21/><E21/><V86/><F30/><W93/><G112/><T59/><D69/><U87/><E87/><V98/><F86/><W23/><G23/><T75/><D127/><U5/><E5/><V49/><F85/><W33/><G84/><T45/><D126/><U74/><E74/><V120/><F120/><W29/><G29/><T123/><D75/><U66/><E66/><V107/><F65/><W11/><G33/><T17/><D123/><U51/><E51/><V130/><F49/><W99/><G50/><T53/><D6/><U40/><E40/><V7/><F38/><W67/><G20/><T104/><D104/><U111/><E111/><V24/><F35/><W117/><G117/><T34/><D34/><U48/><E48/><V115/><F115/><W28/><G28/><T135/><D54/><U119/><E119/><V78/><F107/><W113/><G113/><T80/><D53/><U41/><E41/><V56/><F7/><RYUUKYOKU ba="0,1" sc="250,-10,201,30,250,-10,289,-10" hai1="0,2,3,16,22,26,61,62,63,129,131,132,134" /><INIT seed="1,1,1,0,1,69" ten="240,231,240,279" oya="1" hai0="49,25,8,29,110,30,38,103,68,83,43,106,87" hai1="102,3,16,61,131,134,91,63,17,47,112,19,82" hai2="62,32,133,118,2,116,75,57,45,6,78,128,48" hai3="24,52,76,98,4,99,95,28,72,11,81,115,127"/><U105/><E112/><V33/><F75/><W92/><G115/><T125/><D68/><U39/><E3/><V14/><F78/><W100/><G127/><T121/><D121/><U10/><E10/><V0/><F128/><W120/><G120/><T80/><D125/><U107/><E134/><V126/><F126/><W1/><G52/><T109/><D30/><U84/><E131/><V27/><F133/><W65/><G65/><T64/><D64/><U122/><E122/><V114/><F114/><W15/><G15/><T21/><D49/><U5/><E5/><V44/><F14/><W129/><G129/><T9/><D103/><U113/><E113/><V20/><F2/><W79/><G79/><T50/><D50/><U46/><E46/><V56/><F6/><W104/><REACH who="3" step="1"/><G99/><REACH who="3" ten="240,231,240,269" step="2"/><T132/><D132/><U108/><E108/><V53/><F0/><W13/><G13/><T22/><D110/><U71/><E71/><V58/><F53/><W51/><G51/><T101/><D109/><U12/><E12/><V97/><F97/><W85/><G85/><T93/><D87/><U59/><E59/><V130/><F48/><W90/><G90/><T7/><D7/><U41/><REACH who="1" step="1"/><E102/><REACH who="1" ten="240,221,240,269" step="2"/><V135/><F130/><W42/><G42/><T31/><D43/><U37/><E37/><V67/><F135/><W74/><G74/><T23/><D38/><U66/><E66/><V40/><F40/><W86/><G86/><T119/><D101/><U77/><E77/><V36/><F36/><W26/><G26/><T55/><D25/><U96/><E96/><V88/><F27/><RYUUKYOKU ba="1,3" sc="240,-15,221,15,240,-15,269,15" hai1="16,17,19,39,41,47,61,63,82,84,91,105,107" hai3="1,4,11,24,28,72,76,81,92,95,98,100,104" /><INIT seed="1,2,3,5,5,41" ten="225,236,225,284" oya="1" hai0="102,124,55,27,7,8,25,3,48,78,16,116,51" hai1="119,84,82,134,101,68,70,46,53,21,97,19,125" hai2="85,10,118,113,40,33,71,90,75,23,95,109,112" hai3="4,38,35,63,79,14,115,91,49,83,114,9,108"/><U133/><E119/><V0/><F33/><W110/><G38/><T122/><D116/><U56/><E125/><V28/><F118/><W39/><G39/><T128/><D124/><U36/><E21/><V66/><F109/><N who="3" m="42091" /><G35/><T24/><D128/><U98/><E19/><V43/><F75/><N who="3" m="43519" /><G49/><T54/><D122/><U94/><E98/><V131/><F131/><W127/><G127/><T69/><D69/><U29/><E29/><V80/><F66/><W22/><G91/><T15/><D78/><N who="1" m="46167" /><E46/><V67/><F67/><W37/><G37/><T93/><D93/><U135/><E36/><V20/><F95/><W73/><G73/><T81/><D102/><U52/><E53/><N who="0" m="19977" /><D3/><U65/><E65/><V62/><F71/><W60/><G22/><N who="2" m="8233" /><F28/><W12/><G14/><N who="0" m="5407" /><D81/><U130/><E130/><V104/><F104/><W120/><G120/><T32/><D32/><U123/><E123/><V13/><F0/><W129/><G129/><T111/><D111/><U34/><E34/><V5/><F113/><AGARI ba="2,3" hai="4,9,12,60,63,113,114,115" m="43519,42091" machi="113" ten="30,1000,0" yaku="14,1" doraHai="41" who="3" fromWho="2" sc="225,0,236,0,225,-16,284,46" /><INIT seed="2,0,0,5,4,4" ten="225,236,209,330" oya="2" hai0="62,86,115,39,124,108,15,64,61,80,82,110,42" hai1="114,107,113,48,41,9,24,28,83,6,103,38,34" hai2="11,127,29,91,23,0,78,112,88,71,74,27,8" hai3="119,97,37,3,59,21,132,1,31,46,90,58,94"/><V65/><F112/><W106/><G119/><T121/><D115/><U73/><E48/><V54/><F0/><W26/><G106/><T100/><D121/><U25/><E25/><V51/><F127/><W123/><G123/><T19/><D124/><U129/><E129/><V125/><F125/><W102/><G132/><T50/><D39/><U79/><E103/><V12/><F12/><W7/><G102/><T95/><D100/><U118/><E107/><V57/><F74/><W56/><G7/><T20/><D95/><U13/><REACH who="1" step="1"/><E118/><REACH who="1" ten="225,226,209,330" step="2"/><V44/><F71/><W17/><G26/><T63/><D110/><U93/><E93/><V105/><F105/><W77/><G94/><T16/><D108/><U14/><E14/><V47/><F78/><W84/><G3/><T122/><D122/><U10/><E10/><N who="2" m="3627" /><F65/><W35/><G1/><T135/><D64/><U116/><E116/><V134/><F134/><W66/><G66/><T18/><D135/><U89/><E89/><AGARI ba="0,1" hai="23,27,29,44,47,51,54,57,88,89,91" m="3627" machi="89" ten="30,12000,1" yaku="8,1,52,3,54,1" doraHai="4" who="2" fromWho="1" sc="225,0,226,-120,209,130,330,0" /><INIT seed="2,1,0,3,2,113" ten="225,106,339,330" oya="2" hai0="14,41,5,87,79,50,25,9,101,128,122,72,68" hai1="119,27,109,59,106,44,53,112,51,115,31,38,36" hai2="67,69,29,21,56,83,134,34,66,10,48,22,80" hai3="133,99,62,85,125,77,13,116,86,49,84,100,104"/><V54/><F34/><W17/><G133/><T32/><D122/><U93/><E106/><V40/><F134/><W75/><G125/><T39/><D128/><U121/><E121/><V30/><F40/><W127/><G127/><T73/><D68/><U88/><E109/><V52/><F10/><W130/><G130/><T8/><D39/><U23/><E119/><V74/><F69/><W2/><G2/><T78/><D101/><U60/><E115/><V37/><F74/><W76/><G62/><T35/><D8/><U7/><E7/><V12/><F12/><W123/><G123/><T64/><D64/><U1/><E1/><V15/><F15/><W90/><G75/><T33/><D25/><U63/><E63/><V120/><F120/><W11/><G116/><T58/><D79/><U105/><E105/><V91/><F91/><W117/><G117/><T42/><D42/><U89/><E89/><V45/><F37/><W43/><G90/><T111/><D111/><U26/><E26/><V92/><F92/><W65/><G65/><T24/><D24/><U46/><E46/><V108/><F108/><W0/><G0/><T82/><D58/><U97/><REACH who="1" step="1"/><E112/><REACH who="1" ten="225,96,339,330" step="2"/><V98/><F45/><AGARI ba="1,1" hai="5,9,14,32,33,35,41,45,50,72,73,78,82,87" machi="45" ten="40,2600,0" yaku="25,2" doraHai="113" who="0" fromWho="2" sc="225,39,96,0,339,-29,330,0" /><INIT seed="3,0,0,5,0,42" ten="264,96,310,330" oya="3" hai0="2,127,76,43,54,107,44,81,24,117,5,101,17" hai1="129,50,110,124,73,69,89,51,133,30,112,11,108" hai2="131,96,102,105,63,14,113,78,15,47,67,130,126" hai3="83,27,13,19,106,35,86,66,88,95,46,85,18"/><W104/><G66/><T134/><D117/><U103/><E11/><V25/><F113/><W45/><G106/><T33/><D127/><U116/><E89/><V55/><F126/><W20/><G104/><T32/><D54/><U22/><E22/><V8/><F78/><N who="3" m="46327" /><G35/><T65/><D65/><U75/><E103/><V60/><F25/><W53/><G53/><T23/><D134/><U37/><E50/><N who="2" m="29151" /><F67/><W41/><G41/><T40/><D43/><U132/><E51/><V123/><F123/><W39/><G39/><T135/><D135/><U10/><E10/><AGARI ba="0,0" hai="10,13,18,19,20,27,45,46,86,88,95" m="46327" machi="10" ten="30,11600,0" yaku="8,1,52,2,54,1" doraHai="42" who="3" fromWho="1" sc="264,0,96,-116,310,0,330,116" owari="264,-14.0,-20,-52.0,310,11.0,446,55.0" /></mjloggm>