<mjloggm ver="2.3"><GO type="169" lobby="0"/><UN n0="%6E%65%70%65%72%6F" n1="%E7%9C%9F%E3%81%8B%E3%81%AB%E3%83%9E%E3%82%B8%E3%83%B3" n2="%E3%82%A6%E3%83%AB%E3%83%88%E3%83%A9%E7%AB%8B%E7%9B%B4" n3="%E6%A9%98%E3%81%82%E3%82%8A%E3%81%99" dan="16,16,18,17" rate="2121.09,2114.46,2254.74,2193.86" sx="M,M,M,F"/><TAIKYOKU oya="0"/><INIT seed="0,0,0,5,4,118" ten="250,250,250,250" oya="0" hai0="85,82,102,46,120,112,60,70,63,68,110,22,4" hai1="18,39,133,91,58,93,6,117,103,51,105,135,77" hai2="55,21,54,0,17,88,43,98,37,134,104,11,128" hai3="100,108,27,34,99,101,56,32,113,76,111,96,114"/><T29/><D112/><N who="3" m="43113" /><G27/><T123/><D110/><N who="3" m="42025" /><G56/><T130/><D130/><U45/><E77/><V49/><F134/><W86/><G86/><T25/><D4/><U78/><E78/><V53/><F104/><W81/><G81/><T41/><D102/><N who="3" m="39529" /><G76/><T97/><D97/><AGARI ba="0,0" hai="32,34,96,97,99" m="39529,42025,43113" machi="97" ten="40,5200,0" yaku="28,2,14,1" doraHai="118" who="3" fromWho="0" sc="250,-52,250,0,250,0,250,52" /><INIT seed="1,0,0,1,3,16" ten="198,250,250,302" oya="1" hai0="50,81,88,105,108,114,56,57,90,76,29,17,103" hai1="58,131,73,8,84,60,64,109,110,35,101,39,83" hai2="20,42,12,70,33,116,106,44,38,128,67,100,125" hai3="127,71,43,111,72,11,32,118,61,75,2,62,96"/><U119/><E73/><V126/><F33/><W0/><G43/><T15/><D114/><U59/><E39/><V63/><F116/><W27/><G118/><T10/><D108/><N who="1" m="41579" /><E119/><V121/><F121/><W52/><G111/><T23/><D105/><U86/><E35/><V26/><F128/><W22/><G32/><T47/><D103/><U132/><E131/><V120/><F12/><W124/><G96/><T129/><D129/><U36/><E36/><V69/><F69/><W13/><G71/><T21/><D29/><U78/><E132/><V46/><F46/><W112/><G112/><T115/><D115/><U91/><E8/><V133/><F133/><W49/><G72/><T65/><D76/><U68/><E101/><V87/><F120/><W7/><G75/><T89/><D81/><AGARI ba="0,0" hai="58,59,60,64,68,78,81,83,84,86,91" m="41579" machi="81" ten="30,2900,0" yaku="14,1,10,1" doraHai="16" who="1" fromWho="0" sc="198,-29,250,29,250,0,302,0" /><INIT seed="1,1,0,1,0,80" ten="169,279,250,302" oya="1" hai0="64,86,33,46,135,97,21,51,22,71,10,15,35" hai1="77,36,85,82,31,62,13,66,58,1,54,44,78" hai2="90,107,34,110,79,18,113,117,99,102,103,109,12" hai3="89,70,127,26,118,130,132,42,108,68,20,81,4"/><U6/><E1/><V40/><F34/><W61/><G108/><N who="2" m="41577" /><F117/><W123/><G123/><T122/><D122/><U25/><E6/><V55/><F40/><W57/><G118/><T5/><D135/><U76/><E13/><V101/><F55/><W116/><G116/><T83/><D97/><U28/><E36/><V75/><F113/><W69/><G132/><T133/><D133/><U129/><E129/><V52/><F52/><W134/><G134/><T87/><D87/><U9/><E9/><N who="2" m="6415" /><F90/><W49/><G4/><T53/><D33/><U30/><E25/><V120/><F120/><W48/><G130/><T125/><D35/><U19/><E19/><V29/><F29/><W23/><G42/><T32/><D32/><U100/><E100/><V105/><F105/><W38/><G38/><T37/><D37/><U27/><E27/><V106/><F106/><W98/><G26/><T91/><REACH who="0" step="1"/><D125/><REACH who="0" ten="159,279,250,302" step="2"/><U63/><REACH who="1" step="1"/><E44/><REACH who="1" ten="159,269,250,302" step="2"/><V131/><F131/><W17/><G127/><T94/><D94/><U126/><E126/><V112/><F112/><W84/><G98/><T14/><D14/><U59/><AGARI ba="1,2" hai="28,30,31,54,58,59,62,63,66,76,77,78,82,85" machi="59" ten="30,11700,0" yaku="1,1,0,1,8,1,52,1,53,0" doraHai="80" doraHaiUra="96" who="1" fromWho="1" sc="159,-40,269,140,250,-40,302,-40" /><INIT seed="1,2,0,3,3,51" ten="119,409,210,262" oya="1" hai0="2,52,128,104,83,7,46,35,48,6,120,135,24" hai1="30,45,113,116,5,108,64,34,121,71,88,118,17" hai2="12,31,115,53,81,72,61,124,134,101,76,89,65" hai3="42,107,80,123,111,77,119,109,100,79,58,102,66"/><U4/><E71/><V36/><F36/><W98/><G42/><T73/><D104/><U39/><E64/><V11/><F124/><W33/><G33/><T0/><D135/><U131/><E45/><V130/><F130/><W40/><G40/><T92/><D128/><U26/><E39/><V67/><F134/><W69/><G69/><T94/><D120/><U105/><E105/><V38/><F38/><W54/><G66/><T84/><D73/><U1/><E88/><V70/><F31/><W133/><G133/><T122/><D122/><U114/><E131/><V103/><F115/><N who="1" m="44041" /><E121/><V20/><F20/><W90/><G119/><T18/><D35/><U19/><E108/><N who="3" m="41546" /><G123/><T75/><D75/><U37/><E37/><V56/><F89/><W15/><G15/><T50/><D50/><U28/><E28/><V127/><F127/><W10/><G10/><T22/><D2/><U112/><E112/><V13/><F13/><W117/><G117/><N who="1" m="45162" /><E1/><V27/><F67/><W110/><G110/><T91/><D0/><U126/><E126/><V55/><F70/><W21/><G90/><T43/><D43/><U49/><E4/><AGARI ba="2,0" hai="4,6,7,18,22,24,46,48,52,83,84,91,92,94" machi="4" ten="40,5200,0" yaku="8,1,52,1,54,1" doraHai="51" who="0" fromWho="1" sc="119,58,409,-58,210,0,262,0" /><INIT seed="2,0,0,2,5,92" ten="177,351,210,262" oya="2" hai0="52,74,5,48,132,110,127,43,119,22,109,80,113" hai1="27,63,66,97,91,39,71,42,36,77,40,46,123" hai2="23,24,116,38,106,0,53,32,30,111,134,9,104" hai3="129,35,17,16,81,76,96,70,89,59,62,29,55"/><V41/><F116/><W67/><G129/><T44/><D113/><U120/><E77/><V28/><F53/><W99/><G35/><T85/><D74/><U20/><E42/><V124/><F23/><W34/><G34/><T60/><D119/><U37/><E91/><V26/><F26/><W50/><G29/><T15/><D132/><U12/><E12/><V72/><F30/><W135/><G135/><T58/><D127/><U79/><E79/><V51/><F51/><W8/><G89/><T115/><D115/><U100/><E20/><V126/><F134/><W112/><G112/><T64/><D22/><U131/><E27/><V82/><F111/><N who="0" m="42506" /><D15/><U47/><E131/><V130/><F130/><W107/><G107/><N who="2" m="41001" /><F82/><W6/><G17/><T84/><D5/><U18/><E18/><V86/><F86/><N who="0" m="33386" /><D80/><U1/><E1/><V101/><F72/><W61/><G16/><T31/><D31/><U10/><E10/><V21/><F21/><W65/><G81/><T3/><D3/><U73/><E73/><V98/><F9/><W83/><G83/><T133/><D133/><U87/><E87/><V49/><F0/><W25/><G76/><T94/><D94/><U57/><E39/><V105/><F49/><W75/><G75/><T128/><D128/><U45/><E37/><V69/><F69/><W2/><G25/><T117/><D117/><U95/><E71/><AGARI ba="0,0" hai="2,6,8,50,55,59,61,62,65,67,70,71,96,99" machi="71" ten="30,7700,0" yaku="7,1,9,1,52,2" doraHai="92" who="3" fromWho="1" sc="177,0,351,-77,210,0,262,77" /><INIT seed="3,0,0,3,2,47" ten="177,274,210,339" oya="3" hai0="130,108,62,1,17,109,9,121,52,117,107,70,94" hai1="90,79,125,126,59,45,10,74,76,78,118,51,38" hai2="5,27,112,103,88,98,23,42,29,80,37,55,113" hai3="119,129,28,41,50,56,18,102,104,12,72,7,32"/><W115/><G115/><T77/><D117/><U39/><E118/><V120/><F120/><W35/><G119/><T81/><D121/><U26/><E74/><V75/><F5/><W58/><G72/><T2/><D107/><U20/><E10/><V111/><F111/><N who="0" m="42570" /><D70/><U122/><E90/><V36/><F36/><W132/><G129/><T43/><D43/><U54/><E122/><V99/><F42/><W14/><G132/><T44/><D62/><U57/><E38/><V134/><F37/><W100/><G7/><T131/><D94/><U71/><E71/><V85/><F134/><W11/><G104/><T63/><D63/><U53/><E39/><V128/><F128/><N who="0" m="49194" /><D17/><U87/><E87/><V16/><F75/><W124/><G32/><T40/><D9/><U49/><E45/><V34/><F55/><W106/><G35/><T24/><D40/><U13/><E13/><V15/><F99/><W96/><G96/><T86/><D24/><U66/><E66/><V135/><F135/><W25/><G106/><AGARI ba="0,0" hai="15,16,23,27,29,34,80,85,88,98,103,106,112,113" machi="106" ten="30,3900,0" yaku="7,1,54,2" doraHai="47" who="2" fromWho="3" sc="177,0,274,0,210,39,339,-39" /><INIT seed="4,0,0,5,0,114" ten="177,274,249,300" oya="0" hai0="97,19,107,96,22,71,15,91,57,13,72,31,48" hai1="34,21,119,20,80,121,51,128,111,122,29,134,110" hai2="82,93,124,1,52,61,84,118,105,43,7,75,11" hai3="98,62,16,92,4,58,73,99,65,30,88,42,44"/><T23/><D71/><U8/><E51/><V67/><F105/><W123/><G73/><T56/><D72/><U46/><E46/><V102/><F124/><W81/><G123/><N who="1" m="47114" /><E80/><V130/><F130/><W50/><G4/><T5/><D107/><U32/><E128/><V126/><F126/><W83/><G30/><T55/><D57/><U117/><E134/><V14/><F1/><W39/><G99/><T2/><D2/><U53/><E53/><V10/><F10/><W101/><G101/><T3/><D3/><U12/><E21/><V116/><F43/><W9/><G39/><T18/><D5/><N who="1" m="3087" /><E20/><V78/><F52/><W66/><G65/><T17/><D31/><U33/><E29/><V27/><F27/><W94/><G94/><T63/><D19/><U112/><E112/><V24/><F24/><W41/><G42/><T79/><D79/><U38/><E38/><V35/><F35/><W60/><G62/><T89/><REACH who="0" step="1"/><D63/><REACH who="0" ten="167,274,249,300" step="2"/><U26/><E26/><V100/><F75/><W115/><G115/><T40/><D40/><U108/><AGARI ba="0,1" hai="32,33,34,108,110,111,117,119" m="3087,47114" machi="108" ten="50,8000,1" yaku="34,2,52,2" doraHai="114" who="1" fromWho="1" sc="167,-40,274,90,249,-20,300,-20" /><INIT seed="5,0,0,4,0,12" ten="127,364,229,280" oya="1" hai0="21,31,82,104,22,133,1,60,35,94,38,81,79" hai1="100,27,58,17,24,95,90,124,45,11,64,40,86" hai2="131,41,102,30,121,89,63,26,65,68,78,85,101" hai3="25,36,43,16,19,53,18,115,39,51,113,107,69"/><U112/><E112/><N who="3" m="43082" /><G107/><T2/><D94/><U110/><E124/><V105/><F121/><W32/><G69/><T9/><D104/><U93/><E110/><V120/><F120/><W116/><G43/><T126/><D60/><U99/><E58/><V48/><F78/><W125/><G116/><T108/><D79/><U55/><E64/><V47/><F131/><W67/><G67/><T92/><D92/><U8/><E55/><V111/><F111/><W96/><G96/><T46/><D108/><U23/><REACH who="1" step="1"/><E27/><REACH who="1" ten="127,354,229,280" step="2"/><V62/><F62/><W91/><G125/><T4/><D126/><U109/><E109/><V118/><F118/><W0/><G0/><T14/><D46/><U122/><E122/><V73/><F63/><W106/><G106/><T119/><D119/><U123/><E123/><V34/><F65/><W71/><G71/><T7/><D133/><U74/><E74/><V80/><F68/><W20/><G32/><T56/><D56/><U49/><AGARI ba="0,1" hai="8,11,17,23,24,40,45,49,86,90,93,95,99,100" machi="49" ten="20,12000,1" yaku="1,1,0,1,7,1,8,1,52,1,53,0" doraHai="12" doraHaiUra="134" who="1" fromWho="1" sc="127,-40,354,130,229,-40,280,-40" /><INIT seed="5,1,0,5,1,12" ten="87,484,189,240" oya="1" hai0="43,56,10,9,41,88,117,54,44,114,25,71,50" hai1="127,113,103,8,93,28,115,78,133,124,6,80,15" hai2="70,14,118,26,55,63,74,53,32,33,13,91,97" hai3="34,11,46,24,49,67,31,121,58,35,126,131,85"/><U84/><E133/><V45/><F74/><W99/><G121/><T92/><D117/><U37/><E37/><V129/><F118/><W123/><G123/><T36/><D114/><N who="1" m="43531" /><E28/><V48/><F129/><W83/><G131/><T96/><D71/><U7/><E7/><V87/><F97/><AGARI ba="1,0" hai="6,8,15,78,80,84,93,97,103,124,127" m="43531" machi="97" ten="30,1500,0" yaku="15,1" doraHai="12" who="1" fromWho="2" sc="87,0,484,18,189,-18,240,0" /><INIT seed="5,2,0,4,5,78" ten="87,502,171,240" oya="1" hai0="80,3,61,32,66,116,104,99,106,94,122,72,37" hai1="23,48,54,49,43,30,121,76,24,110,108,84,135" hai2="86,126,55,114,131,119,129,44,81,98,19,56,73" hai3="2,18,100,62,1,82,51,90,65,118,6,74,7"/><U40/><E121/><V16/><F73/><W69/><G118/><T92/><D116/><U109/><E135/><V58/><F119/><W38/><G38/><T50/><D37/><U71/><E71/><V14/><F126/><W15/><G100/><T103/><D3/><U95/><E49/><N who="2" m="29095" /><F98/><W53/><G1/><T31/><D122/><U39/><E39/><V88/><F19/><W134/><G2/><T70/><D50/><U36/><E36/><V17/><F17/><W4/><G134/><T96/><D96/><U87/><E95/><V123/><F123/><W22/><G74/><T77/><REACH who="0" step="1"/><D106/><REACH who="0" ten="77,502,171,240" step="2"/><U64/><E48/><V115/><F131/><W20/><G51/><T27/><AGARI ba="2,1" hai="27,31,32,61,66,70,72,77,80,92,94,99,103,104" machi="27" ten="30,12000,2" yaku="1,1,2,1,0,1,25,2,52,1,53,0" doraHai="78" doraHaiUra="35" who="0" fromWho="0" sc="77,136,502,-62,171,-32,240,-32" /><INIT seed="6,0,0,1,5,29" ten="213,440,139,208" oya="2" hai0="59,4,127,52,37,3,123,9,41,20,34,81,100" hai1="74,22,126,18,120,30,109,31,28,12,45,110,33" hai2="54,101,63,70,96,91,24,44,57,88,129,117,8" hai3="75,90,130,128,51,112,77,38,42,121,61,65,49"/><V93/><F117/><W124/><G121/><T56/><D123/><U119/><E74/><V60/><F129/><N who="3" m="49771" /><G77/><T64/><D127/><U98/><E120/><V66/><F8/><W2/><G2/><T48/><D34/><U105/><E45/><V46/><F24/><W134/><G75/><T43/><D100/><U5/><E98/><V132/><F132/><W53/><G90/><T13/><D37/><U114/><E105/><V15/><F15/><W86/><G86/><T19/><D81/><U35/><E119/><V116/><F116/><W67/><G124/><T125/><D125/><U69/><E69/><V115/><F115/><W106/><G106/><T87/><D87/><U89/><E89/><V95/><REACH who="2" step="1"/><F101/><REACH who="2" ten="213,440,129,208" step="2"/><W80/><G134/><T79/><D3/><U78/><E114/><V73/><F73/><W102/><G102/><T25/><D25/><N who="1" m="14551" /><E126/><V47/><F47/><W39/><G112/><T11/><D9/><N who="1" m="4143" /><E78/><V82/><F82/><W83/><G80/><T118/><D79/><U27/><E27/><V76/><F76/><W135/><G83/><T14/><D118/><U99/><E99/><AGARI ba="0,1" hai="44,46,54,57,60,63,66,70,88,91,93,95,96,99" machi="99" ten="30,11600,0" yaku="1,1,7,1,9,1,54,1,53,0" doraHai="29" doraHaiUra="131" who="2" fromWho="1" sc="213,0,440,-116,129,126,208,0" /><INIT seed="6,1,0,0,3,14" ten="213,324,255,208" oya="2" hai0="9,119,124,28,5,96,92,33,75,27,74,89,46" hai1="101,54,76,87,57,53,19,50,108,127,84,58,135" hai2="43,104,97,47,109,31,133,38,117,10,67,35,1" hai3="66,121,134,7,79,56,73,15,40,122,80,55,68"/><V113/><F117/><W126/><G40/><T94/><D124/><U12/><E108/><V130/><F113/><W65/><G126/><T77/><D119/><U91/><E127/><V60/><F130/><W23/><G134/><T95/><D46/><U99/><E135/><V125/><F133/><W114/><G114/><T49/><D49/><U116/><E116/><V78/><F78/><W62/><G65/><T63/><D63/><U22/><E76/><V48/><F48/><W8/><REACH who="3" step="1"/><G23/><REACH who="3" ten="213,324,255,198" step="2"/><T39/><D39/><U32/><E32/><V16/><F35/><W72/><G72/><T112/><D112/><U64/><E64/><V44/><F43/><W71/><G71/><T25/><D75/><U4/><E22/><V21/><F21/><W111/><G111/><T105/><D74/><U88/><E53/><V131/><F67/><W118/><G118/><T13/><D33/><U115/><E54/><V110/><F125/><W98/><G98/><T51/><D96/><U103/><E99/><V120/><F97/><W93/><G93/><T83/><D94/><U129/><E115/><V123/><F110/><W6/><G6/><T59/><D92/><U24/><E4/><N who="2" m="1295" /><F109/><W70/><G70/><T0/><D95/><U90/><E103/><V82/><F123/><W42/><G42/><T61/><D5/><U45/><E101/><V107/><F120/><W100/><G100/><T132/><D132/><U11/><E87/><V20/><F20/><W17/><G17/><T2/><D105/><U30/><E84/><V128/><F107/><W69/><G69/><T34/><D34/><RYUUKYOKU ba="1,1" sc="213,-10,324,-10,255,-10,198,30" hai3="7,8,15,55,56,62,66,68,73,79,80,121,122" /><INIT seed="7,2,1,2,3,3" ten="203,314,245,228" oya="3" hai0="114,85,120,50,79,125,78,77,34,15,108,30,46" hai1="9,87,92,26,32,5,13,21,56,2,101,102,12" hai2="97,33,86,103,60,29,4,51,113,24,55,8,99" hai3="36,38,110,84,71,96,69,98,116,80,126,39,27"/><W135/><G27/><T14/><D108/><U83/><E92/><V70/><F86/><W118/><G84/><T124/><D120/><U59/><E32/><V119/><F113/><W67/><G80/><T76/><D114/><U35/><E35/><V48/><F119/><N who="3" m="45611" /><G67/><T123/><D123/><U7/><E2/><V37/><F37/><W22/><G22/><T109/><D109/><U100/><E5/><V65/><F55/><W72/><G110/><T28/><N who="0" m="19456" /><DORA hai="112" /><T130/><D85/><U128/><E13/><N who="0" m="4617" /><D130/><U93/><E128/><V18/><F18/><W31/><G72/><T127/><D34/><U53/><E53/><AGARI ba="2,1" hai="28,30,46,50,53,124,125,127" m="4617,19456" machi="53" ten="50,1600,0" yaku="18,1" doraHai="3,112" who="0" fromWho="1" sc="203,32,314,-22,245,0,228,0" /><INIT seed="8,0,0,2,1,50" ten="235,292,245,228" oya="0" hai0="99,128,70,40,36,105,94,31,83,28,116,69,56" hai1="6,25,102,117,134,82,10,112,9,47,95,59,43" hai2="27,53,119,21,14,85,5,104,45,58,88,90,15" hai3="30,110,72,42,24,123,37,52,48,55,76,96,2"/><T122/><D122/><U86/><E117/><V8/><F104/><W44/><G110/><T115/><D116/><U35/><E59/><V20/><F45/><W124/><G123/><T62/><D115/><U0/><E112/><V130/><F130/><W103/><G124/><T16/><D105/><U114/><E114/><V26/><F119/><W74/><G2/><T22/><D83/><U39/><E10/><V1/><F1/><W135/><G135/><T79/><D79/><U49/><E134/><V111/><F111/><W98/><G98/><T84/><D84/><U113/><E113/><V93/><F90/><W23/><G76/><T4/><D4/><U78/><E102/><V107/><F107/><W29/><G29/><T32/><D32/><U54/><E95/><V89/><F89/><W101/><G101/><N who="0" m="60663" /><D128/><U73/><E86/><V64/><F64/><W41/><G41/><T61/><D40/><U68/><E68/><N who="0" m="26217" /><D36/><U125/><E125/><V3/><F3/><W126/><G126/><T13/><D56/><N who="1" m="32847" /><E25/><N who="2" m="9227" /><F15/><W132/><G132/><T60/><D31/><U133/><E133/><V7/><F7/><W71/><G71/><T77/><D28/><U33/><AGARI ba="0,0" hai="0,6,9,33,35,39,43,47,73,78,82" m="32847" machi="33" ten="30,2000,0" yaku="25,1,52,1" doraHai="50" who="1" fromWho="1" sc="235,-10,292,20,245,-5,228,-5" owari="225,-17.0,312,41.0,240,4.0,223,-28.0" /></mjloggm>