<mjloggm ver="2.3"><GO type="169" lobby="0"/><UN n0="%E5%AF%8C%E7%94%B7%E3%81%A7%E3%81%99" n1="%E3%82%A6%E3%83%AB%E3%83%88%E3%83%A9%E7%AB%8B%E7%9B%B4" n2="%E8%9E%8D" n3="%E5%A4%A9%E5%9C%B0%E3%81%AE%E6%98%A5" dan="16,18,17,16" rate="2044.30,2239.99,2243.30,2076.29" sx="M,M,M,M"/><TAIKYOKU oya="0"/><INIT seed="0,0,0,3,4,109" ten="250,250,250,250" oya="0" hai0="77,74,22,50,64,124,121,35,61,53,13,76,0" hai1="48,88,105,27,24,111,39,41,4,25,37,60,94" hai2="9,123,133,81,120,115,8,63,87,107,2,73,95" hai3="69,92,29,129,32,97,7,108,36,117,45,40,42"/><T119/><D119/><U17/><E105/><V132/><F107/><W101/><G129/><T114/><D121/><U65/><E4/><V79/><F2/><W10/><G117/><T70/><D0/><U23/><E111/><V103/><F63/><W1/><G108/><T68/><D35/><U38/><E48/><V28/><F28/><W71/><G42/><T51/><D124/><U128/><E41/><V55/><F55/><W80/><G29/><T126/><D126/><U78/><E78/><V43/><F8/><W15/><G32/><T62/><D114/><U93/><E128/><V67/><F9/><W16/><REACH who="3" step="1"/><G80/><REACH who="3" ten="250,250,250,240" step="2"/><T98/><D68/><U104/><E104/><V18/><F43/><W12/><G12/><T112/><D13/><U135/><E94/><V59/><F95/><W19/><G19/><T72/><D70/><U31/><E31/><V20/><F120/><W110/><G110/><T11/><D64/><U134/><E25/><V91/><F67/><W46/><G46/><T106/><D106/><U47/><E27/><V44/><F44/><W21/><AGARI ba="0,1" hai="1,7,10,15,16,21,36,40,45,69,71,92,97,101" machi="21" ten="20,8000,1" yaku="1,1,0,1,7,1,54,1,53,1" doraHai="109" doraHaiUra="89" who="3" fromWho="3" sc="250,-40,250,-20,250,-20,240,90" /><INIT seed="1,0,0,5,4,120" ten="210,230,230,330" oya="1" hai0="65,85,84,0,99,11,46,64,88,61,101,12,116" hai1="73,91,16,21,105,115,38,110,39,53,96,55,123" hai2="42,121,94,112,57,59,25,31,20,125,127,17,67" hai3="68,29,132,26,56,10,1,98,5,130,35,76,49"/><U103/><E115/><V6/><F121/><W134/><G68/><T60/><D116/><U15/><E123/><V108/><F112/><W48/><G76/><T77/><D0/><U14/><E73/><V113/><F113/><W111/><G130/><T106/><D46/><U90/><E110/><V40/><F6/><W131/><G131/><T28/><D28/><U71/><E71/><V24/><F108/><W97/><G111/><T117/><D117/><U62/><E15/><V52/><F67/><W13/><G48/><T78/><D65/><U41/><E41/><V69/><F59/><W27/><G27/><T43/><D43/><U75/><E75/><V8/><F69/><W30/><G29/><T44/><D44/><U102/><E102/><V54/><F54/><N who="3" m="31823" /><G13/><T126/><D126/><N who="2" m="48138" /><F94/><W109/><G109/><T70/><D61/><U45/><E55/><V100/><F100/><W80/><G80/><T19/><D84/><U32/><E32/><N who="2" m="20583" /><F8/><W92/><G92/><AGARI ba="0,0" hai="11,12,19,60,64,70,77,78,85,88,92,99,101,106" machi="92" ten="30,2000,0" yaku="7,1,54,1" doraHai="120" who="0" fromWho="3" sc="210,20,230,0,230,0,330,-20" /><INIT seed="2,0,0,4,3,82" ten="230,230,230,310" oya="2" hai0="48,73,105,91,2,115,129,97,63,76,47,50,104" hai1="12,18,51,134,25,69,112,22,37,64,89,17,74" hai2="81,98,117,83,31,95,23,113,39,7,116,56,0" hai3="53,96,79,94,32,78,68,66,120,6,30,28,110"/><V72/><F113/><W14/><G120/><T45/><D115/><U107/><E37/><V86/><F39/><W92/><G110/><T77/><D2/><U59/><E112/><V130/><F130/><W131/><G6/><T5/><D5/><U55/><E74/><V125/><F125/><W9/><G131/><T10/><D129/><U27/><E107/><V88/><F56/><W29/><G32/><T65/><D10/><U123/><E134/><V100/><F23/><W90/><G66/><T122/><D122/><U102/><E102/><V15/><F15/><W103/><G68/><T114/><D114/><U26/><E123/><V41/><F31/><W4/><REACH who="3" step="1"/><G53/><REACH who="3" ten="230,230,230,300" step="2"/><T119/><D65/><U118/><E69/><V111/><F111/><W93/><G93/><T36/><D105/><U16/><E64/><V121/><F121/><W38/><G38/><T57/><D104/><U1/><E1/><V124/><F124/><W24/><G24/><T85/><D36/><U44/><E118/><V67/><F67/><W58/><G58/><T109/><D57/><U49/><E26/><V8/><REACH who="2" step="1"/><F41/><REACH who="2" ten="230,230,220,300" step="2"/><W54/><G54/><T87/><D109/><U35/><E35/><V70/><F70/><W71/><G71/><T52/><D52/><N who="1" m="29799" /><E27/><V75/><F75/><W46/><G46/><T62/><D73/><U80/><E25/><V13/><F13/><W101/><G101/><T42/><D42/><U135/><E135/><V133/><F133/><W127/><G127/><T43/><D43/><U61/><E49/><N who="0" m="19049" /><D45/><U19/><N who="1" m="4096" /><DORA hai="106" /><U84/><E12/><V21/><F21/><AGARI ba="0,2" hai="21,22,55,59,61,80,84,89" m="4096,29799" machi="21" ten="40,8000,1" yaku="6,1,8,1,52,1,54,2" doraHai="82,106" who="1" fromWho="2" sc="230,0,230,100,220,-80,300,0" /><INIT seed="3,0,0,2,0,119" ten="230,330,140,300" oya="3" hai0="118,95,112,19,83,126,103,71,127,135,124,16,66" hai1="39,114,134,42,47,100,73,78,56,68,132,84,123" hai2="7,49,133,89,128,38,82,0,102,13,115,10,46" hai3="25,98,79,26,9,21,35,77,14,54,86,37,74"/><W108/><G74/><T45/><D118/><U29/><E68/><V85/><F115/><W120/><G120/><T11/><D112/><U2/><E114/><V30/><F133/><W55/><G37/><T65/><D135/><U61/><E84/><V27/><F128/><W3/><G3/><T40/><D83/><N who="1" m="45519" /><E29/><V31/><F38/><W122/><G122/><T41/><D71/><U69/><E123/><V105/><F0/><W51/><G35/><T106/><D106/><U60/><E60/><V20/><F105/><W58/><G26/><T111/><D111/><U81/><E81/><V12/><F12/><W33/><G33/><T15/><D19/><U6/><E100/><V121/><F102/><W59/><G98/><N who="0" m="59871" /><D41/><U23/><E23/><V117/><F117/><W8/><G86/><T99/><D99/><U67/><E56/><V131/><F131/><W130/><G108/><T96/><D96/><U93/><E93/><V52/><REACH who="2" step="1"/><F121/><REACH who="2" ten="230,330,130,300" step="2"/><W76/><G130/><T129/><D129/><U75/><E134/><V70/><F70/><W92/><G14/><T63/><D63/><U107/><E132/><V28/><AGARI ba="0,1" hai="7,10,13,20,27,28,30,31,46,49,52,82,85,89" machi="28" ten="20,8000,1" yaku="1,1,0,1,7,1,8,1,54,1,53,0" doraHai="119" doraHaiUra="62" who="2" fromWho="2" sc="230,-20,330,-20,130,90,300,-40" /><INIT seed="4,0,0,1,5,61" ten="210,310,220,260" oya="0" hai0="31,38,95,72,2,85,68,57,15,25,4,100,79" hai1="27,93,110,67,135,47,56,75,30,50,102,53,123" hai2="82,33,109,66,84,111,40,17,52,92,105,113,59" hai3="81,58,94,80,46,78,130,48,103,131,83,114,60"/><T3/><D68/><U20/><E75/><V87/><F105/><W1/><G114/><T28/><D38/><U8/><E110/><V21/><F33/><W23/><G1/><T10/><D31/><U36/><E123/><V35/><F35/><W118/><G118/><T39/><D39/><U7/><E135/><V108/><F113/><W6/><G6/><T112/><D112/><U98/><E36/><V14/><F40/><W26/><G78/><T97/><D72/><U126/><E126/><V125/><F125/><W119/><G119/><T133/><D133/><U129/><E129/><V54/><F92/><W63/><G130/><T18/><D57/><U65/><REACH who="1" step="1"/><E56/><REACH who="1" ten="210,300,220,260" step="2"/><V88/><REACH who="2" step="1"/><F87/><REACH who="2" ten="210,300,210,260" step="2"/><W90/><G131/><T115/><D115/><U101/><E101/><V69/><F69/><W34/><G103/><T0/><D85/><U77/><E77/><V127/><F127/><W122/><G122/><T121/><D79/><U73/><E73/><V128/><F128/><W41/><G34/><N who="0" m="20751" /><D121/><U91/><E91/><V43/><F43/><W86/><REACH who="3" step="1"/><G58/><REACH who="3" ten="210,300,210,250" step="2"/><T55/><D100/><U9/><E9/><V96/><F96/><W32/><G32/><T107/><D97/><U132/><E132/><V76/><F76/><W19/><AGARI ba="0,3" hai="19,23,26,41,46,48,60,63,80,81,83,86,90,94" machi="19" ten="30,7900,0" yaku="1,1,0,1,8,1,53,1" doraHai="61" doraHaiUra="13" who="3" fromWho="3" sc="210,-39,300,-20,210,-20,250,109" /><INIT seed="5,0,0,0,0,109" ten="171,280,190,359" oya="1" hai0="123,22,37,27,2,96,68,134,57,26,50,1,48" hai1="28,86,113,17,90,93,104,103,25,116,88,117,0" hai2="92,11,42,69,61,79,38,114,34,133,18,56,91" hai3="13,112,131,99,31,74,124,33,62,49,84,101,44"/><U47/><E0/><V53/><F34/><W75/><G131/><T94/><D37/><U60/><E17/><V73/><F133/><W9/><G124/><T20/><D68/><U115/><E47/><V108/><F108/><W119/><G84/><T110/><D110/><U54/><E54/><V5/><F18/><W12/><G62/><T64/><D134/><U130/><E60/><V52/><F114/><N who="1" m="43529" /><E130/><V98/><F69/><W85/><G112/><T89/><D123/><U66/><E66/><V14/><F38/><W127/><G127/><T23/><D64/><U76/><E76/><V83/><F42/><W21/><G33/><T45/><D1/><U39/><E39/><V87/><REACH who="2" step="1"/><F53/><REACH who="2" ten="171,280,180,359" step="2"/><W16/><G31/><T78/><D78/><U71/><E71/><V7/><F7/><W40/><G119/><T70/><D70/><U63/><E117/><V107/><F107/><W43/><G40/><N who="0" m="24615" /><D2/><U95/><E116/><V80/><F80/><W41/><G43/><T106/><D106/><U126/><E126/><V129/><F129/><W105/><G85/><AGARI ba="0,1" hai="5,11,14,52,56,61,73,79,83,85,87,91,92,98" machi="85" ten="40,2600,0" yaku="1,1,54,1,53,0" doraHai="109" doraHaiUra="111" who="2" fromWho="3" sc="171,0,280,0,180,36,359,-26" /><INIT seed="6,0,0,3,5,57" ten="171,280,216,333" oya="2" hai0="29,26,135,14,54,95,58,107,99,38,49,79,48" hai1="115,97,117,120,104,87,124,123,76,8,53,62,15" hai2="52,86,24,103,10,93,75,59,17,67,125,134,92" hai3="78,11,35,47,112,85,63,68,110,5,106,129,72"/><V13/><F75/><W83/><G110/><T91/><D38/><U40/><E40/><V44/><F134/><W55/><G35/><T109/><D135/><U111/><E111/><V61/><F125/><W23/><G106/><T89/><D109/><U118/><E115/><V81/><F103/><W80/><G112/><T30/><D107/><U18/><E124/><V34/><F34/><W43/><G129/><T105/><D105/><U36/><E36/><V31/><F31/><W131/><G23/><T20/><D79/><U77/><E77/><V121/><F121/><W98/><G98/><T6/><D30/><U128/><E128/><V32/><F24/><W74/><G80/><T101/><D48/><U113/><E113/><V42/><F67/><N who="3" m="41087" /><G55/><T90/><D6/><U37/><E37/><V70/><F70/><W66/><G66/><T1/><D1/><U114/><E114/><V108/><F32/><W64/><G64/><T50/><REACH who="0" step="1"/><D14/><REACH who="0" ten="161,280,216,333" step="2"/><U46/><E15/><V27/><F108/><W9/><G131/><T133/><D133/><U69/><E104/><V56/><F27/><W22/><G5/><T119/><D119/><U126/><E118/><V88/><F56/><W130/><G130/><T12/><D12/><U41/><E117/><V60/><F60/><W51/><G51/><AGARI ba="0,1" hai="10,13,17,42,44,51,52,59,61,81,86,88,92,93" machi="51" ten="30,12000,1" yaku="7,1,8,1,52,1,54,2" doraHai="57" who="2" fromWho="3" sc="161,0,280,0,216,130,333,-120" /><INIT seed="6,1,0,3,4,17" ten="161,280,346,213" oya="2" hai0="114,35,31,32,57,28,72,124,8,34,39,107,53" hai1="81,47,65,126,15,44,64,20,70,18,54,77,115" hai2="127,5,134,91,104,108,117,49,4,11,52,1,0" hai3="12,75,30,26,94,123,82,109,6,55,27,37,9"/><V116/><F104/><W101/><G123/><T29/><D107/><U10/><E115/><V132/><F127/><W69/><G109/><T74/><D39/><U84/><E126/><V88/><F108/><W85/><G69/><T100/><D124/><U22/><E70/><V63/><F63/><W58/><G37/><T56/><D114/><U43/><E54/><V46/><F4/><W19/><G75/><T3/><D100/><U14/><E47/><V86/><F91/><W24/><G101/><T98/><D98/><U113/><E113/><V48/><F49/><W13/><G94/><T102/><D102/><U40/><E40/><V50/><F0/><W73/><G73/><T68/><D68/><U96/><E96/><V42/><F50/><W33/><G55/><T67/><D67/><N who="1" m="25675" /><E15/><V111/><F42/><W83/><G58/><T129/><D56/><U61/><E61/><V36/><F111/><W97/><G97/><T2/><D3/><U122/><E122/><V92/><REACH who="2" step="1"/><F36/><REACH who="2" ten="161,280,336,213" step="2"/><W80/><REACH who="3" step="1"/><G85/><REACH who="3" ten="161,280,336,203" step="2"/><T59/><D72/><U118/><E84/><V23/><F23/><AGARI ba="1,2" hai="6,9,12,13,19,23,24,26,27,30,33,80,82,83" machi="23" ten="40,5200,0" yaku="1,1,2,1,52,1,53,0" doraHai="17" doraHaiUra="131" who="3" fromWho="2" sc="161,0,280,0,336,-55,203,75" /><INIT seed="7,0,0,1,5,13" ten="161,280,281,278" oya="3" hai0="64,10,78,32,46,108,60,15,116,76,19,114,131" hai1="103,58,81,115,127,75,130,90,112,1,86,82,7" hai2="87,55,124,129,17,93,45,135,18,38,132,104,99" hai3="111,89,126,21,2,63,22,94,97,23,53,84,43"/><W56/><G2/><T72/><D116/><U37/><E37/><V102/><F124/><W27/><G126/><T65/><D108/><U11/><E127/><V12/><F129/><W6/><G111/><T44/><D131/><U62/><E130/><V47/><F38/><W30/><G6/><T40/><D32/><U36/><E103/><V98/><F87/><W100/><REACH who="3" step="1"/><G43/><REACH who="3" ten="161,280,281,268" step="2"/><T105/><D114/><N who="1" m="43563" /><E36/><V77/><F135/><W28/><G28/><T71/><D105/><AGARI ba="0,1" hai="21,22,23,27,30,53,56,63,84,89,94,97,100,105" machi="105" ten="30,2900,0" yaku="1,1,7,1,53,0" doraHai="13" doraHaiUra="134" who="3" fromWho="0" sc="161,-29,280,0,281,0,268,39" owari="132,-37.0,280,-12.0,281,8.0,307,41.0" /></mjloggm>