<mjloggm ver="2.3"><GO type="169" lobby="0"/><UN n0="%41%6D%69%63%68%61%6E" n1="%E3%83%88%E3%83%88%E3%83%AA%E5%85%88%E7%94%9F%31%39%E6%AD%B3" n2="%E4%B8%8D%E6%B2%88" n3="%E3%81%97%E3%81%BF%73" dan="16,19,17,16" rate="2105.81,2310.63,2161.12,2095.90" sx="F,F,M,M"/><TAIKYOKU oya="0"/><INIT seed="0,0,0,4,3,128" ten="250,250,250,250" oya="0" hai0="122,104,74,51,90,109,25,69,6,58,79,63,130" hai1="62,67,70,42,134,19,103,35,26,46,87,29,23" hai2="93,5,83,117,86,95,82,99,106,110,16,118,107" hai3="119,135,89,31,81,121,131,2,22,17,30,111,64"/><T98/><D122/><U84/><E134/><V75/><F5/><W28/><G2/><T96/><D109/><U12/><REACH who="1" step="1"/><E103/><REACH who="1" ten="250,240,250,250" step="2"/><V73/><F110/><W54/><G135/><T127/><D130/><U18/><E18/><V133/><F16/><W7/><G111/><T48/><D6/><U37/><AGARI ba="0,1" hai="12,19,23,26,29,35,37,42,46,62,67,70,84,87" machi="37" ten="20,2700,0" yaku="1,1,0,1,7,1,53,0" doraHai="128" doraHaiUra="120" who="1" fromWho="1" sc="250,-13,240,37,250,-7,250,-7" /><INIT seed="1,0,0,0,3,94" ten="237,277,243,243" oya="1" hai0="29,64,15,101,90,20,78,95,12,134,110,99,14" hai1="121,131,118,46,93,103,25,123,9,75,127,113,11" hai2="107,38,52,62,82,112,135,18,35,69,96,22,6" hai3="66,17,34,89,53,130,100,70,77,86,54,129,57"/><U126/><E75/><V56/><F35/><W42/><G34/><T83/><D110/><U3/><E46/><V4/><F38/><W111/><G70/><T33/><D134/><U32/><E103/><V105/><F135/><W117/><G77/><T19/><D64/><U59/><E59/><V71/><F112/><W16/><G42/><T116/><D116/><U45/><E45/><V125/><F125/><N who="1" m="47625" /><E93/><V72/><F71/><W132/><G100/><T44/><D44/><U98/><E98/><V31/><F31/><W55/><G132/><T0/><D0/><U51/><E51/><V50/><F105/><W119/><G111/><T133/><D133/><U97/><E97/><V65/><F72/><W61/><G117/><T124/><D124/><U122/><E118/><V27/><REACH who="2" step="1"/><F82/><REACH who="2" ten="237,277,233,243" step="2"/><N who="3" m="49367" /><G119/><T85/><REACH who="0" step="1"/><D101/><AGARI ba="0,1" hai="4,6,18,22,27,50,52,56,62,65,69,96,101,107" machi="101" ten="40,5200,0" yaku="1,1,52,1,54,1,53,0" doraHai="94" doraHaiUra="28" who="2" fromWho="0" sc="237,-52,277,0,233,62,243,0" /><INIT seed="2,0,0,1,2,63" ten="185,277,295,243" oya="2" hai0="61,53,48,47,72,78,85,92,135,125,41,18,95" hai1="32,19,43,124,109,69,29,112,28,89,55,38,24" hai2="15,80,91,7,27,71,107,10,82,40,46,64,45" hai3="20,33,2,120,118,16,44,76,113,111,5,126,3"/><V1/><F107/><W104/><G104/><T121/><D121/><U14/><E112/><V86/><F45/><W81/><G33/><T6/><D135/><U34/><E109/><V50/><F27/><W25/><G118/><T52/><D125/><U130/><E124/><V122/><F122/><W35/><G126/><T105/><D105/><U83/><E130/><V57/><F71/><W117/><G111/><T68/><D6/><U116/><E116/><V42/><F1/><W115/><G35/><T58/><D72/><U11/><E69/><V56/><F40/><W74/><G120/><T54/><D68/><U110/><E110/><V60/><REACH who="2" step="1"/><F56/><REACH who="2" ten="185,277,285,243" step="2"/><W37/><G117/><T119/><D119/><U26/><E43/><V90/><F90/><W127/><G127/><T94/><D78/><U108/><E108/><V36/><F36/><W98/><G2/><T4/><D58/><U87/><E55/><V88/><F88/><W59/><G115/><T9/><D54/><U66/><E38/><V97/><F97/><W23/><G37/><T75/><D53/><U12/><E89/><V128/><F128/><W62/><G113/><T96/><D41/><U73/><E32/><V30/><F30/><W114/><G114/><T84/><D52/><U65/><E29/><V133/><F133/><W129/><G129/><T101/><D47/><U106/><E106/><V22/><F22/><W17/><G3/><T67/><D96/><U31/><E31/><V123/><F123/><W132/><G132/><T134/><D134/><U49/><E28/><V21/><F21/><W13/><G74/><RYUUKYOKU type="nm" ba="0,1" sc="185,-20,277,-20,285,-40,243,80" hai2="7,10,15,42,46,50,57,60,64,80,82,86,91" /><INIT seed="2,1,1,4,4,46" ten="165,257,245,323" oya="2" hai0="27,38,9,13,7,75,108,113,135,53,0,114,56" hai1="35,91,74,77,129,107,10,17,98,102,34,119,128" hai2="11,105,37,3,66,36,4,62,87,5,81,111,103" hai3="30,116,15,8,68,50,82,41,115,104,54,67,52"/><V76/><F111/><W49/><G104/><T126/><D38/><U69/><E119/><V72/><F4/><W127/><G116/><T6/><D108/><U117/><E117/><V106/><F87/><W133/><G41/><T71/><D71/><U93/><E69/><N who="2" m="42199" /><F106/><W1/><G1/><T31/><D75/><U97/><E17/><V32/><F32/><W118/><G30/><T124/><D56/><U58/><E10/><V100/><F100/><W45/><G118/><T25/><D53/><U21/><E21/><V23/><F23/><W120/><G120/><T24/><D135/><U26/><E26/><N who="0" m="10345" /><D6/><U42/><E77/><V39/><F39/><W61/><G133/><T57/><D57/><U123/><E74/><V28/><F28/><W19/><G115/><N who="0" m="44043" /><D0/><U64/><E123/><V134/><F134/><W121/><G121/><T22/><AGARI ba="1,1" hai="7,9,13,22,27,31,124,126" m="44043,10345" machi="22" ten="30,2000,0" yaku="34,2" doraHai="46" who="0" fromWho="0" sc="165,33,257,-6,245,-11,323,-6" /><INIT seed="3,0,0,3,1,2" ten="198,251,234,317" oya="3" hai0="77,60,63,124,38,46,104,112,97,69,108,93,91" hai1="122,16,4,73,25,52,94,18,13,37,36,105,84" hai2="26,17,98,115,59,35,120,88,74,111,12,81,135" hai3="10,123,14,82,100,131,92,40,95,58,30,99,90"/><W66/><G123/><T102/><D108/><U67/><E122/><V31/><F120/><W8/><G131/><T32/><D124/><U125/><E105/><V54/><F115/><W65/><G40/><T118/><D112/><U45/><E73/><V51/><F135/><W96/><G30/><T127/><D127/><U61/><E125/><V29/><F111/><W53/><G82/><T119/><D32/><U76/><E37/><V21/><F29/><W134/><G134/><T55/><D77/><U117/><E117/><V6/><F74/><W86/><G86/><T34/><D34/><U113/><E113/><V0/><F81/><W126/><G8/><T101/><D101/><U41/><E25/><V28/><F28/><W89/><G100/><T44/><D38/><U114/><E114/><V11/><REACH who="2" step="1"/><F88/><REACH who="2" ten="198,251,224,317" step="2"/><W20/><G126/><T128/><D119/><U72/><E72/><V79/><F79/><W103/><G103/><T19/><D118/><U85/><E76/><V106/><F106/><W57/><G20/><T56/><D104/><U48/><E94/><V110/><F110/><W22/><G22/><T132/><D132/><U49/><E85/><V70/><F70/><W133/><G133/><T83/><D83/><U64/><E84/><V27/><F27/><W3/><G92/><T129/><D91/><U24/><E24/><V116/><F116/><W39/><G90/><T107/><D107/><U47/><E36/><V9/><F9/><W42/><G39/><T15/><D69/><N who="1" m="42127" /><E67/><V121/><F121/><W23/><G95/><N who="0" m="58687" /><D129/><U68/><E68/><V87/><F87/><RYUUKYOKU ba="0,1" sc="198,-15,251,15,224,15,317,-15" hai1="4,13,16,18,41,45,47,48,49,52" hai2="0,6,11,12,17,21,26,31,35,51,54,59,98" /><INIT seed="4,1,1,3,0,111" ten="183,266,239,302" oya="0" hai0="99,87,64,104,75,74,120,133,48,6,103,1,67" hai1="45,25,88,134,17,57,4,116,117,114,119,84,13" hai2="60,35,98,10,56,9,18,115,71,19,127,126,123" hai3="92,91,58,125,78,106,43,80,124,121,93,42,129"/><T63/><D120/><U86/><E134/><V62/><F123/><W0/><G106/><T20/><D133/><U16/><E114/><V34/><F98/><W69/><G69/><T21/><D64/><U47/><E4/><V8/><F56/><W3/><G121/><T101/><D101/><U107/><E107/><V27/><F27/><W41/><G129/><T135/><D135/><U15/><E25/><V109/><F109/><W33/><G33/><N who="2" m="12297" /><F71/><W118/><G58/><T72/><D87/><U102/><E57/><V85/><F85/><W22/><G22/><T131/><D131/><U128/><E128/><V61/><F115/><W59/><G59/><T66/><D48/><U130/><E130/><V108/><F108/><W110/><G110/><T37/><D37/><U46/><E102/><V113/><F113/><W55/><G55/><T82/><D66/><U40/><E86/><V32/><N who="2" m="12305" /><V31/><DORA hai="65" /><F31/><W49/><G0/><T51/><D51/><U24/><E40/><V38/><F38/><W76/><G3/><T132/><D132/><U39/><E39/><V36/><F36/><W7/><G49/><T2/><D82/><U30/><E30/><V81/><F81/><W105/><G80/><T53/><D2/><U29/><E29/><V26/><F26/><W52/><G105/><T94/><D104/><U79/><E24/><V28/><F28/><W73/><G42/><T68/><D53/><U122/><E122/><V83/><F83/><W70/><G52/><T44/><D44/><U23/><E46/><V112/><F112/><W14/><G43/><RYUUKYOKU ba="1,1" sc="183,15,266,-15,239,15,302,-15" hai0="1,6,20,21,63,67,68,72,74,75,94,99,103" hai2="8,9,10,18,19,60,61,62,126,127" /><INIT seed="4,2,1,4,5,131" ten="198,251,254,287" oya="0" hai0="110,15,97,21,36,69,48,52,2,132,114,5,41" hai1="23,103,37,104,46,20,32,11,88,33,24,89,80" hai2="107,67,43,39,6,40,83,55,17,119,106,22,86" hai3="62,12,66,47,73,125,29,71,113,19,0,54,3"/><T92/><D114/><U50/><E37/><V134/><F119/><W81/><G29/><T82/><D110/><U91/><E104/><V61/><F6/><W56/><G113/><T14/><D69/><U49/><E103/><V31/><F31/><W18/><G125/><T59/><D2/><U124/><E124/><V30/><F30/><W95/><G47/><N who="0" m="25711" /><D36/><U126/><E126/><V78/><F55/><W133/><G19/><T79/><D132/><U42/><E11/><V44/><F40/><W9/><G133/><T4/><D82/><U45/><E80/><V70/><REACH who="2" step="1"/><F134/><REACH who="2" ten="198,251,244,287" step="2"/><W53/><G53/><T102/><D79/><U8/><E33/><V101/><F101/><W35/><G35/><T27/><D5/><U123/><E32/><V99/><F99/><W75/><G54/><T64/><D4/><U51/><E42/><V130/><F130/><W111/><G0/><T13/><D64/><U60/><E46/><V25/><AGARI ba="2,2" hai="17,22,25,39,43,44,61,67,70,78,83,86,106,107" machi="25" ten="20,5200,0" yaku="1,1,0,1,7,1,53,1" doraHai="131" doraHaiUra="16" who="2" fromWho="2" sc="198,-28,251,-15,244,78,287,-15" /><INIT seed="5,0,0,3,2,32" ten="170,236,322,272" oya="1" hai0="15,68,3,124,96,60,33,109,51,39,71,5,22" hai1="107,78,118,126,34,43,102,67,122,110,17,80,53" hai2="103,116,97,13,133,98,54,0,94,73,36,76,52" hai3="83,27,57,59,9,135,70,92,2,99,21,112,84"/><U46/><E118/><V120/><F116/><W79/><G70/><T91/><D109/><U18/><E122/><V10/><F120/><W24/><G135/><T26/><D39/><U25/><E110/><V56/><F133/><W115/><G27/><T82/><D124/><U41/><E126/><V89/><F36/><W88/><G9/><T55/><D60/><U75/><E67/><V64/><F0/><W127/><G2/><T128/><D128/><U100/><E53/><V117/><F117/><W123/><G123/><T121/><D121/><U105/><E100/><V63/><F76/><W65/><G127/><T19/><D96/><U44/><E44/><V7/><REACH who="2" step="1"/><F73/><REACH who="2" ten="170,236,312,272" step="2"/><W6/><G115/><T101/><D3/><U38/><E78/><V8/><F8/><W61/><G112/><T90/><D71/><U114/><E75/><V45/><F45/><W93/><G79/><T4/><D68/><U69/><E69/><V113/><F113/><W85/><G59/><T1/><D1/><U23/><E46/><V47/><F47/><W130/><G57/><T28/><D33/><U62/><E34/><V95/><AGARI ba="0,1" hai="7,10,13,52,54,56,63,64,89,94,95,97,98,103" machi="95" ten="20,8000,1" yaku="1,1,0,1,7,1,8,1,54,1,53,0" doraHai="32" doraHaiUra="42" who="2" fromWho="2" sc="170,-20,236,-40,312,90,272,-20" /><INIT seed="6,0,0,2,0,131" ten="150,196,402,252" oya="2" hai0="43,42,71,81,53,16,70,79,65,63,123,96,1" hai1="32,87,106,108,4,40,13,125,90,59,126,60,80" hai2="17,128,72,37,105,31,61,120,110,11,133,103,10" hai3="35,73,94,107,62,98,127,44,5,15,119,52,116"/><V67/><F72/><W55/><G35/><T6/><D123/><U46/><E108/><V23/><F37/><W14/><G107/><T25/><D96/><U49/><E106/><V132/><F31/><W12/><G73/><T102/><D102/><U41/><E32/><V117/><F120/><W109/><G109/><T99/><D99/><U118/><E118/><V0/><F117/><W66/><G127/><N who="1" m="48650" /><E41/><V95/><F105/><W82/><G5/><T21/><D71/><U74/><E74/><V33/><F33/><W84/><G44/><T36/><D53/><N who="1" m="33903" /><E13/><V39/><F39/><W113/><G113/><T48/><D36/><U3/><E4/><V85/><F110/><W77/><G119/><T50/><D43/><U112/><E3/><V29/><F29/><W28/><G28/><T9/><REACH who="0" step="1"/><D42/><REACH who="0" ten="140,196,402,252" step="2"/><U47/><E47/><V92/><F103/><N who="3" m="60887" /><G116/><T7/><D7/><U54/><E40/><V8/><F128/><W115/><G115/><AGARI ba="0,1" hai="46,49,54,80,87,90,112,115" m="33903,48650" machi="115" ten="30,1000,0" yaku="18,1" doraHai="131" who="1" fromWho="3" sc="140,0,196,20,402,0,252,-10" /><INIT seed="7,0,0,4,3,66" ten="140,216,402,242" oya="3" hai0="51,98,126,33,78,109,90,133,95,60,108,87,20" hai1="56,76,45,50,75,86,73,63,17,16,106,47,79" hai2="2,83,101,53,30,22,82,94,134,114,18,67,8" hai3="4,110,15,48,41,11,122,81,12,74,99,102,57"/><W42/><G122/><T132/><D60/><U27/><E106/><V9/><F114/><W62/><G110/><N who="0" m="42603" /><D51/><U84/><E75/><V71/><F134/><N who="0" m="51818" /><D20/><N who="1" m="13703" /><E73/><V69/><F30/><W54/><G15/><T131/><D33/><U112/><E112/><V46/><F2/><W35/><G35/><T14/><D14/><U130/><E130/><V38/><F38/><W100/><G62/><T26/><D26/><U21/><E76/><V127/><F127/><W5/><G5/><T36/><D36/><U61/><E79/><V43/><F43/><W135/><G42/><T65/><D65/><N who="1" m="39079" /><E63/><V89/><F101/><W6/><G102/><N who="0" m="60767" /><D126/><U29/><E29/><V59/><F46/><N who="1" m="17417" /><E50/><V97/><F82/><W118/><G81/><T1/><D1/><U119/><E119/><V68/><F97/><W93/><G99/><T121/><D78/><U40/><E40/><V103/><F89/><W92/><G41/><T39/><D39/><U80/><E80/><V104/><F18/><W52/><G48/><T129/><D121/><U124/><E124/><V72/><F22/><W85/><G135/><T107/><D107/><U10/><E10/><V55/><F55/><W105/><G54/><T34/><D34/><U31/><E31/><V88/><F59/><W28/><G52/><T32/><D32/><U96/><E96/><V77/><F94/><N who="3" m="36459" /><G105/><T25/><D25/><AGARI ba="0,0" hai="17,21,25,84,86" m="17417,39079,13703" machi="25" ten="30,2000,0" yaku="8,1,54,1" doraHai="66" who="1" fromWho="0" sc="140,-20,216,20,402,0,242,0" owari="120,-38.0,236,-16.0,402,50.0,242,4.0" /></mjloggm>