<mjloggm ver="2.3"><GO type="169" lobby="0"/><UN n0="%E4%BA%94%E3%81%B2%E3%82%83%E3%81%90%E3%81%88%E3%82%93" n1="%E3%82%A6%E3%83%AB%E3%83%88%E3%83%A9%E7%AB%8B%E7%9B%B4" n2="%37%79%79%79%79%79%79" n3="%6C%6F%76%65%79%6F%75" dan="16,18,16,17" rate="2103.68,2249.77,2132.65,2146.26" sx="M,M,M,M"/><TAIKYOKU oya="0"/><INIT seed="0,0,0,5,3,40" ten="250,250,250,250" oya="0" hai0="50,124,47,1,108,58,7,131,44,121,57,4,48" hai1="8,114,20,30,78,101,116,119,41,56,103,128,62" hai2="67,85,45,54,107,53,60,95,92,9,13,34,63" hai3="102,93,16,25,94,100,29,55,28,73,104,126,125"/><T52/><D121/><U99/><E128/><V87/><F107/><W71/><G73/><T59/><D131/><U133/><E133/><V68/><F34/><W72/><G72/><T46/><D124/><U86/><E114/><V91/><F63/><W97/><G71/><T22/><D108/><U115/><E115/><V10/><F10/><W79/><G79/><T81/><D1/><U32/><E32/><V113/><F113/><W123/><G123/><T83/><D22/><U105/><E101/><V117/><F117/><W66/><G66/><T51/><D52/><U111/><E111/><V36/><F36/><W39/><G39/><T120/><D120/><U90/><E78/><V65/><F65/><W42/><G42/><T74/><D74/><U18/><E8/><V106/><F106/><W37/><G37/><T24/><D24/><U129/><E30/><N who="3" m="11882" /><G104/><T64/><D64/><U69/><E69/><V89/><REACH who="2" step="1"/><F45/><REACH who="2" ten="250,250,240,250" step="2"/><W75/><G126/><T43/><D43/><U96/><E41/><V35/><F35/><W122/><G125/><T110/><D110/><U112/><E112/><V0/><F0/><W98/><G122/><T26/><D26/><N who="1" m="14615" /><E129/><V11/><F11/><W19/><G25/><T135/><D135/><U76/><E119/><V21/><F21/><W12/><G12/><T118/><D118/><U17/><E116/><V82/><F82/><AGARI ba="0,1" hai="4,7,44,46,47,48,50,51,57,58,59,81,82,83" machi="82" ten="50,24000,3" yaku="29,2,28,2,8,1,52,3" doraHai="40" who="0" fromWho="2" sc="250,250,250,0,240,-240,250,0" /><INIT seed="0,1,0,3,0,104" ten="500,250,0,250" oya="0" hai0="131,14,108,85,117,76,2,107,116,101,3,12,125" hai1="31,123,20,58,102,37,38,130,34,65,29,113,111" hai2="51,33,106,105,66,96,10,45,42,79,6,81,39" hai3="60,61,126,128,115,71,1,63,5,89,49,52,19"/><T90/><D107/><U67/><E123/><V64/><F51/><W56/><G115/><T41/><D101/><U35/><E102/><V25/><F96/><W47/><G128/><T17/><D76/><U62/><E111/><V55/><F55/><N who="3" m="30143" /><G126/><T122/><D90/><U132/><E130/><V127/><F66/><W98/><G1/><T8/><D85/><U88/><E20/><V15/><F64/><W135/><G135/><T100/><D100/><U40/><E88/><V26/><F127/><W16/><G5/><T13/><D41/><U4/><E4/><V129/><F129/><W124/><G71/><T53/><D53/><U97/><E97/><V86/><F26/><W24/><G124/><T57/><D57/><U119/><E119/><V7/><F7/><W30/><G30/><T9/><D125/><U120/><E120/><V36/><F36/><W110/><G110/><T93/><D122/><U84/><E84/><V112/><F112/><W92/><G24/><T83/><D131/><U95/><E95/><V99/><F99/><W74/><G74/><T0/><D108/><U28/><E132/><V82/><F82/><W11/><G11/><T73/><D93/><U87/><E113/><V43/><F43/><W78/><G78/><N who="0" m="44495" /><D17/><AGARI ba="1,0" hai="16,17,19,52,56,60,61,63,89,92,98" m="30143" machi="17" ten="30,3900,0" yaku="8,1,54,2" doraHai="104" who="3" fromWho="0" sc="500,-42,250,0,0,0,250,42" /><INIT seed="1,0,0,1,5,100" ten="458,250,0,292" oya="1" hai0="17,1,88,120,115,2,40,133,26,63,92,111,52" hai1="44,68,45,65,79,62,93,32,125,25,13,66,53" hai2="39,69,72,105,41,95,116,28,49,5,85,61,3" hai3="57,34,121,126,94,10,134,106,109,37,31,127,0"/><U84/><E125/><N who="3" m="47626" /><G106/><T48/><D115/><U87/><E66/><N who="2" m="41167" /><F49/><W42/><G121/><T38/><D111/><U129/><E129/><V102/><F28/><W103/><G109/><T90/><D133/><U128/><E128/><V50/><F95/><W19/><G134/><T15/><D63/><U73/><E13/><V119/><F50/><W6/><G19/><T110/><D26/><U98/><E73/><V132/><F85/><W7/><G7/><T47/><D110/><U122/><E122/><V89/><F89/><W83/><G83/><T22/><D120/><U112/><E112/><V99/><F72/><W46/><G57/><T135/><D135/><U81/><E87/><V54/><F54/><W58/><G58/><T27/><D27/><U96/><E53/><V29/><F29/><W64/><G64/><T4/><D4/><U8/><E8/><N who="2" m="2111" /><F132/><W76/><G76/><T113/><D113/><U55/><E55/><V36/><F41/><W14/><G31/><T130/><D130/><U91/><E96/><V80/><F80/><W11/><G11/><T86/><D90/><U23/><REACH who="1" step="1"/><E32/><REACH who="1" ten="458,240,0,292" step="2"/><V77/><F77/><W60/><G34/><T118/><D118/><AGARI ba="0,1" hai="36,39,99,102,105,116,118,119" m="2111,41167" machi="118" ten="30,2000,0" yaku="23,1,52,1" doraHai="100" who="2" fromWho="0" sc="458,-20,240,0,0,30,292,0" /><INIT seed="2,0,0,2,1,44" ten="438,240,30,292" oya="2" hai0="27,132,34,57,41,66,9,128,117,70,64,86,65" hai1="80,127,4,75,23,25,116,111,50,40,63,29,43" hai2="21,67,19,8,91,68,71,107,113,51,78,110,15" hai3="108,10,59,115,11,81,3,30,99,109,72,130,97"/><V94/><F107/><W42/><G30/><T55/><D132/><U119/><E111/><V31/><F113/><W105/><G59/><T134/><D128/><U85/><E75/><V133/><F133/><W89/><G89/><T1/><D134/><U95/><E127/><V18/><F110/><W82/><G42/><T90/><D70/><U129/><E129/><V46/><F78/><W5/><G130/><T33/><D41/><U102/><E4/><V0/><F31/><W122/><G122/><T35/><D117/><U13/><E13/><V101/><F101/><W87/><G87/><T7/><D27/><U2/><E2/><V49/><F0/><W73/><G3/><T88/><REACH who="0" step="1"/><D86/><REACH who="0" ten="428,240,30,292" step="2"/><U123/><E43/><V53/><F67/><W45/><G109/><T92/><D92/><U16/><E95/><V37/><F37/><W106/><G108/><T77/><D77/><U26/><E119/><V84/><REACH who="2" step="1"/><F49/><AGARI ba="0,1" hai="1,7,9,33,34,35,49,55,57,64,65,66,88,90" machi="49" ten="50,6400,0" yaku="1,1,52,1,54,1,53,0" doraHai="44" doraHaiUra="39" who="0" fromWho="2" sc="428,74,240,0,30,-64,292,0" owari="502,60.0,240,-16.0,-34,-53.0,292,9.0" /></mjloggm>