<mjloggm ver="2.3"><GO type="169" lobby="0"/><UN n0="%E3%82%A6%E3%83%AB%E3%83%88%E3%83%A9%E7%AB%8B%E7%9B%B4" n1="%E3%81%AF%E3%81%84%E3%81%A6%E3%82%93%E3%81%BC%E3%83%BC" n2="%E3%81%A1%E3%82%83%E3%81%B3%E3%82%93%EF%BC%9F" n3="%E8%9B%99%E3%81%AE%E7%8E%8B" dan="19,17,16,16" rate="2334.18,2177.95,2006.65,2118.70" sx="M,M,M,M"/><TAIKYOKU oya="0"/><INIT seed="0,0,0,5,3,114" ten="250,250,250,250" oya="0" hai0="120,41,62,49,131,81,37,54,27,119,106,38,82" hai1="127,92,90,87,33,51,100,46,67,47,104,48,52" hai2="98,109,26,112,11,133,53,56,130,91,22,93,61" hai3="39,60,16,108,124,70,117,30,115,17,95,105,43"/><T113/><D106/><U63/><E33/><V84/><F109/><W121/><G105/><T97/><D120/><U102/><E127/><V1/><F133/><W0/><G0/><T18/><D113/><U44/><E104/><V107/><F130/><W40/><G115/><T73/><D119/><U68/><REACH who="1" step="1"/><E44/><REACH who="1" ten="250,240,250,250" step="2"/><V72/><F112/><W45/><G124/><T128/><D128/><U86/><E86/><V58/><F72/><W12/><G45/><N who="0" m="25775" /><D73/><U21/><E21/><V129/><F129/><W69/><G121/><T111/><D131/><U83/><E83/><V79/><F107/><W34/><G34/><T122/><D122/><U3/><E3/><V13/><F1/><W23/><G23/><T74/><D74/><U42/><AGARI ba="0,1" hai="42,46,47,48,51,52,63,67,68,87,90,92,100,102" machi="42" ten="20,5200,0" yaku="1,1,0,1,7,1,54,1,53,0" doraHai="114" doraHaiUra="20" who="1" fromWho="1" sc="250,-26,240,62,250,-13,250,-13" /><INIT seed="1,0,0,2,5,118" ten="224,302,237,237" oya="1" hai0="12,88,90,64,117,106,39,131,52,40,114,110,19" hai1="103,99,34,62,9,5,0,63,17,70,25,68,94" hai2="104,128,84,105,31,56,55,122,11,13,95,108,15" hai3="54,125,120,80,18,133,28,61,48,123,10,66,6"/><U87/><E63/><V124/><F108/><W96/><G133/><T35/><D35/><U3/><E3/><V47/><F31/><W58/><G125/><T27/><D106/><U116/><E116/><V82/><F124/><W75/><G18/><T2/><D2/><U1/><E1/><V59/><F128/><W41/><G41/><T37/><D64/><U81/><E62/><V98/><F47/><W97/><G28/><T45/><D37/><U113/><E113/><V50/><F15/><W92/><G80/><T67/><D67/><U29/><REACH who="1" step="1"/><E17/><REACH who="1" ten="224,292,237,237" step="2"/><V53/><F104/><W71/><G61/><T102/><D19/><U77/><AGARI ba="0,1" hai="0,5,9,25,29,34,68,70,77,81,87,94,99,103" machi="77" ten="20,12000,1" yaku="1,1,2,1,0,1,7,1,53,1" doraHai="118" doraHaiUra="23" who="1" fromWho="1" sc="224,-40,292,130,237,-40,237,-40" /><INIT seed="1,1,0,4,2,9" ten="184,422,197,197" oya="1" hai0="10,124,55,81,71,69,60,46,134,11,64,30,96" hai1="108,66,87,80,82,29,62,125,90,23,41,121,133" hai2="93,117,26,8,111,95,45,3,113,24,135,112,91" hai3="119,85,131,20,76,33,122,65,52,47,120,94,2"/><U17/><E121/><V37/><F111/><W78/><G33/><T57/><D124/><U14/><E125/><V28/><F117/><W56/><G2/><T74/><D134/><U72/><E133/><V70/><F135/><W75/><G75/><T16/><D30/><U15/><E41/><N who="2" m="22703" /><F70/><W67/><G131/><T50/><D96/><U127/><E127/><V54/><F26/><W116/><G122/><T92/><D92/><U73/><E29/><V48/><F3/><W109/><G109/><T21/><D71/><U88/><E108/><V40/><F40/><W97/><G120/><T38/><D74/><U53/><E53/><V114/><F91/><W5/><G119/><T43/><D81/><U12/><E73/><V115/><F8/><W58/><G116/><T25/><AGARI ba="1,0" hai="10,11,16,21,25,38,43,46,50,55,57,60,64,69" machi="25" ten="20,8000,1" yaku="0,1,7,1,24,2,54,1" doraHai="9" who="0" fromWho="0" sc="184,83,422,-41,197,-21,197,-21" /><INIT seed="2,0,0,3,1,118" ten="267,381,176,176" oya="2" hai0="53,21,47,42,63,49,0,18,6,24,94,97,109" hai1="101,27,135,68,44,111,31,112,82,85,54,124,39" hai2="95,74,28,1,34,36,20,35,26,131,93,134,51" hai3="15,4,127,52,56,64,125,86,65,87,57,114,14"/><V61/><F74/><W91/><G114/><T106/><D106/><U105/><E112/><V116/><F116/><W123/><G4/><T37/><D109/><U43/><E135/><V29/><F36/><W126/><G123/><T72/><D72/><U10/><E111/><V84/><F134/><W76/><G76/><T33/><D33/><U13/><E124/><V98/><F1/><W80/><G87/><T70/><D6/><U71/><E54/><V22/><F131/><W120/><G120/><T133/><D0/><U58/><E58/><V45/><F61/><N who="3" m="37927" /><G65/><T113/><D113/><U73/><E101/><V89/><F29/><W115/><G115/><T32/><D32/><U69/><E105/><V25/><F25/><W83/><G83/><T38/><D133/><U128/><E128/><V62/><F62/><AGARI ba="0,0" hai="14,15,52,57,62,80,86,91,125,126,127" m="37927" machi="62" ten="30,2000,0" yaku="18,1,54,1" doraHai="118" who="3" fromWho="2" sc="267,0,381,0,176,-20,176,20" /><INIT seed="3,0,0,2,1,39" ten="267,381,156,196" oya="3" hai0="115,92,34,54,22,16,76,131,25,83,18,85,57" hai1="98,87,102,108,51,105,48,64,26,96,41,28,12" hai2="90,20,109,120,133,111,118,121,119,95,132,10,46" hai3="19,53,37,73,70,126,110,0,17,79,116,82,69"/><W125/><G116/><N who="2" m="44585" /><F20/><W130/><G0/><T66/><D131/><U15/><E108/><N who="2" m="41547" /><F10/><W55/><G110/><T99/><D34/><U86/><E64/><V47/><F47/><W31/><G37/><T56/><D115/><U65/><E65/><V38/><F46/><W62/><G31/><T71/><D71/><N who="3" m="27145" /><G130/><T35/><D35/><U5/><E5/><V40/><F38/><W1/><G1/><T50/><D66/><U117/><E117/><V75/><F75/><W32/><G32/><T113/><D113/><U14/><E26/><V77/><F77/><W127/><G62/><T101/><D57/><U52/><E28/><AGARI ba="0,0" hai="16,18,22,25,28,50,54,56,76,83,85,92,99,101" machi="28" ten="30,3900,0" yaku="7,1,8,1,54,1" doraHai="39" who="0" fromWho="1" sc="267,39,381,-39,156,0,196,0" /><INIT seed="4,0,0,3,4,98" ten="306,342,156,196" oya="0" hai0="105,93,65,30,92,75,77,121,107,48,129,25,36" hai1="1,27,120,99,82,60,11,125,123,61,17,59,86" hai2="56,134,88,116,23,71,18,119,83,73,78,4,10" hai3="42,67,111,118,94,34,5,38,63,85,29,24,50"/><T64/><D36/><U80/><E125/><V76/><F71/><W100/><G111/><T62/><D121/><U131/><E131/><V66/><F134/><W53/><G118/><T55/><D129/><U6/><E61/><V110/><F110/><W0/><G38/><T113/><D113/><U108/><E108/><V28/><F28/><W103/><G42/><T57/><D65/><U39/><E39/><V33/><F33/><W54/><G54/><T128/><D128/><U49/><E49/><V81/><F66/><W132/><G132/><T13/><D13/><U127/><E127/><V84/><F56/><W72/><G72/><T79/><D107/><U68/><E68/><V117/><F23/><W45/><G5/><T14/><D14/><U90/><E80/><V109/><F18/><W43/><G43/><T51/><D105/><U95/><E17/><V104/><F109/><W8/><G8/><T12/><D12/><U52/><REACH who="1" step="1"/><E27/><REACH who="1" ten="306,332,156,196" step="2"/><V96/><F117/><W19/><G19/><T20/><D51/><U133/><E133/><V46/><F46/><W70/><REACH who="3" step="1"/><G0/><REACH who="3" ten="306,332,156,186" step="2"/><T31/><D31/><U40/><E40/><V135/><F135/><W44/><G44/><N who="0" m="28039" /><D75/><U22/><E22/><V35/><F35/><W114/><G114/><T87/><D20/><U41/><E41/><V32/><F32/><W2/><G2/><T89/><D30/><U122/><E122/><V115/><F115/><W102/><G102/><AGARI ba="0,2" hai="1,6,11,52,59,60,82,86,90,95,99,102,120,123" machi="102" ten="30,7700,0" yaku="1,1,7,1,52,1,54,1,53,0" doraHai="98" doraHaiUra="21" who="1" fromWho="3" sc="306,0,332,97,156,0,186,-77" /><INIT seed="5,0,0,2,3,126" ten="306,429,156,109" oya="1" hai0="18,62,16,33,104,119,122,29,58,36,132,12,111" hai1="14,127,68,90,97,134,22,87,56,102,123,131,32" hai2="20,46,13,73,0,99,57,81,24,35,76,44,88" hai3="59,128,60,3,129,115,85,26,78,65,83,47,133"/><U30/><E68/><V5/><F35/><W45/><G3/><T108/><D104/><U55/><E123/><V107/><F107/><W124/><G124/><T116/><D36/><U89/><E134/><V113/><F0/><W23/><G133/><T10/><D132/><U98/><E32/><V79/><F76/><W91/><G78/><T31/><D62/><U125/><E90/><V112/><F57/><W34/><G34/><T66/><D66/><U95/><E98/><V39/><F5/><W2/><G2/><T96/><D58/><U118/><E118/><V40/><F13/><W64/><G64/><T49/><D49/><U106/><E30/><V27/><F46/><W84/><G84/><T48/><D48/><U4/><E4/><V63/><F63/><W67/><G67/><T101/><D96/><U117/><E117/><V70/><F70/><W75/><G75/><T43/><D33/><U7/><E7/><V77/><F77/><W86/><G86/><T69/><D69/><U42/><E42/><V105/><F105/><W130/><G115/><N who="2" m="44105" /><F20/><W37/><G37/><T54/><D119/><U9/><E9/><V15/><F15/><W120/><G120/><T135/><D12/><U1/><E1/><V51/><F39/><W11/><G11/><T41/><D10/><U19/><E127/><V109/><F109/><W25/><G25/><T50/><D116/><U21/><E21/><V114/><N who="2" m="44113" /><V17/><DORA hai="121" /><F17/><AGARI ba="0,0" hai="17,23,26,45,47,59,60,65,83,85,91,128,129,130" machi="17" ten="40,8000,1" yaku="19,1,52,3" doraHai="126,121" who="3" fromWho="2" sc="306,0,429,0,156,-80,109,80" /><INIT seed="6,0,0,0,0,27" ten="306,429,76,189" oya="2" hai0="39,96,127,42,30,54,21,88,84,89,15,17,22" hai1="50,105,133,70,118,83,75,82,11,23,119,67,57" hai2="29,37,73,61,77,35,74,25,101,81,14,62,99" hai3="102,116,128,111,4,91,79,53,122,60,6,38,49"/><V28/><F37/><W12/><G38/><T78/><D39/><U94/><E105/><V9/><F74/><W7/><G116/><T2/><D2/><U107/><E107/><V5/><REACH who="2" step="1"/><F29/><REACH who="2" ten="306,429,66,189" step="2"/><W51/><G122/><T71/><D30/><U58/><E75/><V63/><F63/><W100/><G60/><T59/><D127/><U1/><E118/><V52/><F52/><W8/><G53/><T85/><D54/><U43/><E119/><V46/><F46/><W65/><G65/><T120/><D120/><U103/><E67/><V104/><AGARI ba="0,1" hai="5,9,14,25,28,35,61,62,73,77,81,99,101,104" machi="104" ten="20,12000,1" yaku="1,1,0,1,7,1,52,1,53,1" doraHai="27" doraHaiUra="93" who="2" fromWho="2" sc="306,-40,429,-40,66,130,189,-40" /><INIT seed="6,1,0,4,0,16" ten="266,389,196,149" oya="2" hai0="33,5,63,34,82,26,96,42,8,81,130,2,90" hai1="59,112,40,18,94,106,4,122,38,98,52,64,66" hai2="29,7,121,99,116,115,102,111,117,47,105,95,28" hai3="0,131,74,67,15,20,45,39,86,118,72,22,107"/><V61/><F115/><W36/><G118/><T35/><D130/><U56/><E106/><V89/><F121/><W71/><G0/><T41/><D63/><U97/><E4/><V120/><F120/><W92/><G107/><T25/><D96/><U62/><E122/><V23/><F7/><W125/><G131/><T76/><D90/><U123/><E123/><V48/><F111/><W93/><G71/><T58/><D58/><U119/><E119/><V53/><F29/><W132/><G67/><T21/><D26/><U32/><E32/><V124/><F124/><W50/><G125/><T108/><D108/><U57/><E38/><V73/><F73/><W84/><G15/><T80/><REACH who="0" step="1"/><D76/><REACH who="0" ten="256,389,196,149" step="2"/><U9/><E59/><V70/><F61/><W104/><G104/><T65/><D65/><U31/><E66/><V75/><F116/><W100/><G100/><T49/><D49/><U135/><E98/><V51/><F117/><W55/><G50/><T11/><D11/><U78/><E78/><V69/><F51/><W13/><G45/><T128/><D128/><U27/><E9/><V134/><F102/><W88/><G88/><T114/><D114/><U60/><E112/><V10/><F105/><W1/><G1/><T103/><D103/><U12/><E27/><N who="2" m="16511" /><F10/><W85/><G13/><T87/><D87/><U127/><E12/><V19/><F89/><W79/><G85/><T6/><D6/><U77/><E77/><V133/><F99/><W44/><G79/><T68/><D68/><N who="1" m="41991" /><E62/><V110/><F110/><W37/><G86/><T129/><D129/><U24/><E97/><RYUUKYOKU ba="1,1" sc="256,30,389,-10,196,-10,149,-10" hai0="2,5,8,21,25,33,34,35,41,42,80,81,82" /><INIT seed="7,2,1,0,3,25" ten="286,379,186,139" oya="3" hai0="117,39,6,113,69,34,95,80,33,3,88,46,56" hai1="35,98,115,112,57,114,123,14,49,130,68,131,63" hai2="31,15,0,32,111,109,42,44,52,24,11,119,105" hai3="86,28,121,66,45,53,65,27,41,129,74,84,76"/><W100/><G121/><T47/><D69/><U110/><E123/><V124/><F119/><W102/><G129/><N who="1" m="49162" /><E35/><V21/><F105/><W71/><G53/><T12/><D56/><U62/><E110/><V75/><BYE who="3" /><F75/><W87/><G87/><T29/><D12/><U135/><E135/><V22/><F124/><W120/><G120/><T43/><D47/><U58/><E98/><V7/><F52/><W97/><G97/><T17/><D17/><U78/><E78/><V116/><F116/><W127/><G127/><T118/><D113/><U96/><E96/><V89/><F89/><W128/><G128/><T64/><D64/><UN n3="%E8%9B%99%E3%81%AE%E7%8E%8B" /><U2/><E2/><V5/><F5/><W93/><G74/><T108/><D80/><U91/><E91/><V18/><F22/><N who="3" m="15479" /><G71/><T79/><D108/><U67/><E14/><V104/><F104/><W54/><G41/><T60/><D43/><U90/><E90/><V77/><F77/><W36/><G36/><AGARI ba="2,1" hai="0,7,11,15,18,21,24,31,32,36,42,44,109,111" machi="36" ten="30,7700,0" yaku="7,1,24,2,52,1" doraHai="25" who="2" fromWho="3" sc="286,0,379,0,186,93,139,-83" owari="286,9.0,379,47.0,279,-12.0,56,-44.0" /></mjloggm>