<mjloggm ver="2.3"><GO type="169" lobby="0"/><UN n0="%EF%BC%AD%EF%BD%89%EF%BD%93%EF%BD%88%EF%BD%81%EF%BD%8E" n1="%E6%88%B0%E5%A0%B4%E3%83%B6%E5%8E%9F%E3%81%B2%E3%81%9F%E3%81%8E" n2="%E4%B8%89%E8%89%B2%E5%90%8C%E5%88%BB%E2%98%86" n3="%E3%82%A6%E3%83%AB%E3%83%88%E3%83%A9%E7%AB%8B%E7%9B%B4" dan="17,16,18,18" rate="2235.26,2115.80,2191.89,2248.28" sx="M,F,M,M"/><TAIKYOKU oya="0"/><INIT seed="0,0,0,2,1,47" ten="250,250,250,250" oya="0" hai0="32,8,130,114,11,97,41,5,4,86,124,76,64" hai1="51,34,67,19,100,65,133,135,42,3,123,57,36" hai2="74,120,131,43,82,1,45,23,117,16,0,85,112" hai3="9,71,81,127,22,103,77,73,70,52,24,134,91"/><T25/><D114/><U99/><E3/><V38/><F112/><W13/><G103/><T12/><D64/><U95/><E123/><V35/><F120/><W21/><G127/><T54/><D124/><U108/><E34/><V7/><F35/><W90/><G134/><N who="1" m="51210" /><E108/><V27/><F131/><W128/><G128/><T10/><D130/><U113/><E113/><V96/><F117/><W68/><G52/><T80/><D97/><U79/><E79/><V53/><F96/><W109/><G109/><T98/><D98/><U83/><E83/><V15/><F74/><W46/><G46/><T56/><D41/><U121/><E121/><V110/><F110/><W107/><G107/><T44/><D44/><N who="1" m="23623" /><E19/><V122/><F122/><W115/><G115/><T75/><D75/><U6/><E6/><V105/><F105/><W33/><G33/><T49/><REACH who="0" step="1"/><D5/><REACH who="0" ten="240,250,250,250" step="2"/><U29/><E67/><V30/><F7/><W119/><G73/><T93/><D93/><U101/><E65/><V118/><F118/><W78/><G119/><T26/><D26/><U125/><E125/><V84/><F53/><W18/><G24/><T102/><D102/><U55/><E100/><V39/><F85/><W2/><G71/><T14/><D14/><U50/><E29/><AGARI ba="0,1" hai="4,8,10,11,12,25,29,32,49,54,56,76,80,86" machi="29" ten="40,3900,0" yaku="1,1,52,1,53,0" doraHai="47" doraHaiUra="126" who="0" fromWho="1" sc="240,49,250,-39,250,0,250,0" /><INIT seed="0,1,0,0,5,89" ten="289,211,250,250" oya="0" hai0="104,47,26,83,80,100,129,107,92,23,6,52,111" hai1="134,57,73,105,11,33,8,77,110,90,61,65,37" hai2="13,91,98,82,39,9,117,43,28,51,42,121,123" hai3="25,44,78,29,49,115,62,69,118,15,106,56,14"/><T88/><D129/><U71/><E110/><V101/><F117/><W97/><G115/><T34/><D34/><U53/><E105/><V126/><F126/><W99/><G78/><T122/><D122/><U10/><E33/><V68/><F39/><W81/><G81/><T32/><D32/><U85/><E134/><V67/><F28/><W24/><G69/><T45/><D107/><U116/><E116/><V0/><F0/><W31/><G118/><T4/><D100/><U113/><E113/><V84/><F67/><W102/><G97/><N who="0" m="57479" /><D47/><U66/><E37/><V114/><F68/><W3/><G3/><T120/><D104/><U132/><E132/><V72/><F72/><W133/><G102/><T119/><D120/><U103/><E103/><V64/><F114/><W22/><G106/><T124/><D124/><U35/><E35/><V48/><F123/><W70/><G70/><T17/><D119/><U41/><E41/><V86/><F121/><W135/><G135/><T55/><D111/><U20/><E71/><V87/><F43/><W131/><G131/><T54/><D45/><U5/><E5/><AGARI ba="1,0" hai="4,5,6,17,23,26,52,54,55,80,83" m="57479" machi="5" ten="30,11600,0" yaku="8,1,52,1,54,2" doraHai="89" who="0" fromWho="1" sc="289,119,211,-119,250,0,250,0" /><INIT seed="0,2,0,5,5,62" ten="408,92,250,250" oya="0" hai0="70,22,63,40,65,128,61,93,89,69,43,46,47" hai1="58,129,21,9,12,27,44,1,5,0,91,109,86" hai2="67,13,101,71,123,115,2,135,17,85,57,82,30" hai3="24,59,100,132,39,76,3,11,33,29,119,50,18"/><T37/><D128/><U51/><E129/><V121/><F115/><W81/><G119/><T117/><D117/><U35/><E109/><V34/><F2/><W73/><G100/><T92/><D22/><U74/><E74/><V23/><F135/><W72/><G132/><T126/><D89/><U75/><E75/><V133/><F133/><W114/><G114/><T104/><D104/><U134/><E134/><V77/><F71/><W103/><G103/><T31/><D31/><U38/><E35/><V16/><F101/><W90/><G90/><T80/><D80/><U68/><E68/><V19/><F34/><W10/><G72/><T45/><D126/><U26/><E26/><N who="2" m="16735" /><F123/><W108/><G108/><T14/><D14/><U94/><E58/><V6/><F121/><W116/><G116/><T118/><D118/><U112/><E38/><V130/><F130/><W41/><G3/><T4/><D4/><U127/><E127/><V25/><F25/><W60/><G39/><T106/><D106/><U88/><E91/><V32/><F32/><W105/><G18/><T78/><D78/><U102/><E102/><V56/><F67/><W55/><G105/><T124/><D124/><U111/><E111/><V52/><F52/><W79/><G79/><T66/><D47/><U113/><E113/><V28/><F28/><W49/><G73/><T122/><D122/><U131/><E131/><V7/><F7/><W42/><G76/><T48/><AGARI ba="2,0" hai="37,40,43,45,46,48,61,63,65,66,69,70,92,93" machi="48" ten="20,12000,1" yaku="0,1,7,1,9,1,52,2" doraHai="62" who="0" fromWho="0" sc="408,126,92,-42,250,-42,250,-42" /><INIT seed="0,3,0,5,3,47" ten="534,50,208,208" oya="0" hai0="43,121,46,128,10,86,34,21,98,127,131,16,14" hai1="111,79,73,57,24,84,66,130,70,35,134,2,22" hai2="48,96,94,61,7,53,108,55,133,90,112,99,115" hai3="3,91,42,59,93,74,123,65,118,113,88,129,8"/><T87/><D34/><U51/><E130/><N who="0" m="49705" /><D121/><U104/><E2/><V109/><F133/><W0/><G74/><T77/><D127/><U120/><E104/><V126/><F7/><W125/><G59/><T40/><D98/><U83/><E35/><V19/><F126/><W110/><G93/><T76/><D43/><U58/><E120/><V52/><F19/><W18/><G18/><T81/><D21/><U32/><E32/><V85/><F61/><W17/><G91/><N who="0" m="51663" /><D87/><U23/><E23/><V64/><F64/><W27/><G65/><T69/><D69/><U107/><BYE who="0" /><E111/><N who="2" m="42571" /><F48/><W116/><G129/><T106/><D106/><U41/><E107/><V72/><F72/><W102/><G125/><T124/><D124/><U62/><E134/><UN n0="%EF%BC%AD%EF%BD%89%EF%BD%93%EF%BD%88%EF%BD%81%EF%BD%8E" /><V67/><F67/><W50/><G123/><T31/><D31/><U33/><E33/><V82/><F99/><W4/><G42/><T75/><D75/><U9/><E73/><V26/><F26/><W103/><G27/><T44/><D44/><U15/><E24/><V80/><F80/><W117/><G110/><T71/><D71/><U45/><REACH who="1" step="1"/><E22/><REACH who="1" ten="534,40,208,208" step="2"/><V37/><F37/><AGARI ba="3,1" hai="10,14,16,37,40,46,76,77" m="51663,49705" machi="37" ten="30,2900,0" yaku="19,1,54,1" doraHai="47" who="0" fromWho="2" sc="534,48,40,0,208,-38,208,0" /><INIT seed="0,4,0,3,4,47" ten="582,40,170,208" oya="0" hai0="129,2,84,105,131,121,35,132,111,120,34,128,64" hai1="86,104,134,58,119,87,114,115,99,89,17,11,65" hai2="109,93,39,56,6,125,29,118,68,74,42,63,40" hai3="75,73,19,67,80,83,33,49,48,22,5,61,31"/><T126/><D84/><U133/><E119/><V70/><F74/><W30/><G5/><T50/><D105/><U21/><E11/><V62/><F6/><W9/><G9/><T15/><D64/><U88/><E65/><V92/><F109/><W127/><G67/><T41/><D2/><U108/><E58/><V3/><F56/><W14/><G22/><T8/><D111/><U94/><E108/><V77/><F77/><W78/><G19/><T37/><D37/><U122/><E122/><V97/><F39/><W82/><G82/><T54/><D41/><U101/><E17/><V20/><F20/><W55/><G14/><T10/><D126/><U52/><E52/><V66/><F66/><W16/><G16/><N who="0" m="8295" /><D132/><N who="1" m="50795" /><E21/><V26/><F125/><W98/><G127/><T23/><D23/><U110/><E110/><V32/><F32/><N who="0" m="12330" /><D10/><U135/><N who="1" m="50803" /><U112/><DORA hai="95" /><E115/><V90/><F3/><W45/><G33/><T107/><D107/><U69/><E69/><V116/><F70/><W18/><G30/><T76/><D76/><U43/><E43/><N who="2" m="16427" /><F68/><W46/><G78/><T100/><D100/><U85/><E86/><N who="2" m="52311" /><F29/><W24/><G31/><T12/><D12/><U96/><E85/><V13/><F13/><W0/><G0/><T59/><AGARI ba="4,0" hai="50,54,59,120,121,128,129,131" m="12330,8295" machi="59" ten="40,7800,0" yaku="19,1,52,1,54,1" doraHai="47,95" who="0" fromWho="0" sc="582,90,40,-30,170,-30,208,-30" /><INIT seed="0,5,0,1,2,2" ten="672,10,140,178" oya="0" hai0="133,71,31,69,114,67,43,111,102,81,0,1,11" hai1="82,22,51,104,123,64,55,30,106,4,32,66,39" hai2="92,47,70,3,27,58,50,103,132,8,13,29,23" hai3="129,10,99,117,107,20,120,135,115,6,108,18,97"/><T77/><D114/><U59/><E39/><V52/><F70/><W125/><G107/><T72/><D133/><U105/><E123/><V57/><F3/><W44/><G117/><T25/><D0/><U63/><E32/><V76/><F76/><W80/><G115/><T100/><D100/><U33/><E33/><V95/><F132/><W41/><G135/><T84/><D84/><U7/><E82/><V53/><F103/><W113/><G113/><T48/><D102/><U75/><E75/><V15/><F15/><W124/><G80/><T112/><D112/><U21/><E64/><V109/><F109/><W122/><G108/><T119/><D119/><U110/><E110/><V12/><F12/><N who="3" m="5207" /><G129/><T68/><D111/><U98/><E98/><V49/><F47/><W87/><G87/><T61/><D48/><U83/><E83/><V121/><F121/><N who="3" m="46699" /><G99/><T28/><D43/><U54/><E54/><V74/><F74/><W79/><G97/><T65/><D65/><U131/><E131/><V16/><AGARI ba="5,0" hai="8,13,16,23,27,29,49,50,52,53,57,58,92,95" machi="16" ten="20,12000,2" yaku="0,1,7,1,9,1,8,1,54,2" doraHai="2" who="2" fromWho="2" sc="672,-65,10,-35,140,135,178,-35" owari="607,71.0,-25,-53.0,275,8.0,143,-26.0" /></mjloggm>