<mjloggm ver="2.3"><GO type="169" lobby="0"/><UN n0="%43%4C%53" n1="%E3%83%88%E3%83%88%E3%83%AA%E5%85%88%E7%94%9F%31%39%E6%AD%B3" n2="%E3%81%90%E3%81%BF%E3%82%83%E3%81%99" n3="%E3%83%95%E3%83%AB%E3%82%B9%E3%82%A4%E3%83%B3%E3%82%B0%E7%B6%BE%E5%A5%88" dan="18,19,17,16" rate="2225.71,2284.41,2203.11,2034.20" sx="M,F,M,F"/><TAIKYOKU oya="0"/><INIT seed="0,0,0,3,5,44" ten="250,250,250,250" oya="0" hai0="30,42,36,12,65,122,66,41,58,69,35,5,114" hai1="28,11,109,45,80,46,25,51,63,74,131,38,37" hai2="15,127,32,134,53,7,107,1,135,39,48,103,98" hai3="68,112,67,21,72,0,55,78,4,106,13,6,17"/><T116/><D114/><U77/><E109/><V79/><F39/><W108/><G108/><T40/><D116/><U49/><E131/><V89/><F1/><W111/><G106/><T113/><D113/><U43/><E63/><V19/><F7/><W31/><G112/><T75/><D122/><U2/><E11/><V10/><F32/><W61/><G0/><T24/><D75/><U70/><E70/><V50/><F79/><W132/><G111/><T82/><D69/><U128/><E2/><V115/><F115/><W71/><G71/><T81/><D36/><U99/><E99/><V133/><F127/><W8/><G132/><T124/><D124/><U88/><E88/><V34/><F34/><W59/><G72/><T60/><REACH who="0" step="1"/><D66/><REACH who="0" ten="240,250,250,250" step="2"/><U120/><E120/><V93/><REACH who="2" step="1"/><F53/><REACH who="2" ten="240,250,240,250" step="2"/><W3/><G55/><T101/><D101/><U57/><E38/><V125/><F125/><W84/><G68/><T62/><D62/><U121/><E37/><V26/><F26/><N who="3" m="16847" /><G3/><T105/><D105/><U90/><E121/><V97/><AGARI ba="0,2" hai="10,15,19,48,50,89,93,97,98,103,107,133,134,135" machi="97" ten="40,8000,1" yaku="1,1,0,1,20,1,52,2,53,0" doraHai="44" doraHaiUra="64" who="2" fromWho="2" sc="240,-40,250,-20,240,100,250,-20" /><INIT seed="1,0,0,3,0,37" ten="200,230,340,230" oya="1" hai0="119,106,104,6,13,111,8,47,5,102,31,93,79" hai1="86,92,52,123,36,12,17,64,107,118,81,69,90" hai2="20,128,53,96,122,11,32,50,0,77,76,113,21" hai3="98,74,112,4,39,1,29,105,126,61,58,60,73"/><U99/><E118/><V72/><F32/><W135/><G112/><T78/><D119/><U10/><E123/><V46/><F122/><W134/><G39/><T2/><D111/><U44/><E69/><V38/><F128/><W25/><G126/><T82/><D31/><U63/><E64/><V54/><F113/><W15/><G1/><T89/><D102/><U48/><E36/><V125/><F125/><W83/><G4/><T116/><D116/><U19/><E107/><V42/><F54/><W41/><G15/><T84/><D79/><U68/><E68/><V55/><F55/><W114/><G114/><T101/><D101/><U23/><E63/><V110/><F110/><W65/><G61/><T40/><D6/><U87/><REACH who="1" step="1"/><E81/><REACH who="1" ten="200,220,340,230" step="2"/><V75/><F38/><W132/><G83/><T27/><D2/><U100/><E100/><V33/><F50/><W24/><G105/><T22/><D82/><U70/><E70/><V129/><F0/><W85/><G65/><T120/><D120/><U7/><E7/><V59/><F129/><W66/><G66/><T26/><D106/><U115/><E115/><V103/><F103/><W67/><G67/><T121/><D104/><U18/><E18/><V91/><F75/><W45/><G73/><T34/><D121/><U35/><E35/><V94/><F33/><W3/><G74/><T88/><D34/><U108/><E108/><V127/><F72/><W124/><G60/><T43/><D5/><U117/><E117/><V80/><F127/><W51/><G124/><T71/><D71/><U57/><E57/><V9/><F59/><RYUUKYOKU ba="0,1" sc="200,-10,220,30,340,-10,230,-10" hai1="10,12,17,19,23,44,48,52,86,87,90,92,99" /><INIT seed="1,1,1,4,5,79" ten="190,250,330,220" oya="1" hai0="32,46,65,133,114,45,101,124,11,104,44,95,128" hai1="109,132,56,14,8,123,122,90,77,36,131,60,70" hai2="89,98,23,4,16,43,27,78,41,134,57,40,121" hai3="88,12,66,35,26,119,130,125,51,67,55,1,69"/><U50/><E36/><V107/><F121/><W25/><G1/><T73/><D114/><U81/><E131/><V61/><F134/><W33/><G130/><T72/><D128/><U126/><E132/><V68/><F68/><W86/><G125/><T10/><D133/><U37/><E37/><V117/><F117/><W85/><G119/><T17/><D124/><U9/><E126/><V5/><F78/><W75/><G75/><T82/><D104/><U116/><E116/><V113/><F113/><W52/><G12/><T63/><D32/><U34/><E34/><V108/><F108/><W84/><G88/><T93/><D17/><U49/><E70/><V106/><F106/><W29/><G69/><T97/><D93/><U87/><E109/><V19/><F19/><W58/><G55/><T103/><D103/><U83/><E122/><V112/><F107/><W6/><G6/><T20/><D20/><U0/><E0/><V31/><F31/><AGARI ba="1,1" hai="25,26,29,31,33,35,51,52,58,66,67,84,85,86" machi="31" ten="40,2600,0" yaku="9,1,54,1" doraHai="79" who="3" fromWho="2" sc="190,0,250,0,330,-29,220,39" /><INIT seed="2,0,0,2,3,43" ten="190,250,301,259" oya="2" hai0="45,3,30,8,118,87,102,21,58,131,13,128,9" hai1="34,55,62,114,18,94,125,79,93,91,7,42,29" hai2="133,122,49,127,46,59,111,115,110,116,130,39,117" hai3="129,44,26,132,126,105,16,35,98,72,31,67,48"/><V84/><F84/><W134/><G72/><T6/><D102/><U53/><E114/><V108/><F115/><W54/><G126/><T109/><D58/><U82/><E125/><V23/><F127/><W1/><G1/><T104/><D104/><U28/><E7/><V56/><F122/><W33/><G33/><T2/><D87/><U95/><E91/><V36/><F23/><W90/><G129/><N who="0" m="49739" /><D109/><U106/><E106/><V12/><F12/><W51/><G67/><T76/><D76/><U65/><E18/><V100/><F100/><W57/><G105/><T24/><D45/><U81/><E34/><V20/><F20/><W4/><G98/><T74/><D74/><U41/><E94/><V25/><F25/><W22/><G90/><T66/><D66/><U99/><E65/><V86/><F86/><W83/><G83/><T37/><D37/><N who="2" m="14410" /><F133/><W64/><G4/><N who="0" m="3239" /><D2/><U14/><E79/><V103/><F103/><W70/><G70/><T78/><D78/><U121/><E99/><V52/><F130/><W73/><G73/><T27/><D27/><U97/><E97/><V124/><F124/><W38/><G38/><T32/><D32/><U92/><E92/><V17/><F17/><W50/><G64/><T40/><D30/><U75/><E75/><V63/><F59/><W19/><G35/><T119/><D21/><U113/><E113/><V89/><F89/><W107/><G107/><T135/><D135/><U120/><E14/><V101/><F101/><W11/><G132/><T112/><D112/><U88/><E88/><V68/><F68/><W47/><G134/><RYUUKYOKU ba="0,0" sc="190,-15,250,15,301,15,259,-15" hai1="28,29,41,42,53,55,62,81,82,93,95,120,121" hai2="46,49,52,56,63,108,110,111,116,117" /><INIT seed="2,1,0,5,4,67" ten="175,265,316,244" oya="2" hai0="125,95,44,14,45,107,18,92,82,124,59,122,27" hai1="57,123,72,98,120,55,76,77,34,56,83,99,128" hai2="130,35,114,74,103,116,60,73,12,78,49,62,119" hai3="5,105,89,43,17,47,113,42,20,104,23,94,121"/><V111/><F35/><W0/><G121/><N who="1" m="46666" /><E34/><V46/><F114/><W90/><G113/><T38/><D107/><U65/><E128/><V8/><F130/><W70/><G70/><T2/><D2/><U26/><E26/><V86/><F103/><W54/><G54/><T11/><D122/><U4/><E4/><V133/><F133/><W118/><G118/><T71/><D82/><N who="1" m="45319" /><E65/><V109/><F74/><W6/><G0/><T80/><D80/><U58/><E55/><V96/><F73/><AGARI ba="1,0" hai="56,57,58,73,77,83,98,99" m="45319,46666" machi="73" ten="30,1000,0" yaku="13,1" doraHai="67" who="1" fromWho="2" sc="175,0,265,13,316,-13,244,0" /><INIT seed="3,0,0,2,0,133" ten="175,278,303,244" oya="3" hai0="89,97,51,56,21,76,123,10,39,64,113,118,30" hai1="57,72,14,13,46,63,88,20,69,100,17,28,86" hai2="37,129,135,90,33,29,44,22,77,85,122,109,132" hai3="126,128,116,32,58,67,105,125,96,91,18,41,114"/><W82/><G114/><T34/><D118/><U23/><E72/><V7/><F33/><W31/><G116/><T120/><D113/><U106/><E69/><V52/><F7/><W102/><G128/><T66/><D39/><U134/><E134/><N who="2" m="51243" /><F77/><W92/><G41/><T70/><D34/><U4/><E106/><V49/><F29/><W98/><G18/><T1/><D76/><U127/><E127/><N who="3" m="48650" /><G82/><T78/><D120/><U54/><E4/><V84/><F122/><W81/><G81/><T11/><D123/><U131/><E131/><V75/><F37/><W35/><G31/><T80/><D80/><U71/><E28/><V60/><F129/><W12/><G12/><T36/><D30/><U27/><E14/><V6/><F6/><W59/><G59/><T111/><D56/><U15/><E46/><V121/><F44/><W99/><G96/><T73/><D97/><U115/><E115/><V24/><F121/><W124/><N who="3" m="48658" /><W101/><DORA hai="107" /><G101/><T5/><D5/><U55/><E100/><V42/><F42/><W74/><G74/><T79/><D73/><U40/><E40/><V103/><F75/><W104/><G104/><T95/><D36/><U130/><E130/><V87/><F103/><W110/><G110/><T38/><D38/><U93/><E71/><V19/><F109/><W47/><G47/><T83/><D70/><U112/><E112/><V62/><F90/><W65/><G65/><T53/><D66/><N who="1" m="39279" /><E27/><V61/><F52/><N who="1" m="20009" /><E13/><V94/><F94/><W3/><G3/><T16/><D111/><U117/><E117/><V108/><F108/><RYUUKYOKU ba="0,0" sc="175,-30,278,10,303,10,244,10" hai1="15,17,20,23,86,88,93" hai2="19,22,24,49,60,61,62,84,85,87" hai3="32,35,58,67,91,92,98,99,102,105" /><INIT seed="3,1,0,0,5,88" ten="145,288,313,254" oya="3" hai0="81,108,124,43,23,44,111,48,10,109,69,119,42" hai1="117,78,95,24,68,110,49,134,54,73,84,28,104" hai2="32,106,93,82,33,97,26,21,70,92,19,13,74" hai3="7,47,40,59,79,27,1,36,65,2,11,128,58"/><W66/><G1/><T12/><D119/><U102/><E68/><V50/><F70/><W103/><G128/><T35/><D35/><U126/><E110/><V121/><F121/><W45/><G45/><T123/><D123/><U8/><E126/><V29/><F33/><W5/><G5/><T3/><D124/><U6/><E134/><V105/><F92/><W99/><G79/><T4/><D69/><U39/><E39/><V89/><REACH who="2" step="1"/><F50/><REACH who="2" ten="145,288,303,254" step="2"/><W37/><G37/><T30/><D81/><U125/><E125/><V61/><F61/><W85/><G36/><T46/><D111/><U67/><E95/><V20/><F20/><W132/><G132/><T76/><D109/><U71/><E117/><V107/><F107/><W100/><G100/><T18/><D108/><U0/><E104/><V25/><F25/><W120/><G120/><T77/><D30/><U34/><E102/><V113/><F113/><W86/><G27/><T133/><D133/><U94/><E24/><V135/><F135/><W122/><G122/><T9/><D23/><U127/><E127/><V41/><F41/><W16/><G40/><T115/><D115/><U62/><E28/><V31/><F31/><W15/><G103/><T101/><D101/><U83/><E34/><V116/><F116/><W56/><G99/><T51/><AGARI ba="1,1" hai="3,4,9,10,12,18,42,43,44,46,48,51,76,77" machi="51" ten="20,2700,0" yaku="0,1,7,1,9,1" doraHai="88" who="0" fromWho="0" sc="145,40,288,-8,303,-8,254,-14" /><INIT seed="4,0,0,4,5,58" ten="185,280,295,240" oya="0" hai0="16,86,62,122,29,92,17,36,70,11,65,95,79" hai1="31,123,59,43,74,56,85,91,13,110,28,2,47" hai2="94,8,76,5,83,125,133,23,68,126,45,40,78" hai3="46,0,49,52,44,112,39,57,109,67,10,77,121"/><T102/><D122/><U135/><E110/><V22/><F68/><W72/><G109/><T106/><D36/><U30/><E123/><V35/><F35/><W1/><G121/><T42/><D42/><U130/><E2/><V53/><F53/><W12/><G112/><T90/><D79/><U63/><E74/><V120/><F94/><W87/><G72/><T15/><D29/><U18/><E130/><V80/><F120/><W21/><G21/><T25/><D106/><U104/><E104/><V37/><F80/><W71/><G46/><T115/><D115/><U19/><E59/><V33/><F33/><W64/><G77/><T34/><D34/><U84/><E135/><V132/><F78/><W27/><G27/><T117/><D117/><U41/><E19/><V93/><F93/><W97/><G87/><N who="1" m="33354" /><E91/><V89/><F89/><W26/><G97/><T103/><REACH who="0" step="1"/><D95/><REACH who="0" ten="175,280,295,240" step="2"/><U128/><E128/><V20/><F76/><W14/><G39/><T111/><D111/><U48/><E41/><V7/><F83/><W88/><G71/><T119/><D119/><U32/><E32/><V24/><F133/><W113/><G113/><T50/><D50/><U116/><E116/><V73/><F132/><W131/><G131/><T69/><D69/><U107/><E107/><V9/><F73/><W6/><G49/><T81/><D81/><U96/><E31/><V99/><F24/><W134/><G134/><T60/><D60/><U55/><E96/><V54/><F99/><W100/><G26/><T66/><D66/><N who="1" m="39271" /><E43/><V51/><F40/><W82/><G67/><T98/><D98/><RYUUKYOKU ba="0,1" sc="175,15,280,15,295,-15,240,-15" hai0="11,15,16,17,25,62,65,70,86,90,92,102,103" hai1="13,18,28,30,47,48,55" /><INIT seed="4,1,1,3,0,75" ten="190,295,280,225" oya="0" hai0="2,28,51,43,77,88,36,127,20,19,102,59,128" hai1="126,106,70,124,5,14,130,63,52,56,44,46,74" hai2="120,47,4,66,101,112,99,0,131,79,95,62,71" hai3="61,125,68,78,80,42,111,29,40,85,90,76,73"/><T8/><D28/><U10/><E106/><V33/><F33/><W7/><G111/><T54/><D127/><N who="1" m="48683" /><E130/><V89/><F112/><W87/><G125/><T22/><D128/><U24/><E74/><V116/><F120/><W13/><G29/><T109/><D109/><U117/><E117/><V16/><F131/><W132/><G73/><T86/><D102/><U113/><E113/><V65/><F65/><W104/><G104/><T135/><D135/><U32/><E70/><V3/><F4/><W91/><G132/><T23/><D36/><U9/><E9/><V37/><F79/><N who="3" m="30251" /><G68/><T98/><D43/><U57/><E57/><V122/><F122/><W48/><G61/><T30/><D2/><U134/><E134/><V84/><F116/><W17/><G48/><T60/><D30/><AGARI ba="1,1" hai="5,10,14,24,30,32,44,46,52,56,63" m="48683" machi="30" ten="30,2000,0" yaku="18,1,54,1" doraHai="75" who="1" fromWho="0" sc="190,-23,295,33,280,0,225,0" /><INIT seed="5,0,0,5,3,41" ten="167,328,280,225" oya="1" hai0="2,78,83,99,120,119,14,96,124,121,31,46,57" hai1="6,123,111,37,114,109,75,16,62,81,87,1,56" hai2="115,59,105,122,44,129,80,55,106,132,27,50,67" hai3="29,110,21,40,112,7,34,128,54,71,47,65,5"/><U86/><E123/><V33/><F122/><W73/><G73/><T18/><D2/><U130/><E114/><V52/><F67/><W28/><G110/><N who="1" m="41994" /><E130/><V61/><F132/><W3/><G34/><T84/><D119/><U100/><E37/><V82/><F129/><W77/><G77/><T45/><D124/><U38/><E38/><V49/><F61/><W97/><G112/><T133/><D133/><U108/><E100/><V17/><F115/><W116/><G128/><T117/><D117/><U30/><E30/><V74/><F17/><W92/><G116/><T98/><D31/><U127/><E127/><V35/><F82/><W95/><G28/><T64/><D121/><U36/><E36/><V58/><F27/><W101/><G3/><T24/><D24/><U69/><E69/><V107/><REACH who="2" step="1"/><F58/><REACH who="2" ten="167,328,270,225" step="2"/><W26/><G71/><T79/><D120/><U12/><E81/><V10/><F10/><W19/><G65/><T113/><D113/><U94/><E56/><V22/><F22/><W126/><G126/><T63/><D78/><AGARI ba="0,1" hai="33,35,44,49,50,52,55,59,74,78,80,105,106,107" machi="78" ten="40,8000,1" yaku="1,1,52,1,54,1,53,1" doraHai="41" doraHaiUra="43" who="2" fromWho="0" sc="167,-80,328,0,270,90,225,0" /><INIT seed="6,0,0,4,0,26" ten="87,328,360,225" oya="2" hai0="123,17,108,92,31,36,71,97,50,40,84,23,112" hai1="27,102,109,75,59,4,22,19,74,62,67,37,43" hai2="110,126,114,46,70,24,28,104,10,63,55,128,133" hai3="53,9,82,49,113,125,8,58,134,14,91,47,51"/><V96/><F114/><W48/><G113/><T122/><D36/><U117/><E109/><V34/><F126/><W73/><G125/><T99/><D112/><U118/><E4/><V52/><F128/><W101/><G101/><T88/><D108/><U76/><E37/><V39/><F110/><W121/><G121/><T64/><D122/><U85/><E43/><N who="2" m="22911" /><F10/><W57/><G9/><T106/><D123/><U65/><E65/><N who="2" m="41279" /><F133/><W115/><G134/><T93/><D106/><U103/><E85/><V60/><F60/><N who="3" m="35887" /><G73/><T66/><D71/><U86/><E86/><V35/><F35/><W11/><G11/><T120/><D120/><U90/><E90/><V12/><F12/><W100/><G100/><AGARI ba="0,0" hai="24,28,34,52,55,96,100,104" m="41279,22911" machi="100" ten="30,5800,0" yaku="25,1,52,1,54,1" doraHai="26" who="2" fromWho="3" sc="87,0,328,0,360,58,225,-58" /><INIT seed="6,1,0,1,3,62" ten="87,328,418,167" oya="2" hai0="65,34,52,108,12,50,27,117,73,45,130,122,11" hai1="25,42,68,48,110,107,53,18,132,67,24,89,44" hai2="23,91,76,104,16,105,40,135,29,114,80,15,9" hai3="88,17,74,98,99,81,70,127,35,100,3,75,6"/><V55/><F114/><W83/><G35/><T19/><D122/><U103/><E110/><V60/><F135/><W30/><G30/><T121/><D121/><U10/><E132/><V58/><F40/><W118/><G70/><T39/><D108/><U85/><E107/><V116/><F116/><W95/><G17/><T4/><D117/><U51/><E103/><V131/><F131/><W106/><G6/><T92/><D130/><U129/><E129/><V20/><F91/><W33/><G33/><T31/><D73/><N who="3" m="27657" /><G3/><T79/><D79/><U90/><E90/><V125/><F125/><W14/><G14/><T78/><D78/><U22/><E10/><V120/><F120/><W49/><G49/><T8/><D39/><U32/><E32/><V72/><REACH who="2" step="1"/><F9/><REACH who="2" ten="87,328,408,167" step="2"/><W77/><G118/><T124/><D124/><U123/><E123/><V41/><F41/><W119/><G119/><T112/><D112/><U5/><E89/><V113/><F113/><W66/><G127/><T109/><D109/><U57/><E42/><V0/><F0/><W28/><G88/><T43/><D43/><U69/><E44/><V133/><F133/><W134/><G134/><T94/><REACH who="0" step="1"/><D65/><REACH who="0" ten="77,328,408,167" step="2"/><U2/><E67/><V64/><F64/><W13/><G66/><T102/><D102/><U96/><E69/><V7/><F7/><W56/><G100/><T93/><D93/><U82/><E68/><V71/><F71/><W84/><G95/><T59/><D59/><U97/><E57/><V111/><F111/><W101/><G56/><T38/><D38/><U115/><E115/><V87/><F87/><RYUUKYOKU ba="1,2" sc="77,15,328,-15,408,15,167,-15" hai0="4,8,11,12,19,27,31,34,45,50,52,92,94" hai2="15,16,20,23,29,55,58,60,72,76,80,104,105" /><INIT seed="6,2,2,4,2,127" ten="92,313,423,152" oya="2" hai0="95,108,77,61,102,103,101,0,122,91,6,123,72" hai1="99,116,89,24,53,93,111,74,10,81,29,129,75" hai2="85,38,92,118,19,31,40,17,59,62,120,68,133" hai3="45,51,84,47,69,119,125,60,135,82,32,64,3"/><V105/><F105/><W14/><G3/><T71/><D0/><U48/><E111/><V43/><F118/><W26/><G119/><T109/><D6/><U94/><E116/><V15/><F120/><N who="0" m="46122" /><D61/><U36/><E36/><V86/><F68/><W63/><G125/><T115/><D71/><U112/><E112/><V35/><F31/><W67/><G14/><T90/><D115/><U88/><E129/><V76/><F133/><W27/><G135/><T52/><D52/><U124/><E81/><N who="2" m="47271" /><F35/><W50/><G32/><T30/><D30/><U37/><E37/><V5/><F5/><W57/><G50/><T56/><D56/><U107/><E107/><V130/><F130/><W11/><G11/><T110/><D95/><U79/><E124/><V114/><F114/><W98/><G47/><T83/><AGARI ba="2,2" hai="72,77,83,90,91,101,102,103,108,109,110" m="46122" machi="83" ten="40,2700,0" yaku="34,2" doraHai="127" who="0" fromWho="0" sc="92,53,313,-9,423,-15,152,-9" /><INIT seed="7,0,0,0,5,99" ten="145,304,408,143" oya="3" hai0="0,127,25,9,42,126,116,21,94,69,4,72,79" hai1="16,64,62,38,46,130,118,52,135,117,1,100,59" hai2="108,43,14,133,45,27,50,107,75,57,31,123,8" hai3="19,103,77,121,114,40,92,124,61,28,70,101,76"/><W12/><G121/><T102/><D116/><U66/><E1/><V20/><F108/><W74/><G114/><T30/><D69/><U81/><E81/><V98/><F75/><W119/><G119/><N who="1" m="45578" /><E130/><V78/><F78/><N who="3" m="30315" /><G70/><T91/><D79/><U35/><E35/><V58/><F123/><W67/><G74/><T22/><D72/><U49/><E135/><V97/><F133/><W56/><G124/><N who="0" m="47659" /><D102/><N who="3" m="38921" /><G28/><T53/><D42/><N who="1" m="22871" /><E16/><N who="2" m="8263" /><F107/><W60/><G60/><T125/><D125/><U51/><E100/><V3/><F3/><W37/><G37/><T24/><D0/><U109/><E109/><V73/><F73/><W36/><G36/><T11/><D30/><U26/><E26/><V84/><F84/><W87/><G40/><T96/><D24/><U95/><E95/><V5/><F5/><W23/><G92/><T48/><D25/><U34/><E34/><V33/><F33/><W131/><G131/><T17/><D4/><U105/><E105/><V55/><F43/><W111/><G111/><T44/><D17/><U134/><E134/><V10/><F27/><W2/><G2/><T89/><D89/><U6/><E6/><V13/><F31/><W71/><G71/><T115/><D115/><U93/><E93/><V104/><F104/><W41/><G41/><T90/><D90/><U32/><E32/><V112/><F112/><W54/><G87/><T39/><D39/><U88/><E88/><V83/><F98/><W7/><G7/><T29/><D29/><U82/><E62/><V129/><F97/><W113/><G113/><T86/><D86/><U65/><E82/><RYUUKYOKU ba="0,0" sc="145,10,304,10,408,-30,143,10" hai0="9,11,21,22,44,48,53,91,94,96" hai1="49,51,52,59,64,65,66" hai3="12,19,23,54,56,61,67" /><INIT seed="7,1,0,1,3,46" ten="155,314,378,153" oya="3" hai0="10,134,54,22,121,114,98,118,104,103,0,90,35" hai1="119,59,85,30,66,57,55,83,97,31,132,71,68" hai2="87,75,91,126,56,20,7,44,72,112,131,77,37" hai3="70,21,52,2,58,81,116,29,93,84,108,40,79"/><W88/><G116/><T80/><D35/><U12/><E132/><V133/><F77/><W39/><G70/><T76/><D121/><U18/><E119/><V124/><F112/><W61/><G2/><T9/><D114/><U14/><E71/><V19/><F7/><W34/><G34/><T129/><D134/><U127/><E68/><V106/><F106/><W17/><G108/><T63/><D0/><U96/><E127/><N who="2" m="48683" /><F131/><W53/><G29/><T117/><D76/><U45/><E31/><V122/><F56/><W16/><G53/><T86/><D129/><U115/><E30/><V78/><F78/><W26/><G17/><T23/><D54/><U120/><E120/><V15/><F122/><W4/><G4/><T69/><D117/><U33/><E115/><V95/><F133/><W65/><G65/><T67/><D118/><U135/><E135/><V43/><AGARI ba="1,0" hai="15,19,20,37,43,44,72,75,87,91,95" m="48683" machi="43" ten="30,1100,0" yaku="18,1" doraHai="46" who="2" fromWho="2" sc="155,-4,314,-4,378,14,153,-6" owari="151,-25.0,310,11.0,392,49.0,147,-35.0" /></mjloggm>