<mjloggm ver="2.3"><GO type="169" lobby="0"/><UN n0="%E3%83%88%E3%83%88%E3%83%AA%E5%85%88%E7%94%9F%31%39%E6%AD%B3" n1="%E3%82%AB%E3%83%9D%E3%83%8D%E5%9B%A3%E3%81%AE%E5%85%84%E8%B2%B4" n2="%E5%A4%A7%E5%92%8C%E7%94%B0%E5%B0%82%E5%8B%99" n3="%E3%82%80%E3%81%8D%E3%81%A3%E3%81%A1" dan="19,18,18,16" rate="2293.98,2161.29,2231.89,2136.99" sx="F,M,M,M"/><TAIKYOKU oya="0"/><INIT seed="0,0,0,0,0,75" ten="250,250,250,250" oya="0" hai0="65,14,88,104,90,87,96,56,131,25,83,80,114" hai1="117,89,61,32,118,81,76,49,70,31,82,27,111" hai2="45,74,44,125,42,21,3,72,94,37,28,12,0" hai3="26,84,19,5,95,113,41,48,99,13,39,23,40"/><T51/><D114/><U110/><E89/><V47/><F125/><W7/><G113/><T100/><D131/><U50/><E82/><V46/><F94/><W133/><G39/><T17/><D25/><U66/><E50/><V128/><F128/><W4/><G133/><T77/><D80/><U107/><E49/><V124/><F124/><W123/><G123/><T11/><REACH who="0" step="1"/><D65/><REACH who="0" ten="240,250,250,250" step="2"/><U132/><E132/><V85/><F37/><W134/><G26/><T20/><D20/><U98/><E117/><V135/><F21/><W106/><G134/><T126/><D126/><U127/><E118/><V38/><F135/><W112/><G112/><T55/><AGARI ba="0,1" hai="11,14,17,51,55,56,77,83,87,88,90,96,100,104" machi="55" ten="30,11700,0" yaku="1,1,0,1,52,1,54,1,53,0" doraHai="75" doraHaiUra="116" who="0" fromWho="0" sc="240,127,250,-39,250,-39,250,-39" /><INIT seed="0,1,0,1,3,75" ten="367,211,211,211" oya="0" hai0="80,36,122,134,90,13,71,46,27,107,14,116,111" hai1="22,59,16,126,41,28,88,30,54,101,92,73,106" hai2="91,48,45,25,69,65,57,43,42,79,95,4,19" hai3="78,62,26,32,113,130,11,24,29,118,20,77,63"/><T102/><D116/><U110/><E110/><V100/><F4/><W97/><G113/><T0/><D122/><U99/><E73/><V74/><F69/><W121/><G118/><T33/><D0/><U10/><E41/><V94/><F43/><W31/><G121/><T120/><D120/><U135/><E126/><V2/><F2/><W38/><G130/><T133/><D71/><U112/><E135/><N who="0" m="51721" /><D111/><U52/><E10/><V85/><F74/><W5/><G38/><T37/><D46/><U58/><E112/><V66/><F57/><N who="1" m="21513" /><E101/><V96/><REACH who="2" step="1"/><F79/><REACH who="2" ten="367,211,201,211" step="2"/><W12/><REACH who="3" step="1"/><G97/><REACH who="3" ten="367,211,201,201" step="2"/><N who="0" m="61903" /><D36/><U17/><E106/><V119/><F119/><W18/><G18/><T39/><D37/><U1/><E16/><V70/><F70/><W55/><G55/><N who="1" m="21034" /><E1/><V93/><F93/><W87/><G87/><N who="0" m="50535" /><D39/><U47/><E47/><V56/><F56/><W98/><G98/><T103/><D103/><U15/><AGARI ba="1,2" hai="15,17,22,28,30,88,92,99" m="21034,21513" machi="15" ten="30,4000,0" yaku="8,1,54,2" doraHai="75" who="1" fromWho="1" sc="367,-21,211,63,201,-11,201,-11" /><INIT seed="1,0,0,1,4,21" ten="346,274,190,190" oya="1" hai0="22,107,113,3,1,69,101,67,72,114,117,44,79" hai1="73,11,112,49,9,80,110,111,52,76,48,0,129" hai2="27,60,2,24,53,95,126,63,14,104,119,17,12" hai3="105,54,42,64,135,93,89,41,46,56,123,58,128"/><U7/><E112/><V59/><F104/><W81/><G123/><T131/><D117/><U38/><E129/><V51/><F119/><W47/><G105/><T127/><D131/><U92/><E11/><V75/><F2/><W96/><G128/><T99/><D127/><U102/><E102/><V40/><F75/><W124/><G124/><T85/><D22/><U26/><E92/><V35/><F126/><W16/><G135/><T23/><D85/><U61/><E38/><V133/><F133/><W34/><G34/><T66/><D23/><U36/><E36/><V32/><F32/><W39/><G64/><T6/><D44/><U45/><E49/><V106/><F106/><W30/><G30/><T4/><D67/><U10/><E10/><N who="2" m="6295" /><F35/><W100/><G54/><T31/><D31/><U20/><REACH who="1" step="1"/><E61/><REACH who="1" ten="346,264,190,190" step="2"/><V57/><F95/><W103/><G103/><N who="0" m="62975" /><D6/><U68/><E68/><V43/><F60/><W134/><G134/><T98/><D4/><U91/><E91/><V82/><F82/><W29/><G81/><N who="0" m="45287" /><D114/><U109/><E109/><V55/><F14/><W125/><G125/><T70/><D113/><U121/><E121/><V120/><F120/><W86/><G89/><T19/><D70/><U18/><AGARI ba="0,1" hai="0,7,9,18,20,26,45,48,52,73,76,80,110,111" machi="18" ten="30,11700,0" yaku="1,1,0,1,52,1,54,1,53,0" doraHai="21" doraHaiUra="8" who="1" fromWho="1" sc="346,-39,264,127,190,-39,190,-39" /><INIT seed="1,1,0,1,4,21" ten="307,391,151,151" oya="1" hai0="26,41,112,22,24,70,5,25,3,100,78,23,69" hai1="72,47,130,14,68,79,101,34,128,91,29,110,66" hai2="0,116,17,122,13,75,51,80,16,61,95,113,98" hai3="87,127,83,108,94,31,10,106,111,30,81,107,120"/><U54/><E101/><V38/><F38/><W134/><G10/><T37/><D112/><U85/><E72/><V11/><F116/><W12/><G12/><T129/><D129/><U126/><E79/><V96/><F122/><W125/><G120/><T57/><D100/><U109/><E14/><V119/><F119/><W105/><G134/><T84/><D23/><U46/><E66/><V93/><F0/><W92/><G107/><T39/><D22/><U50/><E46/><V123/><F113/><W74/><REACH who="3" step="1"/><G87/><REACH who="3" ten="307,391,151,141" step="2"/><T59/><D84/><U114/><E114/><V117/><F123/><W52/><G52/><T42/><D3/><U55/><E55/><V36/><F117/><W97/><G97/><T43/><D5/><U4/><E4/><V9/><F98/><W118/><G118/><T77/><D39/><U58/><E128/><V104/><F36/><W6/><G6/><T99/><D99/><U132/><E132/><V65/><F104/><W121/><G121/><T63/><D37/><U133/><E130/><V124/><F96/><W28/><G28/><T27/><N who="0" m="6144" /><DORA hai="35" /><T82/><D63/><U15/><E29/><V7/><F61/><W115/><G115/><T49/><D49/><U8/><E50/><V89/><F51/><W76/><G76/><N who="0" m="29291" /><D82/><U71/><E85/><V53/><F80/><W45/><G45/><T2/><D2/><U60/><E47/><V48/><F48/><W56/><G56/><AGARI ba="1,1" hai="41,42,43,56,57,59,69,70" m="29291,6144" machi="56" ten="50,12000,2" yaku="28,2,52,4" doraHai="21,35" who="0" fromWho="3" sc="307,133,391,0,151,0,141,-123" /><INIT seed="2,0,0,1,1,123" ten="440,391,151,18" oya="2" hai0="65,70,16,44,75,71,117,20,77,94,6,46,40" hai1="56,9,92,126,135,113,67,89,100,107,110,114,15" hai2="7,111,98,61,12,96,63,21,8,130,121,95,47" hai3="34,124,74,88,33,91,27,76,48,83,13,24,1"/><V125/><F121/><W109/><G1/><T45/><D117/><U127/><E135/><V18/><F125/><N who="1" m="47625" /><E110/><V31/><F130/><W115/><G124/><T5/><D40/><U102/><E67/><V4/><F111/><W85/><G109/><T30/><D30/><U116/><E56/><V26/><F47/><W17/><G115/><N who="1" m="44042" /><E107/><V41/><F41/><W82/><G48/><T129/><D129/><U80/><E80/><V87/><F87/><W106/><G106/><T68/><D65/><U3/><E3/><V28/><F28/><W108/><G108/><T49/><D49/><U29/><E29/><V53/><F98/><W118/><G118/><T42/><D42/><U14/><E116/><V73/><F73/><W10/><REACH who="3" step="1"/><G91/><REACH who="3" ten="440,391,151,8" step="2"/><T52/><D46/><U43/><E43/><V25/><F63/><W51/><G51/><T57/><D45/><U32/><E89/><V119/><F119/><W122/><G122/><T128/><D44/><U120/><E120/><V38/><F38/><W64/><G64/><T133/><D128/><U55/><E55/><V84/><F53/><W2/><G2/><T11/><D52/><U132/><E132/><V103/><F61/><W79/><G79/><T81/><D133/><U35/><E100/><V66/><F66/><W101/><G101/><T37/><D57/><U19/><E102/><V54/><F54/><W97/><G97/><T23/><D37/><U39/><E39/><V36/><F36/><W62/><G62/><T104/><D104/><U134/><E134/><V60/><F60/><W131/><G131/><T90/><D77/><RYUUKYOKU ba="0,1" sc="440,-10,391,-10,151,-10,8,30" hai3="10,13,17,24,27,33,34,74,76,82,83,85,88" /><INIT seed="3,1,1,2,2,100" ten="430,381,141,38" oya="3" hai0="118,3,1,7,73,67,15,52,37,25,123,79,31" hai1="116,108,125,13,38,133,93,6,128,117,32,63,35" hai2="95,41,10,40,84,111,48,110,8,4,99,56,28" hai3="106,120,109,90,124,55,98,34,60,44,135,115,54"/><W24/><G115/><T53/><D118/><N who="1" m="45675" /><E38/><V92/><F28/><W75/><G120/><T72/><D123/><U19/><E63/><V77/><F56/><W26/><G75/><T70/><D37/><U50/><E108/><N who="2" m="41515" /><F48/><W105/><G109/><T96/><D15/><U94/><E125/><V85/><F10/><W114/><G114/><T122/><D122/><U129/><E50/><V71/><F71/><W43/><G124/><T29/><D7/><U9/><E133/><V59/><F59/><W89/><G135/><T113/><D113/><U16/><E93/><N who="2" m="35915" /><F99/><W91/><G98/><T134/><D134/><U64/><E94/><V11/><F11/><W132/><G132/><T74/><D67/><U97/><E97/><V88/><F77/><W83/><G83/><T30/><D79/><U5/><E64/><V101/><F101/><W61/><G34/><N who="1" m="12842" /><E5/><V27/><F88/><W18/><G18/><AGARI ba="1,1" hai="6,9,13,16,18,19,128,129" m="12842,45675" machi="18" ten="40,8000,1" yaku="12,1,34,2,54,1" doraHai="100" who="1" fromWho="3" sc="430,0,381,93,141,0,38,-83" owari="430,23.0,474,58.0,141,-26.0,-45,-55.0" /></mjloggm>