<mjloggm ver="2.3"><GO type="169" lobby="0"/><UN n0="%E3%83%8A%E3%82%B0%E3%83%AB%E3%83%95%E3%82%A1%E3%83%AB" n1="%E9%85%8D%E7%89%8C%36%E3%82%B7%E3%83%A3%E3%83%B3%E3%83%86%E3%83%B3" n2="%2D%6D%69%6D%69%2D" n3="%E3%82%A6%E3%83%AB%E3%83%88%E3%83%A9%E7%AB%8B%E7%9B%B4" dan="16,16,16,18" rate="2076.72,2118.19,2116.88,2227.26" sx="M,M,M,M"/><TAIKYOKU oya="0"/><INIT seed="0,0,0,5,5,134" ten="250,250,250,250" oya="0" hai0="57,116,80,34,107,45,5,3,63,59,114,50,99" hai1="20,102,127,120,121,73,96,74,25,49,101,126,13" hai2="109,53,87,33,4,125,131,56,115,52,41,9,133" hai3="72,88,100,123,38,65,2,10,51,117,79,23,112"/><T91/><D114/><U97/><E49/><V104/><F104/><W39/><G117/><T129/><D116/><U83/><E13/><V24/><F133/><W113/><G65/><T130/><D34/><U84/><E20/><V30/><F131/><N who="0" m="50186" /><D107/><U69/><E25/><V0/><F109/><W32/><G32/><T47/><D47/><U119/><E69/><V46/><F115/><W7/><G123/><N who="1" m="47178" /><E119/><V37/><F125/><N who="1" m="47625" /><E84/><V48/><F87/><W61/><G113/><T17/><D50/><U54/><E54/><V76/><F53/><W36/><G51/><T66/><D3/><U132/><E132/><V90/><F37/><W111/><G2/><T27/><D27/><U94/><E83/><V31/><F48/><W12/><G112/><T19/><D80/><U55/><E55/><V105/><F52/><W1/><G1/><T18/><D5/><U22/><E22/><V103/><F24/><W118/><G23/><T11/><D45/><U78/><E78/><V106/><F4/><W108/><G118/><T28/><D28/><U29/><E29/><V43/><F46/><W71/><G39/><T82/><D82/><U89/><E89/><V124/><F90/><W16/><G38/><T128/><D128/><U40/><E40/><V35/><F76/><W75/><G79/><T44/><D44/><U26/><E26/><V67/><F43/><W86/><G36/><T98/><D91/><U8/><E8/><V93/><F41/><W70/><G88/><T110/><D11/><U77/><E77/><V62/><F124/><W60/><G10/><T68/><D68/><RYUUKYOKU ba="0,0" sc="250,-10,250,30,250,-10,250,-10" hai1="73,74,94,96,97,101,102" /><INIT seed="1,1,0,3,2,89" ten="240,280,240,240" oya="1" hai0="8,109,126,65,49,112,118,54,130,100,51,90,69" hai1="64,123,92,58,131,122,120,39,108,15,17,52,70" hai2="38,62,98,116,63,103,18,25,55,95,85,67,68" hai3="50,82,36,1,104,84,43,48,129,31,9,111,110"/><U7/><E131/><V75/><F75/><W44/><G104/><T121/><D112/><U22/><E108/><N who="3" m="41514" /><G129/><T47/><D100/><U28/><E39/><V6/><F38/><W29/><G1/><T74/><D74/><U97/><E28/><N who="3" m="10826" /><G9/><T40/><D8/><U113/><E113/><V24/><F116/><W135/><G135/><T66/><D90/><AGARI ba="1,0" hai="36,43,44,48,50,82,84,90" m="10826,41514" machi="90" ten="30,1000,0" yaku="14,1" doraHai="89" who="3" fromWho="0" sc="240,-13,280,0,240,0,240,13" /><INIT seed="2,0,0,1,4,115" ten="227,280,240,253" oya="2" hai0="46,129,117,83,100,96,131,23,121,134,24,60,69" hai1="26,76,86,27,70,8,77,6,12,63,81,82,88" hai2="113,75,89,43,97,133,123,50,17,34,71,110,30" hai3="55,11,52,135,102,18,13,84,126,0,51,47,67"/><V42/><F123/><W132/><G67/><N who="0" m="41191" /><D121/><U5/><E5/><V37/><F113/><W122/><G122/><T62/><D62/><U112/><E112/><V14/><F133/><N who="3" m="51275" /><G126/><T59/><D134/><U72/><E70/><V31/><F75/><W41/><G102/><T108/><D59/><U9/><E63/><V66/><F34/><W111/><G111/><T44/><D83/><U116/><E116/><V29/><F110/><W114/><G114/><T28/><D108/><U20/><E8/><V45/><F37/><W68/><G68/><T94/><D117/><U56/><E56/><V118/><F71/><W106/><G106/><T36/><D36/><U48/><E48/><V64/><F42/><W25/><G0/><T53/><D53/><U21/><E27/><V107/><F118/><W85/><G25/><T40/><D40/><U119/><E119/><V7/><F7/><W95/><G95/><T39/><D39/><U2/><E26/><V90/><F89/><W99/><G99/><T65/><D65/><U78/><E2/><V91/><F90/><W57/><G55/><T98/><D96/><U105/><E105/><V127/><F127/><W54/><G54/><T104/><D94/><N who="1" m="54551" /><E72/><V4/><F4/><W58/><G58/><T80/><D80/><AGARI ba="0,0" hai="6,9,12,20,21,76,77,78,80,81,82" m="54551" machi="80" ten="30,2000,0" yaku="8,1,54,1" doraHai="115" who="1" fromWho="0" sc="227,-20,280,20,240,0,253,0" /><INIT seed="3,0,0,5,3,65" ten="207,300,240,253" oya="3" hai0="91,35,126,95,85,14,122,32,107,11,0,73,33" hai1="98,29,31,121,124,94,38,55,99,53,82,56,78" hai2="106,102,25,105,132,42,52,15,81,19,93,129,43" hai3="17,113,125,64,66,130,111,77,47,74,128,58,30"/><W60/><G30/><T118/><D118/><U134/><E121/><V41/><F129/><N who="3" m="49771" /><G74/><T18/><D122/><U67/><E38/><V97/><F132/><W80/><G17/><T88/><D126/><U21/><E134/><V109/><F25/><W86/><G113/><T51/><D73/><U1/><E1/><V36/><F36/><W62/><G47/><T108/><D108/><U46/><E124/><V79/><F109/><W34/><G34/><T39/><D39/><U57/><E99/><V133/><F133/><W12/><G12/><T63/><D107/><U8/><E8/><V76/><F106/><W59/><G111/><T100/><D100/><U44/><E44/><V13/><F105/><W27/><G27/><T110/><D110/><U89/><E46/><V2/><F2/><W48/><G48/><T123/><D51/><U70/><E29/><V92/><F13/><W49/><G49/><T16/><D0/><U90/><E31/><V131/><F131/><W96/><G96/><T22/><D123/><U24/><E24/><V9/><F42/><W68/><G125/><T37/><D37/><U26/><E26/><V120/><F41/><W116/><G116/><T4/><D63/><U69/><E21/><V71/><F43/><W112/><G112/><T75/><D75/><U103/><E98/><V117/><F97/><W10/><G10/><T61/><D61/><U6/><E6/><V28/><F9/><W72/><G72/><T104/><D104/><U20/><E20/><V50/><F117/><W101/><G101/><T40/><D40/><U114/><E114/><RYUUKYOKU ba="0,0" sc="207,-10,300,-10,240,-10,253,30" hai3="58,59,60,62,64,66,68,77,80,86" /><INIT seed="3,1,0,1,0,35" ten="197,290,230,283" oya="3" hai0="48,40,27,68,44,87,133,22,30,83,95,47,81" hai1="67,5,128,98,11,122,124,90,118,15,113,74,73" hai2="38,46,0,52,119,69,58,34,8,57,94,21,86" hai3="102,111,131,51,85,59,84,12,88,107,104,100,93"/><W70/><G70/><T3/><D133/><U130/><E122/><V134/><F69/><W32/><G32/><T9/><D68/><U26/><E113/><V92/><F34/><W4/><G4/><T117/><D117/><U18/><E124/><V109/><F119/><W41/><G12/><T56/><D56/><U78/><E118/><V106/><F106/><N who="3" m="40491" /><G51/><T33/><D33/><U17/><E67/><V43/><F134/><W72/><G41/><T96/><D87/><N who="3" m="33353" /><G59/><T114/><D114/><U62/><E62/><V82/><F58/><W63/><G63/><T55/><D9/><U53/><E53/><V20/><F21/><W50/><G50/><T135/><D3/><U65/><E65/><V64/><F0/><W129/><G72/><T71/><D71/><U24/><E74/><V31/><F43/><W125/><G125/><T123/><D135/><U6/><E6/><V105/><F46/><W121/><G121/><T110/><D123/><U127/><E127/><V37/><F57/><W28/><G28/><T101/><REACH who="0" step="1"/><D110/><REACH who="0" ten="187,290,230,283" step="2"/><U1/><E1/><V13/><F109/><W79/><G111/><T54/><D54/><U76/><E73/><V77/><F52/><W61/><G61/><T132/><D132/><U108/><E108/><V23/><F8/><W2/><G2/><T7/><D7/><U29/><E5/><V39/><F23/><W115/><G115/><T103/><D103/><N who="3" m="39465" /><G79/><T97/><D97/><AGARI ba="1,1" hai="88,93,97,129,131" m="39465,33353,40491" machi="97" ten="30,5800,0" yaku="34,2,54,1" doraHai="35" who="3" fromWho="0" sc="187,-61,290,0,230,0,283,71" /><INIT seed="3,2,0,3,1,47" ten="126,290,230,354" oya="3" hai0="25,41,58,129,130,51,20,131,3,57,105,81,85" hai1="33,7,10,113,62,27,115,80,9,107,122,61,127" hai2="88,8,12,111,44,24,86,84,36,39,132,100,29" hai3="40,119,102,126,75,72,114,16,66,35,89,73,112"/><W5/><G35/><T135/><D105/><U103/><E122/><V70/><F70/><W120/><G5/><T30/><D3/><U74/><E127/><V108/><F132/><W32/><G32/><T28/><D135/><U128/><E128/><V95/><F100/><W14/><G119/><T15/><D30/><U50/><E10/><V99/><F44/><W101/><G120/><T90/><D41/><U67/><E61/><V46/><F36/><W1/><G1/><T94/><D15/><U83/><E83/><V38/><F39/><W79/><G79/><T22/><D22/><U63/><E63/><V6/><F38/><W26/><G26/><T45/><REACH who="0" step="1"/><D81/><REACH who="0" ten="116,290,230,354" step="2"/><U110/><E80/><V118/><F118/><W21/><G40/><T18/><D18/><U116/><E116/><V71/><F29/><W31/><G31/><T17/><D17/><U82/><E33/><V53/><F12/><W121/><G121/><T134/><D134/><U2/><E27/><V56/><F24/><W69/><G21/><T98/><D98/><U93/><E82/><V4/><F99/><W91/><G16/><T43/><AGARI ba="2,1" hai="20,25,28,43,45,51,57,58,85,90,94,129,130,131" machi="43" ten="30,7900,0" yaku="1,1,0,1,19,1,52,1,53,0" doraHai="47" doraHaiUra="78" who="0" fromWho="0" sc="116,95,290,-22,230,-22,354,-41" /><INIT seed="4,0,0,1,4,76" ten="211,268,208,313" oya="0" hai0="73,132,115,10,133,128,61,110,47,78,3,100,80" hai1="6,0,43,99,40,19,88,75,28,90,129,74,94" hai2="89,72,56,8,85,41,34,23,105,83,64,9,127" hai3="37,30,33,84,67,1,49,98,92,11,38,131,118"/><T53/><D115/><U77/><E129/><V125/><F105/><W12/><G118/><T51/><D128/><U13/><E28/><V113/><F34/><W102/><G131/><T103/><D110/><U42/><E77/><V121/><F41/><W26/><G67/><T95/><D61/><U18/><E18/><V20/><F121/><W96/><G49/><T5/><REACH who="0" step="1"/><D95/><REACH who="0" ten="201,268,208,313" step="2"/><U48/><E94/><N who="2" m="54575" /><F113/><W79/><G92/><T134/><AGARI ba="0,1" hai="3,5,10,47,51,53,73,78,80,100,103,132,133,134" machi="134" ten="30,11700,0" yaku="1,1,0,1,20,1,52,1,53,0" doraHai="76" doraHaiUra="25" who="0" fromWho="0" sc="201,127,268,-39,208,-39,313,-39" /><INIT seed="4,1,0,4,4,37" ten="328,229,169,274" oya="0" hai0="106,80,51,19,79,133,92,36,88,98,59,41,49" hai1="18,11,58,38,121,127,91,90,109,13,68,82,22" hai2="100,65,48,63,14,129,0,29,86,71,47,73,118" hai3="75,131,69,95,135,104,7,70,34,102,122,117,103"/><T96/><D133/><U74/><E68/><V105/><F118/><W85/><G7/><T81/><D19/><U61/><E109/><V26/><F0/><W50/><G50/><T32/><D32/><U99/><E127/><V78/><F73/><W5/><G5/><T67/><D36/><U25/><E121/><V64/><F64/><W134/><G69/><T130/><D130/><U114/><E114/><V115/><F14/><W39/><G85/><T40/><D106/><U43/><E74/><V113/><F86/><W54/><G54/><N who="0" m="32223" /><D67/><U94/><E82/><N who="0" m="31849" /><D79/><U15/><E15/><V30/><F78/><W33/><G33/><T66/><D66/><U27/><E91/><V124/><F124/><W62/><G34/><T1/><D1/><U93/><E93/><V60/><F129/><W4/><G95/><N who="0" m="56423" /><D49/><U89/><E89/><AGARI ba="1,0" hai="40,41,89,92,98" m="56423,31849,32223" machi="89" ten="30,11600,0" yaku="8,1,52,2,54,1" doraHai="37" who="0" fromWho="1" sc="328,119,229,-119,169,0,274,0" /><INIT seed="4,2,0,5,3,44" ten="447,110,169,274" oya="0" hai0="96,29,22,19,11,63,130,111,134,1,89,107,13" hai1="68,37,120,18,17,80,117,46,132,129,62,85,82" hai2="60,84,26,108,39,57,106,56,6,126,72,116,40" hai3="23,12,61,81,102,9,16,109,122,76,98,123,42"/><T114/><D114/><U78/><E117/><V33/><F108/><W71/><G109/><T87/><D111/><U119/><E120/><N who="3" m="46122" /><G42/><T100/><D130/><U20/><E119/><V5/><F106/><W65/><G23/><T24/><D134/><U124/><E129/><V43/><F72/><N who="3" m="43143" /><G98/><T99/><D99/><U94/><E132/><V92/><F116/><W95/><G95/><T36/><D36/><U27/><E124/><V86/><F39/><W51/><G102/><T67/><D1/><U69/><E94/><V14/><F126/><W15/><G15/><T7/><D7/><U10/><E62/><V101/><F60/><W55/><G55/><T32/><D11/><U66/><E66/><V31/><F14/><W127/><G127/><T54/><D54/><U30/><E30/><V79/><F31/><W133/><G133/><T50/><D50/><AGARI ba="2,0" hai="9,12,16,50,51,61,65,71" m="43143,46122" machi="50" ten="30,7700,0" yaku="13,1,52,2,54,1" doraHai="44" who="3" fromWho="0" sc="447,-83,110,0,169,0,274,83" /><INIT seed="5,0,0,1,4,56" ten="364,110,169,357" oya="1" hai0="96,58,40,63,45,124,94,50,101,6,95,105,78" hai1="116,125,41,34,32,39,82,53,47,109,122,57,62" hai2="76,26,37,5,9,104,87,43,80,49,89,10,84" hai3="130,107,86,61,117,119,24,16,88,85,35,22,0"/><U120/><E116/><N who="3" m="44618" /><G130/><T27/><D124/><U23/><E125/><V28/><F104/><W79/><G107/><T128/><D128/><U129/><E129/><V65/><F37/><W48/><G0/><T33/><D78/><U2/><E2/><V30/><F65/><W21/><G48/><T113/><D113/><U54/><E109/><V115/><F115/><W127/><G127/><T77/><D77/><U72/><E53/><V106/><F106/><W25/><G35/><T121/><D121/><U126/><E126/><V74/><F74/><W112/><G112/><T60/><D6/><U36/><E36/><V83/><F5/><W108/><G108/><T4/><D4/><U99/><E99/><V59/><F30/><N who="3" m="17679" /><G79/><T11/><D11/><U14/><E34/><V13/><F13/><W64/><G88/><T18/><D18/><BYE who="0" /><UN n0="%E3%83%8A%E3%82%B0%E3%83%AB%E3%83%95%E3%82%A1%E3%83%AB" /><U93/><E93/><V12/><F12/><W51/><G51/><T67/><REACH who="0" step="1"/><D63/><REACH who="0" ten="354,110,169,357" step="2"/><U55/><E120/><V100/><F76/><W70/><AGARI ba="0,1" hai="16,22,25,61,64,70,85,86" m="17679,44618" machi="70" ten="30,4000,0" yaku="12,1,52,1,54,1" doraHai="56" who="3" fromWho="3" sc="354,-10,110,-20,169,-10,357,50" /><INIT seed="6,0,0,2,4,92" ten="344,90,159,407" oya="2" hai0="104,54,77,93,73,82,94,65,135,76,123,120,43" hai1="125,89,35,61,52,22,36,55,13,46,95,21,2" hai2="114,102,5,51,129,80,113,79,12,133,8,128,38" hai3="106,48,75,49,121,62,84,103,107,34,68,124,99"/><V10/><F38/><W119/><G119/><T100/><D65/><U24/><E125/><V40/><F133/><W112/><G121/><T87/><D43/><U67/><E2/><V110/><F110/><W16/><G107/><T109/><D54/><U27/><E35/><V70/><F70/><W25/><G75/><T98/><D109/><U131/><E131/><N who="2" m="50251" /><F10/><W63/><G124/><T90/><D135/><U88/><E89/><V26/><F26/><W42/><G112/><N who="2" m="43113" /><F102/><W3/><G103/><T83/><D94/><U33/><E33/><V72/><F51/><W11/><G49/><T29/><D29/><U6/><E36/><V53/><F53/><N who="1" m="20553" /><E46/><V1/><F40/><W0/><G42/><T58/><D58/><N who="1" m="37303" /><E27/><V4/><F4/><W39/><G25/><T85/><AGARI ba="0,0" hai="73,76,77,82,83,85,87,90,93,98,100,104,120,123" machi="85" ten="20,16000,3" yaku="0,1,7,1,24,2,34,3,52,1" doraHai="92" who="0" fromWho="0" sc="344,160,90,-40,159,-80,407,-40" /><INIT seed="7,0,0,3,2,0" ten="504,50,79,367" oya="3" hai0="55,70,78,37,130,61,111,77,118,44,67,1,38" hai1="97,23,116,19,27,126,87,71,36,16,13,66,82" hai2="114,54,6,15,43,30,101,49,9,107,80,103,84" hai3="17,11,57,48,85,128,109,83,99,105,62,112,59"/><W58/><G112/><T86/><D1/><U46/><E126/><V93/><F107/><W92/><G105/><T129/><D111/><U123/><E123/><V20/><F114/><W28/><G128/><N who="0" m="49259" /><D118/><U88/><E116/><V135/><F135/><W134/><G134/><T95/><D95/><U24/><E97/><V94/><F43/><W53/><G109/><T32/><D32/><U106/><E106/><V39/><F39/><N who="0" m="14858" /><D86/><U120/><E120/><V104/><F104/><W65/><G28/><T60/><D60/><U31/><E71/><V3/><F3/><W132/><G132/><T125/><D125/><U29/><E66/><V63/><F63/><W18/><G58/><T115/><D115/><U21/><E13/><V45/><F94/><W52/><G65/><T47/><D55/><U133/><E133/><V26/><F93/><W5/><G85/><T96/><D96/><U119/><E119/><V73/><F73/><W122/><G122/><T8/><D8/><U90/><E90/><AGARI ba="0,0" hai="6,9,15,20,26,30,45,49,54,80,84,90,101,103" machi="90" ten="30,3900,0" yaku="7,1,8,1,52,1" doraHai="0" who="2" fromWho="1" sc="504,0,50,-39,79,39,367,0" owari="504,60.0,11,-49.0,118,-28.0,367,17.0" /></mjloggm>