<mjloggm ver="2.3"><GO type="169" lobby="0"/><UN n0="%E4%B8%89%E8%89%B2%E5%90%8C%E5%88%BB%E2%98%86" n1="%E5%B0%91%E5%A5%B3%E3%83%95%E3%82%A1%E3%82%A4%E3%83%88" n2="%E3%82%A6%E3%83%AB%E3%83%88%E3%83%A9%E7%AB%8B%E7%9B%B4" n3="%E7%A9%B4%E4%BA%95%E6%88%91%E8%81%9E" dan="18,16,18,16" rate="2194.38,2100.16,2224.57,2058.40" sx="M,F,M,M"/><TAIKYOKU oya="0"/><INIT seed="0,0,0,1,4,63" ten="250,250,250,250" oya="0" hai0="96,132,24,128,17,114,5,69,62,23,65,119,2" hai1="116,97,81,56,16,104,61,59,13,126,7,54,102" hai2="0,84,31,35,110,25,50,80,88,72,86,19,67" hai3="125,78,30,90,41,118,109,1,42,33,76,133,127"/><T40/><D114/><U94/><E126/><N who="3" m="48138" /><G1/><T14/><D119/><U79/><E116/><V6/><F110/><W74/><G118/><T91/><D128/><U129/><E129/><V130/><F130/><W53/><G109/><T57/><D132/><U8/><E59/><V135/><F135/><W9/><G74/><T38/><D2/><U68/><E68/><V106/><F106/><W36/><G133/><T73/><D73/><U99/><E99/><V134/><F134/><W11/><G53/><T83/><D69/><U103/><E103/><V70/><F50/><W26/><G90/><T49/><D38/><U3/><E104/><V124/><F124/><W47/><G42/><T85/><D96/><U117/><E117/><V66/><F70/><W113/><G113/><T95/><D83/><U44/><E44/><V75/><F75/><W108/><G108/><T32/><D32/><U58/><E58/><V43/><F43/><W10/><AGARI ba="0,0" hai="9,10,11,26,30,33,36,41,47,76,78" m="48138" machi="10" ten="30,1100,0" yaku="18,1" doraHai="63" who="3" fromWho="3" sc="250,-5,250,-3,250,-3,250,11" /><INIT seed="1,0,0,2,3,25" ten="245,247,247,261" oya="1" hai0="2,46,103,100,81,63,47,109,92,112,134,60,74" hai1="97,88,41,21,84,118,0,3,17,106,123,10,77" hai2="96,52,53,114,18,55,89,82,32,70,83,95,78" hai3="34,8,40,94,99,33,59,130,38,37,132,19,120"/><U91/><E118/><V75/><F114/><W44/><G120/><T16/><D112/><U113/><E113/><V76/><F70/><W57/><G132/><T48/><D2/><U35/><E35/><V105/><F32/><W22/><G8/><T5/><D5/><U1/><E123/><V71/><F71/><W107/><G107/><T135/><D109/><U86/><E41/><V20/><F105/><W122/><G38/><T93/><D81/><U4/><E77/><V115/><F115/><W101/><G122/><T31/><D48/><U56/><E56/><V116/><F116/><W45/><G45/><T128/><D74/><U36/><E36/><V62/><F62/><W15/><G59/><T66/><D66/><U126/><E126/><V87/><REACH who="2" step="1"/><F55/><REACH who="2" ten="245,247,237,261" step="2"/><W131/><G34/><T79/><D60/><U67/><E67/><V117/><F117/><W51/><G33/><T127/><D63/><U28/><E106/><V27/><AGARI ba="0,1" hai="18,20,27,52,53,75,76,78,82,83,87,89,95,96" machi="27" ten="20,5200,0" yaku="1,1,0,1,7,1,54,1,53,0" doraHai="25" doraHaiUra="11" who="2" fromWho="2" sc="245,-13,247,-26,237,62,261,-13" /><INIT seed="2,0,0,4,4,72" ten="232,221,299,248" oya="2" hai0="120,31,93,11,124,110,48,118,60,107,59,3,19" hai1="80,64,40,6,112,132,17,65,79,4,133,13,12" hai2="44,66,111,52,83,77,41,23,26,89,73,130,51" hai3="88,121,54,22,99,21,53,117,35,108,61,9,104"/><V63/><F130/><W32/><G121/><T97/><D120/><U101/><E112/><V47/><F111/><W56/><G108/><T109/><D107/><U75/><E101/><V27/><F89/><W98/><G117/><T50/><D118/><U14/><E40/><V129/><F129/><W100/><G9/><T10/><D124/><U84/><E17/><V116/><F116/><W92/><G22/><T78/><D110/><U114/><E75/><V38/><REACH who="2" step="1"/><F23/><REACH who="2" ten="232,221,289,248" step="2"/><W105/><G21/><T8/><D109/><U18/><E114/><V127/><F127/><W25/><G25/><T71/><D3/><U82/><E132/><V7/><F7/><W126/><G126/><T115/><D115/><U57/><E133/><V30/><F30/><W68/><G32/><T87/><D31/><U29/><E29/><V69/><AGARI ba="0,1" hai="26,27,38,41,44,47,51,52,63,66,69,73,77,83" machi="69" ten="20,12000,1" yaku="1,1,0,1,7,1,52,1,54,1,53,0" doraHai="72" doraHaiUra="24" who="2" fromWho="2" sc="232,-40,221,-40,289,130,248,-40" /><INIT seed="2,1,0,4,2,21" ten="192,181,419,208" oya="2" hai0="82,135,92,84,30,96,95,110,133,100,44,37,134" hai1="74,14,53,76,104,121,46,108,48,32,70,55,64" hai2="131,27,10,28,109,12,98,36,71,62,94,124,118" hai3="56,75,59,29,2,80,126,7,54,90,111,132,115"/><V77/><F118/><W50/><G111/><T11/><D11/><U3/><E3/><V4/><F36/><W26/><G132/><T81/><D30/><U19/><E108/><V25/><F109/><W102/><G102/><T45/><D110/><U57/><E121/><V86/><F131/><W128/><G128/><T33/><D33/><U68/><E104/><V39/><F39/><W122/><G122/><T18/><D18/><U89/><E64/><V66/><F124/><W119/><G126/><T120/><D120/><U58/><E32/><V42/><F42/><W61/><G7/><T5/><D5/><U78/><E46/><V129/><F129/><W105/><G2/><T9/><D9/><U1/><E1/><V88/><F28/><W67/><G105/><T130/><D130/><U31/><E31/><V47/><F47/><N who="0" m="17994" /><D37/><U15/><E89/><AGARI ba="1,0" hai="81,82,84,89,92,95,96,100,133,134,135" m="17994" machi="89" ten="40,1300,0" yaku="20,1" doraHai="21" who="0" fromWho="1" sc="192,16,181,-16,419,0,208,0" /><INIT seed="3,0,0,2,0,1" ten="208,165,419,208" oya="3" hai0="44,43,127,8,132,59,40,115,34,65,75,128,16" hai1="26,42,28,25,109,30,86,15,73,72,58,45,93" hai2="49,10,51,135,62,82,11,7,116,12,121,124,87" hai3="101,130,106,112,103,97,89,19,18,2,105,108,55"/><W20/><G112/><T4/><D34/><U54/><E109/><V117/><F124/><W74/><G74/><T69/><D127/><U80/><E93/><V35/><F35/><W84/><G130/><T66/><D128/><U22/><E15/><V71/><F135/><W64/><G64/><T36/><D132/><U85/><E58/><V68/><F121/><W57/><G2/><T125/><D125/><U63/><E63/><V32/><F32/><W76/><G76/><T99/><D75/><U67/><E54/><V70/><F62/><W61/><G108/><T131/><D131/><U114/><E67/><V53/><F11/><W23/><G23/><T92/><D69/><U37/><E86/><V91/><REACH who="2" step="1"/><F51/><REACH who="2" ten="208,165,409,208" step="2"/><W17/><G20/><T94/><D115/><U83/><E114/><V123/><F123/><W21/><G21/><T129/><D129/><U90/><E26/><V0/><F0/><W52/><G61/><T104/><D66/><U119/><E30/><V41/><F41/><W50/><G55/><T79/><D43/><U102/><E42/><V107/><F107/><W111/><G106/><T78/><D104/><U120/><E120/><V48/><F48/><W95/><G111/><T134/><D134/><U133/><E133/><V56/><AGARI ba="0,1" hai="7,10,12,49,53,56,68,70,71,82,87,91,116,117" machi="56" ten="30,7900,0" yaku="1,1,0,1,52,1,53,1" doraHai="1" doraHaiUra="47" who="2" fromWho="2" sc="208,-20,165,-20,409,89,208,-39" /><INIT seed="4,0,0,4,1,2" ten="188,145,498,169" oya="0" hai0="132,14,39,103,88,120,22,45,70,94,35,44,74" hai1="26,53,32,17,33,79,83,108,85,91,48,13,7" hai2="23,84,21,82,38,95,31,20,87,93,16,89,64" hai3="92,113,128,9,28,123,42,36,18,131,24,59,37"/><T117/><D35/><U34/><E108/><V12/><F38/><W124/><G113/><T41/><D117/><U5/><E26/><N who="2" m="16863" /><F64/><W135/><G135/><T96/><D120/><U129/><E79/><N who="2" m="46175" /><F21/><W106/><G106/><T49/><D70/><U55/><E129/><V47/><F47/><W112/><G112/><T6/><D74/><U80/><E80/><AGARI ba="0,0" hai="12,16,20,80,87,89,93,95" m="46175,16863" machi="80" ten="30,2000,0" yaku="8,1,54,1" doraHai="2" who="2" fromWho="1" sc="188,0,145,-20,498,20,169,0" /><INIT seed="5,0,0,0,0,114" ten="188,125,518,169" oya="1" hai0="37,103,16,41,7,2,92,72,61,107,76,78,40" hai1="73,93,39,111,101,108,95,99,35,32,122,28,34" hai2="42,62,9,126,134,5,12,106,118,102,109,24,81" hai3="96,69,89,65,129,31,66,125,82,25,56,83,44"/><U4/><E122/><V26/><F109/><N who="1" m="42057" /><E39/><V13/><F106/><W115/><G69/><T133/><D107/><U75/><E4/><V110/><F102/><W38/><G115/><T119/><D7/><U29/><E101/><V15/><F62/><W86/><G129/><T127/><D2/><U90/><E90/><V132/><F81/><W74/><G125/><T19/><D127/><U104/><E99/><V8/><F42/><W23/><G96/><N who="0" m="59783" /><D72/><N who="1" m="27723" /><E104/><V57/><F110/><W113/><G113/><T52/><D119/><U33/><N who="1" m="8192" /><DORA hai="51" /><U54/><E54/><V49/><F118/><W80/><G74/><T131/><D37/><U130/><E130/><V46/><F5/><W77/><G77/><N who="0" m="29803" /><D131/><U85/><E85/><V21/><F126/><W123/><G123/><T14/><D133/><U116/><E116/><V79/><F134/><W53/><G86/><T117/><D117/><U135/><E135/><V55/><F132/><W60/><G89/><T67/><D67/><U0/><E0/><V94/><F79/><W11/><G38/><T48/><D61/><U17/><E17/><V58/><F94/><AGARI ba="0,0" hai="28,29,93,94,95" m="8192,27723,42057" machi="94" ten="70,12000,1" yaku="28,2,10,1" doraHai="114,51" who="1" fromWho="2" sc="188,0,125,120,518,-120,169,0" /><INIT seed="5,1,0,5,3,81" ten="188,245,398,169" oya="1" hai0="103,47,37,94,97,120,92,93,41,2,72,50,56" hai1="6,8,52,83,131,44,49,53,21,48,3,18,106" hai2="15,10,28,96,24,38,95,99,27,109,33,90,66" hai3="55,114,23,36,45,60,117,7,13,113,77,70,5"/><U19/><E131/><V17/><F109/><W115/><G117/><T0/><D72/><U108/><E108/><V112/><F38/><W80/><G70/><T22/><D120/><U127/><E127/><V91/><F112/><W68/><G68/><T126/><D126/><U69/><E69/><V67/><F27/><W12/><G60/><T85/><D22/><U25/><E106/><V9/><F9/><W84/><G55/><T74/><D74/><U119/><E119/><V31/><F31/><W58/><G58/><T35/><D35/><U107/><E107/><V111/><F111/><W40/><REACH who="3" step="1"/><G23/><REACH who="3" ten="188,245,398,159" step="2"/><T11/><D56/><U105/><E105/><V98/><F66/><W130/><G130/><T134/><D134/><U14/><E83/><V86/><F67/><W100/><G100/><T101/><D103/><U129/><E129/><V125/><F125/><W59/><G59/><T89/><D94/><AGARI ba="1,1" hai="10,15,17,24,28,33,86,90,91,94,95,96,98,99" machi="94" ten="30,2000,0" yaku="7,1,52,1" doraHai="81" who="2" fromWho="0" sc="188,-23,245,0,398,33,159,0" /><INIT seed="6,0,0,4,1,35" ten="165,245,431,159" oya="2" hai0="57,72,27,48,59,1,132,122,83,42,8,12,133" hai1="130,120,30,10,13,107,102,108,5,51,76,2,104" hai2="28,33,127,124,41,61,103,105,112,7,43,110,58" hai3="3,90,68,39,123,91,106,135,69,64,34,85,78"/><V17/><F33/><W65/><G34/><T67/><D122/><U38/><E38/><V56/><F28/><W73/><G39/><T20/><D67/><U32/><E108/><V92/><F105/><W71/><G123/><T14/><D42/><U113/><E120/><V11/><F17/><W111/><G106/><T55/><D59/><U21/><E76/><V98/><F58/><W82/><G111/><T44/><D57/><U15/><E15/><V16/><F16/><W52/><G135/><N who="0" m="51787" /><D83/><U54/><E102/><V4/><F4/><W18/><G18/><N who="0" m="12695" /><D72/><U87/><E87/><V93/><F93/><W75/><G75/><T0/><D14/><U29/><E13/><V94/><F94/><W101/><G101/><T119/><D119/><U115/><E104/><V46/><F43/><W19/><G73/><T116/><D116/><U47/><E107/><V49/><F41/><W121/><G121/><T66/><D66/><U131/><E54/><V22/><F56/><W134/><G134/><T129/><D129/><U109/><E109/><V23/><F46/><W74/><G52/><T70/><D70/><U9/><E47/><V118/><F118/><W117/><G117/><T100/><D100/><U126/><E51/><V25/><F103/><W79/><G74/><T6/><AGARI ba="0,0" hai="0,1,6,8,12,44,48,55" m="12695,51787" machi="6" ten="30,4000,0" yaku="20,1,52,2" doraHai="35" who="0" fromWho="0" sc="165,40,245,-10,431,-20,159,-10" /><INIT seed="7,0,0,5,4,93" ten="205,235,411,149" oya="3" hai0="94,63,125,88,117,28,89,95,68,70,78,57,130" hai1="79,119,46,27,12,108,98,10,133,29,84,101,111" hai2="21,65,0,115,74,50,127,73,91,83,48,37,103" hai3="33,126,11,8,15,17,56,30,124,20,75,128,18"/><W1/><G75/><T25/><D117/><U41/><E133/><V5/><F37/><W66/><G66/><T100/><D130/><U58/><E58/><V51/><F103/><W34/><G30/><T123/><D123/><U35/><E119/><V105/><F105/><W67/><G67/><T52/><D125/><N who="3" m="48233" /><G56/><T135/><D100/><U54/><E54/><V129/><F73/><W4/><G128/><T36/><D36/><U60/><E60/><V26/><F74/><W82/><G82/><T16/><D78/><U61/><E61/><V55/><F83/><W112/><G112/><T53/><D53/><U81/><E46/><V19/><F55/><W114/><G114/><T116/><D135/><U69/><E41/><V59/><F65/><W106/><G106/><T40/><D40/><U121/><E69/><V24/><F59/><W96/><G96/><N who="0" m="57415" /><D116/><U107/><E121/><V86/><F129/><W134/><G134/><T39/><D39/><U14/><E14/><AGARI ba="0,0" hai="1,4,8,11,14,15,17,18,20,33,34" m="48233" machi="14" ten="30,5800,0" yaku="18,1,34,2" doraHai="93" who="3" fromWho="1" sc="205,0,235,-58,411,0,149,58" /><INIT seed="7,1,0,2,3,82" ten="205,177,411,207" oya="3" hai0="39,69,66,54,16,79,84,46,12,40,115,17,22" hai1="18,95,47,65,87,103,128,15,133,7,4,97,124" hai2="107,8,60,90,59,134,70,61,92,5,101,35,38" hai3="74,11,43,27,109,26,56,125,44,102,100,122,1"/><W91/><G122/><T114/><D54/><U25/><E133/><V48/><F38/><W13/><G1/><T71/><D66/><U83/><E128/><V0/><F35/><W49/><G74/><T9/><D84/><U14/><E124/><V10/><F70/><W120/><G120/><T28/><D28/><U3/><E3/><V58/><F134/><W119/><G125/><T78/><D71/><U117/><E117/><V52/><F101/><W63/><G119/><T41/><D41/><U73/><E73/><V42/><F107/><W88/><G102/><T53/><D53/><U57/><E47/><V130/><F130/><W132/><G100/><T20/><D69/><U72/><E72/><V55/><F10/><W86/><G91/><T33/><D33/><U81/><E25/><V89/><F92/><N who="3" m="54295" /><G132/><T118/><D118/><U67/><E83/><V94/><F94/><W116/><G116/><T2/><D2/><U135/><E135/><V24/><F90/><W75/><G75/><T129/><D129/><U76/><E15/><V34/><F89/><W50/><G50/><T23/><D17/><U85/><E85/><V108/><F48/><W105/><G105/><T62/><D62/><N who="1" m="38095" /><E67/><V113/><F61/><W30/><G30/><T93/><D93/><U127/><E127/><V96/><F60/><W19/><G109/><T32/><D32/><U111/><E111/><V112/><F108/><W21/><G11/><AGARI ba="1,0" hai="4,7,11,14,18,76,81,87,95,97,103" m="38095" machi="11" ten="30,2000,0" yaku="8,1,52,1" doraHai="82" who="1" fromWho="3" sc="205,0,177,23,411,0,207,-23" owari="205,1.0,200,-20.0,411,51.0,184,-32.0" /></mjloggm>