<mjloggm ver="2.3"><GO type="169" lobby="0"/><UN n0="%67%63%40%E6%BF%80%E8%BE%9B" n1="%E3%81%99%E3%81%AA%E3%81%B5%E3%81%8D%E3%82%93%E3%80%82" n2="%E3%83%A2%E3%83%A2%E3%81%A3%E3%81%A1" n3="%E3%83%88%E3%83%88%E3%83%AA%E5%85%88%E7%94%9F%31%39%E6%AD%B3" dan="18,16,16,19" rate="2260.21,2058.66,2032.17,2348.31" sx="M,M,M,F"/><TAIKYOKU oya="0"/><INIT seed="0,0,0,5,2,6" ten="250,250,250,250" oya="0" hai0="130,12,52,86,47,21,41,44,104,122,61,93,8" hai1="38,62,116,13,84,85,118,64,14,36,49,50,74" hai2="11,97,9,110,70,0,1,24,72,31,127,19,65" hai3="22,17,27,20,107,114,60,95,87,121,94,76,106"/><T124/><D104/><U117/><E74/><V35/><F72/><W34/><G114/><T119/><D119/><U71/><E62/><V26/><F97/><W58/><G121/><T131/><D122/><U66/><REACH who="1" step="1"/><E116/><REACH who="1" ten="250,240,250,250" step="2"/><V30/><F110/><W48/><G60/><T133/><D61/><U56/><E56/><V115/><F115/><W67/><G58/><T80/><D130/><U102/><E102/><V83/><F70/><AGARI ba="0,1" hai="13,14,36,38,49,50,64,66,70,71,84,85,117,118" machi="70" ten="25,3200,0" yaku="1,1,22,2,53,0" doraHai="6" doraHaiUra="105" who="1" fromWho="2" sc="250,0,240,42,250,-32,250,0" /><INIT seed="1,0,0,2,2,79" ten="250,282,218,250" oya="1" hai0="106,98,53,37,75,96,87,36,66,19,24,0,59" hai1="57,27,50,132,18,56,72,5,58,80,121,21,122" hai2="77,32,89,46,97,4,133,108,10,129,15,131,110" hai3="91,25,74,124,65,112,107,104,119,33,54,52,8"/><U49/><E132/><V114/><F32/><W6/><G112/><T130/><D75/><U51/><REACH who="1" step="1"/><E5/><REACH who="1" ten="250,272,218,250" step="2"/><V62/><F133/><W102/><G6/><T81/><D130/><U2/><E2/><V39/><F129/><W22/><G119/><T88/><D0/><U116/><E116/><V125/><F131/><W103/><G124/><T92/><D37/><U113/><E113/><V67/><F125/><W135/><G135/><T31/><D36/><U12/><E12/><V84/><F114/><W71/><G107/><T63/><D106/><U11/><E11/><V76/><F15/><W9/><G8/><T78/><D19/><U86/><E86/><V85/><F10/><W90/><G9/><T35/><REACH who="0" step="1"/><D98/><REACH who="0" ten="240,272,218,250" step="2"/><U73/><E73/><V64/><F97/><W101/><G74/><T83/><D83/><U68/><E68/><V30/><F4/><W134/><G134/><T105/><D105/><U26/><E26/><V34/><F108/><W111/><G111/><T61/><D61/><U13/><E13/><V69/><F62/><W38/><G38/><T99/><D99/><U23/><E23/><V47/><F39/><W42/><G104/><T20/><D20/><U70/><E70/><V100/><F69/><W44/><G22/><T1/><D1/><U3/><E3/><V48/><F110/><W128/><G128/><T126/><D126/><U14/><E14/><V117/><F117/><W95/><G71/><T17/><D17/><U45/><E45/><V41/><F46/><W123/><G44/><T29/><D29/><U16/><E16/><V82/><F47/><RYUUKYOKU ba="0,2" sc="240,15,272,15,218,-15,250,-15" hai0="24,31,35,53,59,63,66,78,81,87,88,92,96" hai1="18,21,27,49,50,51,56,57,58,72,80,121,122" /><INIT seed="1,1,2,2,4,103" ten="255,287,203,235" oya="1" hai0="23,120,65,132,113,79,108,15,99,40,1,110,56" hai1="96,125,6,27,52,28,101,68,71,2,8,109,60" hai2="83,123,92,17,100,16,93,97,21,107,54,76,48" hai3="81,112,66,98,51,61,58,87,102,84,10,47,20"/><U34/><E125/><V95/><F123/><W12/><G112/><T31/><D79/><U91/><E91/><V18/><F21/><W44/><G20/><T72/><D72/><U114/><E114/><V111/><F111/><W127/><G127/><T90/><D1/><U35/><E35/><V39/><F39/><W119/><G119/><T45/><D113/><U117/><E117/><V94/><F94/><N who="3" m="58711" /><G81/><T22/><D120/><U131/><E131/><V3/><F3/><W133/><G133/><T46/><D132/><U13/><E2/><V36/><F36/><W63/><G63/><N who="0" m="38119" /><D15/><U50/><E60/><V0/><F0/><W42/><G44/><N who="0" m="17003" /><D40/><U64/><E64/><V105/><F105/><W14/><G12/><T69/><D69/><U41/><E41/><V32/><F32/><W38/><G38/><T19/><D19/><AGARI ba="1,2" hai="10,14,19,42,47,51,58,61,66,84,87" m="58711" machi="19" ten="30,1000,0" yaku="8,1" doraHai="103" who="3" fromWho="0" sc="255,-13,287,0,203,0,235,33" /><INIT seed="2,0,0,0,4,64" ten="242,287,203,268" oya="2" hai0="76,7,118,107,53,36,0,80,59,70,30,117,96" hai1="19,89,51,57,93,124,87,13,86,122,16,25,71" hai2="134,125,60,92,11,32,55,6,132,79,33,98,68" hai3="56,54,83,65,45,91,111,101,10,23,12,46,97"/><V78/><F125/><W24/><G65/><T104/><D36/><U69/><E124/><V41/><F41/><W112/><G111/><T1/><D30/><U8/><E122/><V74/><F32/><W3/><G3/><T40/><D40/><U94/><E25/><V105/><F33/><W42/><G112/><T31/><D31/><U27/><E27/><V99/><F105/><W22/><G83/><T15/><D15/><U26/><E26/><V88/><F98/><W133/><G133/><N who="2" m="51305" /><F74/><W44/><G42/><T73/><D96/><U109/><E109/><V100/><F100/><W21/><G91/><T9/><D1/><U130/><E130/><V95/><F95/><W131/><G131/><T110/><D70/><U129/><E129/><V17/><F17/><W121/><G121/><T115/><D115/><U102/><E19/><V38/><F38/><W90/><G90/><T61/><REACH who="0" step="1"/><D110/><REACH who="0" ten="232,287,203,268" step="2"/><U113/><E113/><V18/><F68/><W135/><G135/><T67/><D67/><U34/><E71/><V63/><F18/><N who="3" m="8471" /><G97/><T116/><AGARI ba="0,1" hai="0,7,9,53,59,61,73,76,80,104,107,116,117,118" machi="116" ten="30,7900,0" yaku="1,1,0,1,12,1,53,1" doraHai="64" doraHaiUra="48" who="0" fromWho="0" sc="232,89,287,-20,203,-39,268,-20" /><INIT seed="3,0,0,1,4,53" ten="321,267,164,248" oya="3" hai0="49,96,82,48,123,38,110,30,27,101,61,129,112" hai1="75,122,87,14,125,84,105,15,118,104,71,68,117" hai2="89,54,59,51,17,93,44,1,3,8,79,81,124" hai3="88,134,74,5,10,106,100,7,77,90,60,46,95"/><W13/><G134/><T25/><D123/><U131/><E75/><V9/><F124/><W121/><G121/><T2/><D38/><U47/><E122/><V23/><F1/><W62/><G106/><T58/><D110/><U85/><E47/><V20/><F20/><W109/><G109/><T18/><D129/><U29/><E29/><V69/><F69/><N who="1" m="26697" /><E125/><V98/><F3/><W126/><G126/><T50/><D2/><U28/><E28/><V113/><F113/><W57/><G62/><T39/><D39/><U41/><E41/><V83/><F44/><W63/><G60/><T78/><D18/><U108/><E108/><V102/><F102/><W116/><G116/><N who="1" m="44650" /><E131/><V36/><F36/><W19/><G46/><T114/><D114/><U130/><E130/><V65/><F65/><N who="3" m="39151" /><G77/><T97/><D112/><U66/><E66/><V111/><F111/><W45/><G74/><T72/><D30/><U76/><E76/><V80/><REACH who="2" step="1"/><F79/><REACH who="2" ten="321,267,154,248" step="2"/><W127/><G45/><T0/><D0/><U33/><E33/><V67/><F67/><W26/><G127/><T22/><D78/><U37/><E37/><V91/><F91/><N who="3" m="34859" /><G26/><AGARI ba="0,1" hai="8,9,17,23,26,51,54,59,80,81,83,89,93,98" machi="26" ten="40,5200,0" yaku="1,1,8,1,52,1,53,0" doraHai="53" doraHaiUra="34" who="2" fromWho="3" sc="321,0,267,0,154,62,248,-52" /><INIT seed="4,0,0,1,0,112" ten="321,267,216,196" oya="0" hai0="85,6,42,19,66,73,84,111,119,103,77,108,13" hai1="105,53,48,54,134,97,17,113,3,58,22,37,100" hai2="41,45,38,76,29,81,31,128,104,110,127,117,33" hai3="92,11,93,16,133,52,61,9,15,130,0,18,2"/><T8/><D103/><U56/><E37/><V82/><F110/><N who="0" m="42026" /><D66/><U59/><E113/><V23/><F128/><W74/><G74/><T49/><D73/><U95/><E134/><V114/><F114/><W125/><G130/><T35/><D35/><U10/><E105/><V47/><F127/><W12/><G125/><T122/><D122/><U102/><E102/><V46/><F104/><W25/><G133/><T99/><D99/><U14/><E3/><V60/><F33/><W40/><G40/><T64/><D64/><U70/><E70/><V89/><F60/><W30/><G0/><T109/><D119/><U80/><E80/><V106/><F106/><W87/><G87/><T68/><D68/><U1/><E1/><V98/><F117/><W121/><G2/><T120/><D120/><U51/><REACH who="1" step="1"/><E59/><REACH who="1" ten="321,257,216,196" step="2"/><V26/><F81/><W78/><G121/><T83/><D109/><U62/><E62/><V132/><F132/><W20/><G78/><T5/><D85/><U88/><E88/><V107/><F76/><W7/><G7/><T32/><D6/><U27/><E27/><V65/><F26/><W55/><G61/><T50/><D5/><U21/><AGARI ba="0,1" hai="10,14,17,21,22,48,51,53,54,56,58,95,97,100" machi="21" ten="30,8000,1" yaku="1,1,0,1,9,1,8,1,53,1" doraHai="112" doraHaiUra="94" who="1" fromWho="1" sc="321,-40,257,90,216,-20,196,-20" /><INIT seed="5,0,0,1,2,29" ten="281,347,196,176" oya="1" hai0="106,13,105,12,62,19,135,1,94,30,34,86,28" hai1="125,55,78,37,116,26,96,98,90,22,100,128,93" hai2="21,50,6,20,114,2,58,14,64,111,118,119,69" hai3="97,15,121,108,59,49,76,63,8,24,83,77,92"/><U16/><E116/><V56/><F111/><W10/><G121/><T123/><D1/><U110/><E110/><V70/><F2/><W73/><G108/><T130/><D123/><U109/><E109/><V46/><F6/><W44/><G76/><T81/><D94/><U7/><E37/><V95/><F95/><W133/><G133/><T88/><D135/><U124/><E128/><V80/><F80/><W127/><G127/><N who="1" m="48714" /><E78/><V67/><F14/><W120/><G24/><T84/><D130/><U79/><E79/><V32/><F50/><W23/><G23/><T45/><D45/><U72/><E72/><V9/><F46/><W126/><G15/><T17/><D62/><U0/><E55/><V66/><F66/><W102/><G126/><T39/><D39/><U60/><E60/><V11/><F114/><W54/><REACH who="3" step="1"/><G120/><REACH who="3" ten="281,347,196,166" step="2"/><T53/><D12/><U107/><E0/><V41/><F41/><AGARI ba="0,1" hai="8,10,41,44,49,54,59,63,73,77,83,92,97,102" machi="41" ten="30,3900,0" yaku="1,1,2,1,7,1,53,0" doraHai="29" doraHaiUra="25" who="3" fromWho="2" sc="281,0,347,0,196,-39,166,49" /><INIT seed="6,0,0,3,4,117" ten="281,347,157,215" oya="2" hai0="46,125,133,2,123,9,116,20,42,109,59,32,77" hai1="31,115,90,4,38,111,44,48,69,37,100,56,98" hai2="129,78,34,112,120,8,82,27,108,88,132,1,65" hai3="61,0,5,43,18,119,79,97,10,91,41,95,106"/><V74/><F112/><W3/><G119/><T13/><D32/><U14/><E69/><V68/><F132/><W15/><G3/><T81/><D116/><U45/><E111/><V73/><F108/><W7/><G106/><T93/><D109/><U110/><E110/><V57/><F129/><W92/><G79/><T134/><D125/><U85/><E115/><V63/><F73/><W121/><G121/><T70/><D70/><U89/><E31/><V39/><F39/><W101/><G61/><T118/><D59/><U21/><E38/><V25/><F120/><W72/><G72/><N who="0" m="43175" /><D93/><U99/><E37/><V113/><F113/><W50/><G50/><T84/><D84/><U64/><E100/><V52/><F34/><W12/><G0/><T135/><D118/><U26/><E14/><V102/><F102/><W62/><G62/><T94/><D94/><N who="1" m="54575" /><E4/><V28/><F28/><W11/><REACH who="3" step="1"/><G18/><REACH who="3" ten="281,347,157,205" step="2"/><N who="0" m="10319" /><D123/><U58/><E48/><V30/><F30/><W66/><G66/><T127/><D127/><U104/><E64/><V55/><F55/><W124/><G124/><T87/><D2/><U51/><E51/><V103/><F103/><W126/><G126/><T36/><D134/><U67/><E67/><V22/><F22/><W83/><G83/><T24/><D135/><U54/><E54/><V130/><F130/><W49/><G49/><T60/><D60/><U40/><E104/><V47/><F47/><W33/><G33/><T107/><D133/><U71/><E45/><V128/><F128/><W16/><G16/><T35/><D35/><U17/><E44/><V19/><F19/><RYUUKYOKU ba="0,1" sc="281,-10,347,-10,157,-10,205,30" hai3="5,7,10,11,12,15,41,43,91,92,95,97,101" /><INIT seed="7,1,1,1,4,110" ten="271,337,147,235" oya="3" hai0="112,68,84,42,46,82,100,93,90,9,81,11,10" hai1="134,6,124,45,2,88,87,65,48,67,114,121,107" hai2="12,111,133,17,24,105,38,83,66,33,126,28,18" hai3="129,91,13,70,4,25,79,40,108,96,85,97,32"/><W39/><G70/><T3/><D68/><U135/><E121/><V7/><F105/><W21/><G108/><T62/><D62/><U34/><E107/><V52/><F111/><W130/><G79/><T113/><D3/><U76/><E76/><V104/><F104/><W30/><G39/><T60/><D60/><U37/><E37/><V119/><F119/><W31/><G40/><T71/><D71/><U80/><E34/><V98/><F126/><W59/><G59/><T49/><D100/><U22/><E124/><V55/><F133/><N who="1" m="50697" /><E22/><V72/><F38/><W53/><G53/><T54/><D54/><N who="1" m="29967" /><E114/><AGARI ba="1,1" hai="9,10,11,42,46,49,81,82,84,90,93,112,113,114" machi="114" ten="40,8000,1" yaku="15,1,11,1,52,3" doraHai="110" who="0" fromWho="1" sc="271,93,337,-83,147,0,235,0" owari="364,46.0,254,5.0,147,-35.0,235,-16.0" /></mjloggm>