<mjloggm ver="2.3"><GO type="169" lobby="0"/><UN n0="%E3%82%A6%E3%83%AB%E3%83%88%E3%83%A9%E7%AB%8B%E7%9B%B4" n1="%E3%81%AB%E3%82%87%E3%82%8D%E3%83%BC%E3%82%93%E8%A9%A6%E4%BD%9C%E6%A9%9F" n2="%E2%80%A0%73%74%72%61%77%E2%80%A0" n3="%E6%B2%96%E3%83%92%E3%82%AB%E3%83%AB%EF%BC%88%E6%9C%AC%E7%89%A9%EF%BC%89" dan="18,17,16,16" rate="2231.71,2192.14,2098.35,2056.86" sx="M,M,M,F"/><TAIKYOKU oya="0"/><INIT seed="0,0,0,3,4,17" ten="250,250,250,250" oya="0" hai0="107,101,108,116,63,103,73,66,114,122,89,0,9" hai1="14,125,95,80,90,85,112,36,16,76,131,59,115" hai2="22,94,104,34,52,11,23,25,68,98,53,129,32" hai3="121,26,49,62,4,19,127,45,78,100,35,31,102"/><T47/><D114/><N who="1" m="43563" /><E36/><V120/><F120/><W86/><G121/><T12/><D0/><U96/><E131/><V91/><F68/><W124/><G4/><T58/><D116/><U70/><E70/><V37/><F37/><W126/><G62/><T105/><D122/><U38/><E38/><V109/><F104/><W29/><G29/><T42/><D73/><U33/><E33/><V56/><F109/><W128/><G128/><T50/><D108/><U21/><E59/><V61/><F129/><W8/><G78/><T72/><D72/><U84/><E125/><V97/><F11/><W24/><G86/><AGARI ba="0,0" hai="14,16,21,76,80,84,85,86,90,95,96" m="43563" machi="86" ten="30,3900,0" yaku="11,1,52,1,54,1" doraHai="17" who="1" fromWho="3" sc="250,0,250,39,250,0,250,-39" /><INIT seed="1,0,0,0,4,78" ten="250,289,250,211" oya="1" hai0="114,117,24,119,81,66,4,42,21,107,35,20,93" hai1="29,60,43,116,7,46,48,85,47,72,130,121,58" hai2="38,95,124,2,67,118,102,77,94,37,75,39,49" hai3="125,129,36,69,92,109,8,40,73,131,113,51,122"/><U115/><E115/><V132/><F118/><W57/><G92/><T34/><D107/><U22/><E116/><V9/><F124/><W70/><G73/><T68/><D93/><U87/><E121/><V28/><F132/><W55/><G8/><T108/><D42/><U99/><E72/><V86/><F75/><W23/><G23/><T71/><D66/><U61/><E130/><N who="3" m="49674" /><G122/><T106/><D106/><U104/><E46/><V79/><F28/><W74/><G74/><T123/><D123/><U110/><E110/><V80/><F9/><W41/><G113/><T12/><D114/><U82/><E61/><V26/><F26/><W65/><G109/><T19/><D108/><U25/><E7/><V50/><F2/><W64/><G125/><T3/><D3/><U97/><E104/><V120/><F120/><W44/><G41/><T16/><D4/><U88/><E87/><V84/><F102/><W56/><G56/><T126/><D126/><U18/><REACH who="1" step="1"/><E29/><REACH who="1" ten="250,279,250,211" step="2"/><V128/><F86/><W96/><G96/><T101/><D119/><U89/><E89/><V134/><F128/><W135/><G135/><T133/><D133/><U17/><E17/><V100/><F134/><W11/><G11/><T0/><D117/><U33/><E33/><V63/><F84/><W91/><G91/><T10/><D35/><U15/><E15/><V127/><F127/><W112/><G112/><T32/><D34/><U59/><E59/><V90/><F90/><W6/><G6/><T31/><D32/><U52/><AGARI ba="0,1" hai="18,22,25,43,47,48,52,58,60,82,85,88,97,99" machi="52" ten="20,18000,2" yaku="1,1,0,1,7,1,8,1,52,1,54,2,53,0" doraHai="78" doraHaiUra="103" who="1" fromWho="1" sc="250,-60,279,190,250,-60,211,-60" /><INIT seed="1,1,0,3,5,47" ten="190,469,190,151" oya="1" hai0="49,4,31,84,37,30,112,130,19,51,3,95,13" hai1="103,74,73,52,21,53,75,98,83,39,107,87,24" hai2="20,67,12,82,38,72,62,26,108,22,58,6,33" hai3="114,115,119,100,125,71,36,132,90,60,113,48,127"/><U110/><E39/><V15/><F38/><W105/><G90/><N who="0" m="53703" /><D3/><U80/><E110/><V111/><F33/><W117/><G100/><T121/><D37/><U128/><E128/><V8/><F15/><W86/><G105/><T2/><D2/><U23/><E23/><V129/><F129/><W32/><G32/><T44/><D112/><U56/><E87/><V10/><F10/><W63/><G36/><T17/><D130/><U28/><REACH who="1" step="1"/><E53/><REACH who="1" ten="190,459,190,151" step="2"/><V59/><F22/><W78/><G132/><T42/><D121/><U131/><E131/><V43/><F20/><W91/><G71/><T66/><D31/><U14/><E14/><V29/><F29/><W135/><G135/><T118/><D30/><U27/><E27/><V97/><F26/><W77/><G119/><T102/><D118/><U101/><E101/><V69/><F111/><W94/><G117/><T134/><D102/><U96/><E96/><V106/><F108/><W122/><G122/><T46/><D134/><U126/><E126/><V76/><F97/><W92/><G127/><T5/><D13/><U18/><E18/><N who="0" m="6665" /><D66/><U41/><E41/><AGARI ba="1,1" hai="4,5,41,42,44,46,49,51" m="6665,53703" machi="41" ten="30,3900,0" yaku="8,1,52,2" doraHai="47" who="0" fromWho="1" sc="190,52,459,-42,190,0,151,0" /><INIT seed="2,0,0,0,1,129" ten="242,417,190,151" oya="2" hai0="76,46,54,65,34,32,87,94,117,126,105,52,78" hai1="79,4,82,44,95,59,33,24,18,96,47,69,124" hai2="48,39,19,93,53,120,108,111,130,135,1,97,133" hai3="103,128,11,7,15,100,9,23,50,37,90,102,84"/><V110/><F120/><W40/><G128/><T85/><D105/><U58/><E69/><V49/><F39/><W30/><G37/><T107/><D107/><U14/><E124/><V3/><F130/><W20/><G11/><T83/><D126/><U2/><E2/><N who="2" m="523" /><F19/><W21/><G40/><T26/><D117/><U74/><E4/><V55/><F48/><W45/><G45/><T112/><D112/><U71/><E71/><V67/><F67/><W77/><G77/><T101/><D65/><U66/><E33/><V132/><F49/><W80/><REACH who="3" step="1"/><G50/><REACH who="3" ten="242,417,190,141" step="2"/><T70/><D46/><U89/><E47/><V43/><F43/><W17/><G17/><T64/><D78/><U12/><E44/><V98/><F98/><W36/><G36/><T41/><D76/><U0/><E96/><V118/><F118/><W131/><G131/><T81/><D41/><U123/><E79/><V22/><F22/><W8/><G8/><T6/><D34/><U119/><E119/><V16/><F16/><W72/><G72/><T116/><D32/><U99/><E99/><V127/><F127/><W5/><G5/><T60/><D6/><U35/><E35/><V63/><F63/><W31/><AGARI ba="0,1" hai="7,9,15,20,21,23,30,31,80,84,90,100,102,103" machi="31" ten="40,5200,0" yaku="1,1,0,1,8,1,53,0" doraHai="129" doraHaiUra="38" who="3" fromWho="3" sc="242,-13,417,-13,190,-26,141,62" /><INIT seed="3,0,0,1,4,101" ten="229,404,164,203" oya="3" hai0="42,133,21,106,62,13,129,118,57,15,131,126,73" hai1="36,96,90,50,115,4,75,123,55,48,107,128,86" hai2="17,114,24,6,66,94,87,109,124,105,119,130,82" hai3="14,108,43,34,83,0,64,127,110,9,71,35,23"/><W63/><G43/><T49/><D73/><U31/><E123/><V77/><F114/><W134/><G134/><T81/><D118/><U44/><E75/><V88/><F119/><W97/><G127/><T3/><D3/><U53/><E36/><V61/><F109/><N who="3" m="42091" /><G83/><T58/><D81/><U56/><E128/><V93/><F124/><W76/><G76/><T59/><D62/><U116/><E4/><V84/><F130/><W69/><G69/><T99/><D126/><U41/><E31/><V80/><F105/><W79/><G79/><T5/><D106/><U112/><E116/><V68/><REACH who="2" step="1"/><F6/><REACH who="2" ten="229,404,154,203" step="2"/><N who="3" m="1223" /><G97/><T52/><D99/><U32/><E96/><V1/><F1/><W60/><G60/><T122/><D131/><U38/><E115/><V10/><F10/><W72/><G72/><T7/><D129/><U104/><E112/><V29/><F29/><W8/><G8/><T89/><D5/><U30/><E30/><V117/><F117/><W103/><G103/><T132/><D7/><U95/><E32/><V22/><AGARI ba="0,1" hai="17,22,24,61,66,68,77,80,82,84,87,88,93,94" machi="22" ten="30,4000,0" yaku="1,1,0,1,54,1,53,0" doraHai="101" doraHaiUra="46" who="2" fromWho="2" sc="229,-10,404,-10,154,50,203,-20" /><INIT seed="4,0,0,3,0,16" ten="219,394,204,183" oya="0" hai0="46,63,105,108,98,31,102,128,13,95,117,82,72" hai1="50,19,111,97,43,39,87,126,86,29,27,113,116" hai2="42,74,10,4,5,32,89,67,20,134,129,59,94" hai3="119,68,135,131,130,45,6,2,26,123,109,80,66"/><T84/><D117/><U121/><E111/><V18/><F32/><W38/><G80/><T37/><D128/><N who="3" m="49193" /><G26/><T53/><D108/><U60/><E121/><V57/><F74/><W79/><G79/><T92/><D31/><U100/><E39/><V24/><F134/><W93/><G93/><T88/><D37/><U9/><E126/><V14/><F129/><W44/><G109/><T47/><D95/><N who="1" m="58431" /><E60/><V17/><F42/><N who="3" m="22615" /><G119/><T33/><D33/><U76/><E113/><V41/><F41/><W133/><G45/><T35/><D35/><U124/><E124/><V48/><F4/><W104/><G104/><T51/><D47/><U73/><E73/><V61/><F5/><W12/><G12/><T11/><D72/><U103/><E27/><V21/><F10/><N who="3" m="2391" /><G123/><T83/><REACH who="0" step="1"/><D63/><AGARI ba="0,0" hai="63,66,68,133,135" m="2391,22615,49193" machi="63" ten="30,2000,0" yaku="19,1,23,1" doraHai="16" who="3" fromWho="0" sc="219,-20,394,0,204,0,183,20" /><INIT seed="5,0,0,5,3,52" ten="199,394,204,203" oya="1" hai0="83,64,28,122,65,56,48,103,26,125,1,120,25" hai1="33,81,131,98,7,127,76,88,116,55,6,39,108" hai2="75,12,102,121,37,95,8,135,54,91,45,38,51" hai3="92,113,9,123,106,5,85,77,53,35,11,47,130"/><U115/><E116/><V87/><F121/><N who="0" m="46698" /><D1/><U10/><E115/><V69/><F69/><W104/><G113/><T57/><D125/><U129/><E127/><V79/><F135/><W90/><G123/><T34/><D103/><U71/><E71/><V29/><F29/><W118/><G35/><T4/><D4/><U40/><E33/><V41/><F102/><W60/><G118/><T43/><D26/><U66/><E66/><N who="0" m="25705" /><D83/><U110/><E40/><V27/><F27/><W63/><G11/><T68/><D68/><U2/><E39/><V107/><F107/><W30/><G30/><T117/><D117/><U101/><E55/><V96/><F75/><W67/><G67/><T0/><D0/><U15/><E7/><V18/><F79/><W58/><G77/><T126/><D126/><U36/><E36/><V124/><F124/><W109/><G106/><T3/><D3/><U62/><E62/><V22/><F8/><W128/><G104/><T133/><D133/><U114/><E114/><V111/><F111/><N who="1" m="42537" /><E2/><V17/><F17/><W42/><G109/><T73/><D73/><N who="1" m="43151" /><E101/><V49/><F38/><N who="3" m="21975" /><G9/><T32/><D32/><U16/><E6/><V21/><F37/><W44/><G5/><T13/><D13/><U72/><E72/><V97/><F22/><W86/><G63/><T74/><D74/><U23/><E10/><V46/><AGARI ba="0,0" hai="12,18,21,41,45,46,49,51,54,87,91,95,96,97" machi="46" ten="20,2700,0" yaku="0,1,7,1,8,1" doraHai="52" who="2" fromWho="2" sc="199,-7,394,-13,204,27,203,-7" /><INIT seed="6,0,0,5,4,91" ten="192,381,231,196" oya="2" hai0="36,63,2,130,57,80,134,90,103,74,50,58,14" hai1="7,35,112,56,77,32,122,66,93,132,31,89,60" hai2="126,21,79,33,42,27,95,44,3,67,124,48,114" hai3="8,59,87,4,71,12,13,118,100,99,86,45,18"/><V54/><F3/><W116/><G71/><T110/><D36/><U26/><E112/><V121/><F121/><W98/><G118/><T84/><D2/><U46/><E122/><V10/><F114/><W97/><G116/><T123/><D110/><U115/><E115/><V94/><F33/><W76/><G45/><T69/><D123/><U88/><E132/><V92/><F10/><W70/><G70/><T85/><D74/><U65/><E77/><V1/><F1/><W113/><G113/><T20/><D130/><U125/><E7/><V127/><F67/><W131/><G131/><T109/><D109/><U78/><E78/><V34/><F34/><W16/><G100/><T11/><D103/><U29/><E125/><V15/><F15/><W5/><G59/><T129/><D129/><U75/><E75/><V41/><F79/><W108/><G108/><T102/><D102/><U64/><E46/><V19/><AGARI ba="0,0" hai="19,21,27,41,42,44,48,54,92,94,95,124,126,127" machi="19" ten="40,12000,1" yaku="0,1,18,1,52,3" doraHai="91" who="2" fromWho="2" sc="192,-40,381,-40,231,120,196,-40" /><INIT seed="6,1,0,0,0,39" ten="152,341,351,156" oya="2" hai0="51,102,112,118,32,35,70,27,121,91,57,4,16" hai1="44,20,54,1,73,128,21,133,89,106,64,23,120" hai2="99,14,33,40,61,11,2,100,122,113,59,41,8" hai3="58,12,13,103,3,104,30,25,66,124,82,107,22"/><V135/><F122/><W36/><G3/><T131/><D70/><U88/><E106/><V24/><F113/><W84/><G36/><T126/><D102/><U52/><E73/><V111/><F135/><W9/><G124/><T26/><D57/><U105/><E105/><V0/><F111/><W67/><G107/><T101/><D101/><U28/><E1/><V94/><F0/><W46/><G46/><T132/><D91/><N who="1" m="34891" /><E128/><V95/><F2/><W17/><G104/><T96/><D51/><N who="1" m="28775" /><E133/><V85/><F85/><W50/><G103/><T68/><D68/><U18/><E28/><V123/><F95/><W43/><G13/><T97/><D132/><U78/><E78/><V60/><F123/><W48/><G48/><T125/><D131/><U109/><E109/><V110/><F110/><W69/><G69/><T80/><D121/><U81/><E64/><N who="2" m="38943" /><F33/><W90/><G43/><N who="2" m="16457" /><F24/><W62/><G50/><T29/><D27/><N who="1" m="14743" /><E120/><V115/><F115/><W74/><G74/><T45/><D112/><U75/><E75/><V98/><F98/><W129/><G129/><T63/><D97/><U76/><E76/><V42/><F42/><W34/><G34/><T31/><D96/><U117/><E81/><V19/><F61/><W116/><G116/><T15/><D63/><U77/><E77/><V56/><F56/><W86/><G86/><T108/><D118/><U79/><E79/><V49/><F49/><W71/><G71/><T92/><D108/><U6/><E117/><V47/><F47/><W37/><G37/><T65/><D45/><U87/><E87/><V10/><AGARI ba="1,0" hai="8,10,11,14,19,94,99,100" m="16457,38943" machi="10" ten="30,12000,1" yaku="5,1,8,1,52,3" doraHai="39" who="2" fromWho="2" sc="152,-41,341,-41,351,123,156,-41" /><INIT seed="6,2,0,3,3,112" ten="111,300,474,115" oya="2" hai0="49,118,125,19,108,67,21,110,75,57,129,0,61" hai1="77,42,96,48,35,124,89,55,9,81,60,105,2" hai2="120,133,83,109,33,14,78,18,62,85,17,32,97" hai3="34,103,131,6,1,121,63,93,39,117,11,40,22"/><V4/><F120/><W123/><G34/><T86/><D75/><U102/><E35/><V88/><F133/><W130/><G39/><T115/><D0/><U5/><E124/><V23/><F4/><W127/><G40/><T45/><D129/><N who="3" m="49161" /><G127/><T65/><D125/><U10/><E10/><V28/><F28/><W92/><G117/><T12/><D115/><U82/><E89/><V47/><F47/><W46/><G46/><T64/><D118/><U66/><E42/><V107/><F62/><W25/><G63/><T16/><D108/><U13/><E2/><V20/><F109/><W15/><G1/><T27/><D86/><U70/><E77/><V54/><F54/><W36/><G36/><T76/><D76/><U30/><E30/><V87/><F97/><N who="3" m="59815" /><G93/><T68/><D68/><U26/><E26/><V37/><F107/><W90/><G90/><T135/><D110/><U114/><E114/><V7/><F7/><W84/><G84/><T79/><D79/><U59/><AGARI ba="2,0" hai="5,9,13,48,55,59,60,66,70,81,82,96,102,105" machi="59" ten="20,1500,0" yaku="0,1,7,1" doraHai="112" who="1" fromWho="1" sc="111,-6,300,21,474,-9,115,-6" /><INIT seed="7,0,0,1,2,47" ten="105,321,465,109" oya="3" hai0="101,135,77,65,81,30,122,131,127,62,104,100,58" hai1="117,50,106,112,40,56,129,67,13,86,38,98,26" hai2="92,55,64,54,130,126,12,66,43,14,134,19,69" hai3="132,9,24,79,118,105,124,41,49,7,110,63,102"/><W2/><G118/><T45/><D122/><U123/><E123/><V61/><F126/><W103/><G124/><T71/><D127/><U57/><E106/><V46/><F134/><W74/><G132/><T72/><D135/><U128/><E98/><V33/><F33/><W16/><G105/><T28/><D131/><U83/><E112/><V27/><F66/><W91/><G110/><T116/><D116/><U5/><E56/><V120/><F120/><W133/><G133/><T97/><D101/><U84/><E86/><V59/><F92/><W89/><G63/><T20/><D45/><U88/><E26/><V44/><F130/><W1/><G1/><T18/><D71/><U36/><E117/><V3/><F3/><W39/><G103/><T94/><D104/><U125/><E50/><V82/><F82/><N who="3" m="45431" /><G49/><T17/><D17/><U21/><E57/><V48/><F55/><W29/><G16/><T22/><D22/><U113/><E13/><AGARI ba="0,0" hai="13,18,20,28,30,58,62,65,72,77,81,94,97,100" machi="13" ten="30,1000,0" yaku="7,1" doraHai="47" who="0" fromWho="1" sc="105,10,321,-10,465,0,109,0" owari="115,-28.0,311,11.0,465,56.0,109,-39.0" /></mjloggm>