<mjloggm ver="2.3"><GO type="169" lobby="0"/><UN n0="%E3%82%A6%E3%83%AB%E3%83%88%E3%83%A9%E7%AB%8B%E7%9B%B4" n1="%37%79%79%79%79%79%79" n2="%E2%98%86%E7%8E%89%E6%A8%B9%E6%A1%9C%E2%98%86" n3="%6D%6F%6E%6F%2D%31%34" dan="18,16,17,16" rate="2228.80,2103.90,2181.45,2058.03" sx="M,M,F,M"/><TAIKYOKU oya="0"/><INIT seed="0,0,0,4,1,14" ten="250,250,250,250" oya="0" hai0="88,89,47,112,115,8,134,64,86,57,3,21,48" hai1="46,107,108,131,135,92,102,104,128,17,36,67,76" hai2="113,130,54,40,10,20,18,50,111,23,122,81,43" hai3="61,66,56,69,72,60,52,44,38,82,121,79,6"/><T100/><D134/><U68/><E108/><V41/><F122/><W133/><G133/><T83/><D100/><U33/><E33/><V91/><F113/><W105/><G105/><T32/><D32/><U63/><E135/><V45/><F111/><W87/><G121/><T94/><D21/><U12/><E76/><V85/><F130/><N who="1" m="49705" /><E92/><V97/><F97/><W55/><G6/><T114/><D3/><U116/><E102/><V129/><F129/><W0/><G0/><T22/><D8/><N who="1" m="6279" /><E116/><V78/><F78/><W70/><G72/><T24/><D94/><U29/><E29/><V15/><AGARI ba="0,0" hai="10,15,18,20,23,40,41,43,45,50,54,81,85,91" machi="15" ten="30,8000,1" yaku="0,1,25,2,8,1,52,1" doraHai="14" who="2" fromWho="2" sc="250,-40,250,-20,250,80,250,-20" /><INIT seed="1,0,0,1,4,27" ten="210,230,330,230" oya="1" hai0="126,116,52,55,102,19,111,79,25,106,8,3,0" hai1="69,92,93,44,53,133,75,132,6,43,112,36,125" hai2="131,83,62,95,12,46,42,40,89,21,73,134,51" hai3="35,76,90,1,97,98,127,72,121,99,50,34,119"/><U117/><E117/><V84/><F134/><N who="1" m="51817" /><E75/><V74/><F131/><W118/><G1/><T15/><D116/><N who="3" m="44585" /><G90/><T37/><D37/><U57/><E69/><V58/><F42/><W135/><G50/><T104/><D79/><U86/><E112/><V91/><F12/><W31/><G135/><T29/><D111/><U114/><E125/><V129/><F21/><W49/><G49/><T109/><D109/><U124/><E124/><V18/><F18/><W65/><G65/><T22/><D126/><U103/><E6/><V26/><F26/><N who="3" m="18807" /><G35/><T33/><D0/><U85/><E103/><V9/><F129/><W60/><G60/><T81/><D81/><U70/><E70/><V59/><F59/><W128/><G127/><T16/><D102/><U130/><E130/><V64/><F9/><W56/><G121/><T23/><D19/><U7/><E7/><V4/><F4/><W88/><G56/><T101/><D101/><U110/><E114/><V32/><F32/><W17/><G17/><T11/><D11/><U10/><E10/><V123/><F123/><W5/><G5/><N who="0" m="1087" /><D23/><U94/><E110/><V68/><F68/><W122/><G122/><T14/><D14/><U30/><E30/><V2/><F2/><W87/><G128/><T24/><D24/><U107/><E107/><AGARI ba="0,0" hai="15,16,22,25,29,33,52,55,104,106,107" m="1087" machi="107" ten="30,7700,0" yaku="24,1,52,1,54,2" doraHai="27" who="0" fromWho="1" sc="210,77,230,-77,330,0,230,0" /><INIT seed="2,0,0,1,3,26" ten="287,153,330,230" oya="2" hai0="116,17,52,67,75,132,32,18,84,81,103,108,2" hai1="114,62,92,94,125,29,70,35,120,74,23,16,11" hai2="101,53,73,119,134,9,47,55,22,133,57,131,85" hai3="127,110,102,126,86,124,7,129,111,38,130,14,61"/><V24/><F119/><W63/><G102/><T12/><D2/><U112/><E74/><V41/><F73/><W42/><G7/><T93/><D108/><N who="3" m="41513" /><G14/><T10/><D32/><U49/><E120/><V37/><F131/><N who="3" m="50187" /><G86/><T97/><D132/><N who="2" m="50794" /><F101/><W71/><G71/><T115/><D115/><U78/><E114/><V50/><F9/><W82/><G82/><T43/><D75/><U20/><E35/><V56/><F85/><W28/><G28/><T83/><D116/><U91/><E78/><V117/><F117/><W30/><G30/><T60/><D18/><U122/><E122/><V1/><F1/><W64/><G64/><T65/><D83/><U0/><E0/><V76/><F76/><W3/><G3/><T51/><D84/><U39/><E112/><V15/><F15/><W34/><G34/><T48/><D81/><U33/><E33/><V123/><F123/><W135/><G135/><T121/><D121/><U113/><E91/><V21/><F24/><W105/><G105/><T59/><D67/><U4/><E4/><V27/><F27/><W31/><G31/><T104/><D104/><U54/><E113/><V8/><F8/><W107/><G107/><T40/><REACH who="0" step="1"/><D51/><AGARI ba="0,0" hai="21,22,37,41,47,50,51,53,55,56,57" m="50794" machi="51" ten="30,1500,0" yaku="20,1" doraHai="26" who="2" fromWho="0" sc="287,-15,153,0,330,15,230,0" /><INIT seed="2,1,0,5,0,86" ten="272,153,345,230" oya="2" hai0="53,64,108,78,68,49,12,27,91,25,84,24,37" hai1="132,41,112,26,119,21,75,85,18,92,130,77,82" hai2="103,57,72,0,14,5,99,11,38,15,107,69,34" hai3="52,87,9,19,55,17,76,43,74,83,126,102,60"/><V3/><F69/><W51/><G126/><T104/><D104/><U56/><E130/><V28/><F38/><W50/><G102/><T71/><D108/><U2/><E2/><V79/><F15/><W122/><G122/><T32/><D37/><U59/><E119/><V115/><F115/><W125/><G125/><T58/><D78/><U129/><E112/><V120/><F57/><W20/><G74/><T48/><D32/><U66/><E129/><V80/><REACH who="2" step="1"/><F120/><REACH who="2" ten="272,153,335,230" step="2"/><W101/><G9/><T110/><D71/><U45/><E56/><V133/><F133/><W47/><G101/><T44/><D68/><U121/><E132/><V62/><F62/><W98/><G60/><T35/><D110/><U36/><E121/><V95/><F95/><W123/><G123/><T106/><D12/><U90/><E59/><V4/><F4/><W6/><G6/><T40/><D106/><U100/><E100/><V116/><F116/><W13/><G51/><T88/><D64/><U29/><REACH who="1" step="1"/><E66/><REACH who="1" ten="272,143,335,230" step="2"/><V61/><F61/><W89/><G17/><AGARI ba="1,2" hai="17,18,21,26,29,36,41,45,75,77,82,85,90,92" machi="17" ten="40,8000,1" yaku="1,1,2,1,52,1,53,1" doraHai="86" doraHaiUra="16" who="1" fromWho="3" sc="272,0,143,103,335,0,230,-83" /><INIT seed="3,0,0,3,4,54" ten="272,246,335,147" oya="3" hai0="115,128,52,1,20,74,12,27,95,22,89,66,126" hai1="84,49,123,122,124,104,50,111,11,96,131,3,132" hai2="4,8,68,101,112,97,78,59,88,10,63,39,34" hai3="98,28,133,23,105,7,17,67,56,92,37,55,13"/><W118/><G105/><T121/><D1/><U103/><E111/><V135/><F112/><W18/><G37/><T65/><D74/><U94/><E131/><V58/><F39/><W80/><G118/><T77/><D121/><U46/><E132/><V114/><F114/><W35/><G133/><T9/><D77/><U109/><E109/><V72/><F135/><W2/><G67/><T53/><D126/><U70/><E70/><V86/><F34/><W21/><G80/><T83/><D83/><U100/><E124/><V93/><F68/><W120/><G120/><T127/><D127/><U102/><E50/><V81/><F63/><W14/><G35/><T41/><D41/><U57/><E102/><V29/><F29/><W129/><G129/><T38/><D38/><U110/><E110/><V90/><F90/><W44/><G28/><T30/><D22/><U91/><E103/><V106/><F10/><W48/><G7/><N who="0" m="3135" /><D115/><U71/><E71/><V45/><F45/><W69/><G69/><T26/><D26/><U40/><E11/><V0/><AGARI ba="0,0" hai="0,4,8,58,59,72,78,81,86,88,93,97,101,106" machi="0" ten="20,12000,2" yaku="0,1,7,1,24,2,52,2,54,1" doraHai="54" who="2" fromWho="2" sc="272,-30,246,-30,335,120,147,-60" /><INIT seed="4,0,0,5,5,95" ten="242,216,455,87" oya="0" hai0="107,60,19,23,113,37,120,64,32,40,108,48,61" hai1="96,59,76,58,14,57,119,129,87,44,114,25,91" hai2="27,84,99,123,56,112,101,17,70,24,15,126,72" hai3="86,90,93,33,117,134,68,88,81,30,39,2,75"/><T85/><D120/><U35/><E129/><V51/><F123/><W31/><G2/><T22/><D32/><U73/><E119/><V66/><F72/><W103/><G68/><T109/><D107/><U10/><E73/><V18/><F70/><W100/><G39/><T55/><D85/><U1/><E1/><V132/><F112/><W63/><G117/><T6/><D6/><U43/><E76/><V125/><F132/><W98/><G134/><T67/><D19/><U92/><E35/><V16/><F15/><W7/><G7/><T128/><D23/><U62/><E25/><V12/><F12/><W34/><G75/><T29/><D22/><U36/><E114/><V0/><F0/><W20/><G34/><T28/><D29/><N who="3" m="10761" /><G33/><T9/><D9/><U79/><E79/><V94/><F84/><W3/><G3/><T52/><D28/><U42/><E87/><V54/><REACH who="2" step="1"/><F66/><REACH who="2" ten="242,216,445,87" step="2"/><W11/><G11/><T118/><D113/><U104/><E42/><V83/><F83/><W77/><G20/><T121/><D118/><U71/><E71/><V102/><F102/><N who="3" m="38955" /><G63/><T26/><D61/><U116/><E62/><V115/><F115/><W130/><G130/><T131/><D60/><U65/><E116/><V74/><F74/><W127/><G127/><AGARI ba="0,1" hai="16,17,18,24,27,51,54,56,94,99,101,125,126,127" machi="127" ten="40,12000,2" yaku="1,1,18,1,52,1,54,1,53,3" doraHai="95" doraHaiUra="135" who="2" fromWho="3" sc="242,0,216,0,445,130,87,-120" owari="242,4.0,216,-18.0,575,67.0,-33,-53.0" /></mjloggm>