<mjloggm ver="2.3"><GO type="169" lobby="0"/><UN n0="%E3%82%A6%E3%83%AB%E3%83%88%E3%83%A9%E7%AB%8B%E7%9B%B4" n1="%E3%81%82%E3%81%A3%E3%81%8D%E3%83%BC%E3%81%AB%E3%82%83%E3%82%93" n2="%75%66%6F%5F" n3="%E9%BB%92%E3%81%84%E9%A4%8A%E5%88%86" dan="18,17,16,17" rate="2240.84,2106.99,2079.60,2207.78" sx="M,M,M,M"/><TAIKYOKU oya="0"/><INIT seed="0,0,0,3,1,71" ten="250,250,250,250" oya="0" hai0="129,125,5,97,127,52,22,28,110,100,83,128,93" hai1="1,135,6,67,66,37,98,18,101,41,63,74,90" hai2="123,50,96,118,60,40,61,116,114,53,95,80,55" hai3="44,49,16,39,85,112,94,132,14,105,4,134,99"/><T9/><D28/><U2/><E135/><V59/><F80/><W54/><G112/><T24/><D24/><U111/><E111/><V29/><F29/><W120/><G120/><T81/><D22/><U122/><E122/><V115/><F95/><W47/><G4/><T58/><D110/><U68/><E66/><V0/><F96/><W121/><G85/><T10/><D83/><U131/><E131/><N who="0" m="50249" /><D81/><U46/><E6/><V124/><F0/><W51/><G105/><T79/><D79/><U7/><E7/><V15/><F15/><W87/><G87/><T25/><D25/><U72/><E90/><V109/><F109/><W34/><G34/><T23/><D23/><U130/><E18/><V43/><F123/><W11/><G121/><T103/><D103/><U78/><E130/><V32/><F32/><W106/><G106/><T45/><D45/><U38/><E38/><V92/><F92/><W88/><REACH who="3" step="1"/><G39/><REACH who="3" ten="250,250,250,240" step="2"/><T113/><D113/><U126/><E126/><N who="0" m="48137" /><D5/><U107/><REACH who="1" step="1"/><E78/><REACH who="1" ten="250,240,250,240" step="2"/><V33/><F124/><W65/><G65/><T64/><D64/><U36/><E36/><V31/><F114/><W119/><G119/><T17/><D17/><U108/><E108/><V20/><F115/><W62/><G62/><AGARI ba="0,2" hai="9,10,52,58,62,93,97,100" m="48137,50249" machi="62" ten="30,5800,0" yaku="19,1,18,1,54,1" doraHai="71" who="0" fromWho="3" sc="250,78,240,0,250,0,240,-58" /><INIT seed="0,1,0,1,0,78" ten="328,240,250,182" oya="0" hai0="24,114,111,99,17,40,120,39,69,54,46,75,73" hai1="106,23,57,26,16,19,10,77,20,87,121,74,47" hai2="118,72,64,89,112,103,3,35,123,84,30,135,52" hai3="107,83,71,59,13,76,131,88,25,81,22,34,18"/><T134/><D114/><U63/><E106/><V9/><F112/><W28/><G107/><T115/><D115/><U95/><E74/><V7/><F123/><W125/><G71/><T49/><D120/><U85/><E121/><V109/><F109/><W62/><G125/><T36/><D134/><U11/><E47/><V93/><F135/><W0/><G131/><T126/><D126/><U50/><E50/><V14/><F64/><W58/><G0/><T66/><D111/><U104/><E87/><V133/><F133/><W130/><G130/><T61/><D36/><U65/><E104/><V82/><F118/><W108/><G108/><T98/><D75/><U31/><E31/><V97/><F72/><W33/><G33/><T67/><D67/><U48/><E48/><V44/><F14/><W41/><G41/><T32/><D73/><U43/><E43/><V2/><F2/><W116/><G116/><T51/><D51/><U4/><E4/><V102/><F44/><W128/><G128/><T29/><REACH who="0" step="1"/><D17/><REACH who="0" ten="318,240,250,182" step="2"/><U42/><E16/><V96/><F30/><W101/><G62/><T110/><D110/><U105/><E19/><V92/><F35/><W8/><G34/><T91/><D91/><U6/><E65/><V113/><F113/><W56/><G76/><T124/><D124/><U27/><E77/><V21/><F21/><W79/><G79/><T12/><D12/><U80/><E63/><V117/><F117/><W55/><G101/><T15/><D15/><U122/><E23/><V119/><F119/><W5/><G18/><T86/><D86/><U94/><E20/><RYUUKYOKU ba="1,1" sc="318,15,240,-15,250,15,182,-15" hai0="24,29,32,39,40,46,49,54,61,66,69,98,99" hai2="3,7,9,52,82,84,89,92,93,96,97,102,103" /><INIT seed="0,2,1,1,4,50" ten="333,225,265,167" oya="0" hai0="18,72,103,24,128,104,76,49,60,53,67,64,90" hai1="81,93,87,31,17,40,57,92,4,37,82,39,47" hai2="122,10,0,100,132,14,43,135,34,51,7,78,23" hai3="127,113,79,98,5,6,9,59,120,48,15,73,126"/><T55/><D128/><U89/><E31/><V121/><F78/><W95/><G113/><T124/><D124/><U62/><E4/><V130/><F100/><W65/><G120/><T86/><D76/><U123/><E123/><V116/><F130/><W41/><G73/><T112/><D72/><U69/><E37/><V1/><F43/><W30/><G79/><T85/><D103/><U68/><E17/><N who="2" m="10679" /><F1/><W33/><G6/><T21/><D104/><U42/><E42/><V56/><F116/><W54/><G41/><T105/><D105/><U2/><E2/><V94/><F94/><W26/><REACH who="3" step="1"/><G65/><REACH who="3" ten="333,225,265,157" step="2"/><T27/><D67/><U110/><E110/><V11/><F7/><W114/><G114/><T80/><D64/><U97/><E69/><V119/><F121/><W25/><G25/><T134/><D27/><U131/><E68/><V96/><F122/><W58/><G58/><N who="0" m="34911" /><D112/><U91/><E131/><V3/><F56/><W129/><G129/><T118/><D118/><U52/><AGARI ba="2,2" hai="39,40,47,52,57,62,81,82,87,89,91,92,93,97" machi="52" ten="20,5200,0" yaku="0,1,7,1,52,1,54,1" doraHai="50" who="1" fromWho="1" sc="333,-28,225,78,265,-15,157,-15" /><INIT seed="1,0,0,5,3,68" ten="305,303,250,142" oya="1" hai0="48,78,88,79,80,2,0,12,4,43,66,26,117" hai1="17,34,132,77,128,69,130,37,87,7,58,91,18" hai2="92,109,115,10,104,118,61,59,71,131,27,13,129" hai3="28,24,9,98,82,32,20,45,97,112,39,38,101"/><U22/><E69/><V53/><F104/><W47/><G112/><T100/><D100/><U73/><E34/><V83/><F118/><W55/><G32/><T95/><D66/><U44/><E7/><V133/><F109/><W14/><G82/><T125/><D117/><U40/><E132/><V89/><F133/><W35/><G35/><T134/><D134/><U1/><E1/><V25/><F83/><W74/><G74/><T111/><D111/><U3/><E3/><V36/><F71/><W93/><G98/><T51/><D125/><U31/><E77/><V5/><F36/><W86/><G86/><T85/><D79/><U21/><E73/><V52/><F53/><W90/><G101/><T11/><D51/><U56/><E58/><V99/><REACH who="2" step="1"/><F115/><REACH who="2" ten="305,303,240,142" step="2"/><W116/><G116/><T114/><D114/><U127/><E127/><V84/><F84/><W81/><G81/><T106/><D106/><U42/><E56/><V107/><F107/><W135/><G135/><T30/><D43/><U6/><E40/><V50/><F50/><W123/><G123/><T8/><D48/><U41/><E41/><V15/><F15/><W72/><G72/><T33/><REACH who="0" step="1"/><D8/><REACH who="0" ten="295,303,240,142" step="2"/><U57/><E42/><V122/><F122/><W94/><G55/><T96/><AGARI ba="0,2" hai="0,2,4,11,12,26,30,33,78,80,85,88,95,96" machi="96" ten="20,8000,1" yaku="1,1,2,1,0,1,7,1,54,1,53,0" doraHai="68" doraHaiUra="49" who="0" fromWho="0" sc="295,100,303,-40,240,-20,142,-20" /><INIT seed="2,0,0,2,5,134" ten="395,263,220,122" oya="2" hai0="19,65,102,103,39,64,44,42,93,104,109,106,111" hai1="121,74,24,101,82,123,132,23,115,69,57,50,130" hai2="67,21,116,12,85,125,87,95,126,81,63,26,58" hai3="16,86,22,62,88,48,49,99,59,0,13,110,114"/><V27/><F116/><W5/><G110/><N who="0" m="41995" /><D19/><U131/><E69/><V30/><F12/><W31/><G114/><T35/><D35/><U83/><E132/><V77/><F95/><W2/><G2/><T55/><D55/><N who="1" m="31991" /><E101/><N who="0" m="38409" /><D93/><U8/><E8/><V124/><F27/><W18/><G18/><T98/><D98/><U107/><E107/><AGARI ba="0,0" hai="39,42,44,64,65,104,106,107" m="38409,41995" machi="107" ten="30,1000,0" yaku="14,1" doraHai="134" who="0" fromWho="1" sc="395,10,263,-10,220,0,122,0" /><INIT seed="3,0,0,5,2,55" ten="405,253,220,122" oya="3" hai0="58,128,33,116,8,51,77,26,52,126,43,81,15" hai1="82,2,60,78,120,23,36,19,115,30,91,98,11" hai2="38,42,96,68,121,119,123,25,35,12,20,37,67" hai3="132,27,17,22,71,84,125,64,39,47,134,122,70"/><W102/><G122/><T7/><D116/><U1/><E120/><V118/><F35/><W133/><G125/><T95/><D126/><U61/><E36/><V50/><F12/><W10/><G102/><T94/><D128/><U56/><E60/><N who="2" m="40039" /><F96/><W21/><G10/><T45/><D26/><U127/><E127/><V79/><F79/><W74/><G74/><T63/><REACH who="0" step="1"/><D33/><REACH who="0" ten="395,253,220,122" step="2"/><U101/><E115/><V112/><F25/><W76/><G27/><T86/><AGARI ba="0,1" hai="7,8,15,43,45,51,52,58,63,77,81,86,94,95" machi="86" ten="20,16000,3" yaku="1,1,2,1,0,1,7,1,25,2,8,1,52,1,54,1,53,0" doraHai="55" doraHaiUra="124" who="0" fromWho="0" sc="395,170,253,-40,220,-40,122,-80" /><INIT seed="4,0,0,2,5,64" ten="565,213,180,42" oya="0" hai0="27,0,103,16,57,7,12,54,116,88,80,110,113" hai1="34,52,43,8,77,32,1,121,63,19,59,132,122" hai2="36,85,124,62,50,100,53,81,102,51,4,78,83" hai3="25,95,84,109,45,131,129,114,75,5,115,47,71"/><T42/><D116/><U118/><E118/><V38/><F124/><W89/><G75/><T66/><D103/><U20/><E132/><V105/><F38/><W15/><G109/><T111/><D113/><N who="3" m="43017" /><G25/><T101/><D101/><U92/><E43/><V76/><F36/><W31/><G31/><T135/><D135/><U72/><E92/><V87/><F105/><W123/><G123/><T86/><D66/><U33/><E8/><V49/><F4/><W73/><G73/><T58/><D42/><U67/><E1/><V112/><F112/><W98/><G98/><T30/><D7/><U11/><E11/><V37/><F37/><W18/><G5/><T39/><D39/><U91/><E91/><V14/><F14/><W120/><G120/><T82/><D82/><U133/><E133/><V99/><F99/><W69/><G47/><T61/><D58/><AGARI ba="0,0" hai="49,50,51,53,58,62,76,78,81,83,85,87,100,102" machi="58" ten="40,2600,0" yaku="9,1,8,1" doraHai="64" who="2" fromWho="0" sc="565,-26,213,0,180,26,42,0" /><INIT seed="5,0,0,0,3,35" ten="539,213,206,42" oya="1" hai0="105,60,58,50,97,133,86,131,77,84,89,30,5" hai1="114,73,26,8,70,62,19,111,38,91,41,59,83" hai2="28,93,18,118,79,122,31,130,9,104,4,7,95" hai3="52,49,6,107,11,36,82,53,124,40,24,55,54"/><U46/><E114/><V1/><F104/><W120/><G107/><T32/><D5/><U108/><E70/><V99/><F118/><W23/><G120/><T69/><D77/><U42/><E42/><V115/><F122/><W45/><G124/><T113/><D89/><U33/><E33/><V78/><F130/><W106/><G106/><T92/><D92/><U72/><E72/><V123/><F123/><W109/><G109/><T75/><D75/><U101/><E101/><V127/><F127/><W85/><G36/><T15/><D15/><U135/><E135/><V29/><F7/><W44/><N who="3" m="13312" /><DORA hai="90" /><W88/><G45/><T61/><D58/><U43/><E43/><V63/><F63/><W81/><G81/><T119/><D50/><U51/><E38/><V87/><F18/><W20/><REACH who="3" step="1"/><G24/><REACH who="3" ten="539,213,206,32" step="2"/><T71/><D105/><U3/><E26/><V22/><F115/><W125/><G125/><T14/><D113/><U110/><E111/><V10/><F93/><W37/><G37/><T76/><D61/><U103/><E110/><V112/><F95/><W12/><AGARI ba="0,1" hai="6,11,12,20,23,40,44,49,82,85,88" m="13312" machi="12" ten="40,8000,1" yaku="1,1,0,1,8,1,54,2,53,0" doraHai="35,90" doraHaiUra="96,67" who="3" fromWho="3" sc="539,-20,213,-40,206,-20,32,90" /><INIT seed="6,0,0,2,3,2" ten="519,173,186,122" oya="2" hai0="38,37,56,47,115,27,124,39,12,94,96,68,4" hai1="35,97,60,33,90,44,118,7,91,26,109,126,29" hai2="102,117,100,132,73,92,108,89,28,107,63,46,42" hai3="25,58,59,72,41,103,98,82,131,67,51,86,77"/><V105/><F117/><W49/><G131/><T3/><D3/><U80/><E118/><V88/><F28/><W64/><G72/><T15/><D68/><U18/><E109/><V85/><F63/><W36/><G36/><T110/><D110/><U34/><E126/><V112/><F108/><W76/><G76/><T65/><D27/><U13/><E7/><V55/><F55/><W87/><G87/><T53/><D65/><U6/><E6/><V21/><F73/><W0/><G0/><T45/><D15/><U20/><E91/><V31/><F112/><W79/><G79/><T83/><D83/><U119/><E119/><V48/><F132/><W62/><G41/><T40/><D47/><U111/><E111/><V71/><F71/><W19/><G59/><T43/><D43/><U127/><E60/><V66/><F66/><W11/><G67/><T5/><D124/><U130/><E130/><V17/><F31/><W84/><G84/><T9/><D5/><U69/><E69/><V128/><F128/><W123/><G123/><T106/><D106/><U134/><E134/><V114/><F114/><W125/><G125/><T104/><D104/><U122/><E122/><V116/><F116/><W16/><G25/><T101/><D115/><U81/><E127/><V22/><F89/><W135/><G135/><T30/><D30/><U61/><E44/><V10/><F105/><N who="3" m="63735" /><G19/><T129/><D129/><U74/><E61/><AGARI ba="0,0" hai="4,9,12,37,38,39,40,45,53,56,61,94,96,101" machi="61" ten="30,2000,0" yaku="7,1,52,1" doraHai="2" who="0" fromWho="1" sc="519,20,173,-20,186,0,122,0" /><INIT seed="7,0,0,2,2,104" ten="539,153,186,122" oya="3" hai0="50,113,79,78,82,51,96,105,11,41,73,119,90" hai1="91,32,13,45,47,85,39,71,30,84,64,76,22" hai2="36,27,111,133,31,114,5,59,28,74,12,15,42" hai3="101,95,94,66,48,81,112,1,68,132,10,131,18"/><W38/><G38/><T60/><D79/><U120/><E120/><V54/><F111/><W23/><G131/><T129/><D119/><U102/><E32/><V49/><F74/><W125/><G132/><T89/><D89/><U24/><E102/><V97/><F31/><W29/><G29/><T72/><D72/><U135/><E135/><V14/><F133/><W17/><G125/><T56/><D41/><U40/><E76/><V110/><F110/><W98/><G112/><T4/><D129/><U115/><E115/><V122/><F114/><W33/><G33/><T134/><D134/><U65/><E71/><V88/><F42/><W34/><G34/><T20/><D20/><U52/><E13/><V86/><F97/><W70/><G66/><T16/><D16/><N who="3" m="6249" /><G81/><T63/><D113/><U7/><E85/><V0/><F0/><W2/><G2/><T69/><D69/><N who="3" m="26729" /><G94/><T57/><D63/><U25/><E25/><V130/><F130/><W92/><G23/><T9/><D57/><U117/><E117/><V116/><F116/><W100/><G48/><T75/><D51/><N who="1" m="28799" /><E7/><V58/><F36/><W8/><G1/><T108/><D50/><N who="1" m="26919" /><E65/><V3/><F3/><W103/><G98/><T109/><D56/><U26/><E64/><V123/><F59/><W128/><G128/><T62/><D82/><N who="1" m="49559" /><E39/><V61/><F49/><W6/><G6/><T107/><D9/><U106/><E26/><V77/><F5/><W118/><G118/><T55/><D11/><N who="3" m="4137" /><G103/><T127/><D127/><U83/><E83/><N who="2" m="47471" /><F88/><W43/><G43/><T124/><D96/><U53/><E53/><RYUUKYOKU ba="0,0" sc="539,-30,153,10,186,10,122,10" hai1="22,24,30,106" hai2="12,14,15,27,28,54,58,61,122,123" hai3="92,95,100,101" /><INIT seed="7,1,0,3,0,58" ten="509,163,196,132" oya="3" hai0="84,134,41,92,4,53,101,104,20,11,26,5,63" hai1="123,18,37,79,12,32,15,87,69,91,1,122,108" hai2="23,93,17,50,36,118,59,7,16,78,21,135,83" hai3="56,2,70,71,99,73,64,57,103,131,13,25,10"/><W35/><G73/><T127/><D104/><U46/><E1/><V43/><F36/><W34/><G2/><T47/><D127/><U33/><E108/><V14/><F118/><W45/><G45/><T54/><D134/><U107/><E107/><V95/><F7/><W80/><G131/><T119/><D119/><U24/><E69/><V106/><F106/><W77/><G77/><T117/><D117/><U97/><E79/><V75/><F135/><W8/><G80/><T109/><D109/><U67/><E67/><V120/><F120/><W44/><G44/><T86/><D5/><U3/><E97/><V112/><F112/><W133/><G133/><T126/><D126/><U30/><E32/><V51/><F43/><W113/><G113/><T132/><D132/><U28/><E28/><V65/><F51/><W128/><G128/><T61/><D54/><U85/><E85/><N who="0" m="32873" /><D53/><U55/><E12/><V31/><F31/><W100/><G64/><T66/><D66/><U121/><E3/><V124/><F124/><W40/><G40/><T48/><D11/><N who="1" m="6527" /><E37/><V52/><F65/><W9/><G9/><T19/><D4/><U110/><E110/><V0/><F0/><W82/><G82/><T114/><D114/><U96/><E87/><V72/><F75/><W68/><G68/><T88/><D101/><U81/><E81/><V22/><F22/><W74/><G74/><T129/><D129/><U98/><E55/><V111/><F111/><W125/><G125/><T76/><D76/><U116/><E46/><V62/><F62/><N who="0" m="23562" /><D92/><N who="1" m="56351" /><E116/><V39/><F39/><W94/><G71/><RYUUKYOKU ba="1,0" sc="509,10,163,10,196,10,132,-30" hai0="19,20,26,41,47,48,88" hai1="24,30,33,98,121,122,123" hai2="14,16,17,21,23,50,52,59,72,78,83,93,95" owari="519,62.0,173,-23.0,206,1.0,102,-40.0" /></mjloggm>