<mjloggm ver="2.3"><GO type="169" lobby="0"/><UN n0="%E3%83%88%E3%83%88%E3%83%AA%E5%85%88%E7%94%9F%31%39%E6%AD%B3" n1="%E3%83%95%E3%83%AA%E3%83%86%E3%83%B3" n2="%E3%83%88%E3%83%83%E3%83%89" n3="%E3%81%B2%E3%81%90%E3%82%89%E3%81%97%E7%B5%86" dan="19,18,16,17" rate="2262.56,2276.51,2096.68,2122.41" sx="F,M,M,M"/><TAIKYOKU oya="0"/><INIT seed="0,0,0,0,3,9" ten="250,250,250,250" oya="0" hai0="3,25,133,45,38,82,31,1,87,13,26,134,76" hai1="85,59,57,79,66,23,46,17,100,21,125,128,102" hai2="64,127,20,104,32,93,122,58,74,110,2,53,121" hai3="114,55,84,28,99,105,126,130,129,116,49,44,40"/><T5/><D26/><U71/><E71/><V67/><F104/><W109/><G114/><T12/><D38/><U92/><E128/><V113/><F32/><W33/><G116/><T36/><D36/><U70/><E70/><V112/><F2/><W103/><G109/><T77/><D45/><U6/><E125/><V86/><F74/><W16/><G126/><T48/><D48/><U106/><E106/><V27/><F127/><W120/><G120/><T29/><D29/><U101/><E6/><V7/><F110/><W41/><G84/><T8/><D76/><U47/><E23/><V94/><F7/><W37/><G28/><T72/><D72/><U96/><E47/><V42/><F42/><W56/><G33/><T54/><D54/><U81/><E46/><V19/><F122/><W80/><G80/><T4/><D4/><U78/><E78/><V89/><F121/><W98/><G98/><T65/><D65/><N who="2" m="25162" /><F113/><W118/><G118/><T63/><D63/><N who="1" m="38255" /><E59/><V14/><F112/><W34/><G34/><T24/><D3/><U68/><E68/><V119/><F119/><W108/><G108/><T135/><D25/><AGARI ba="0,0" hai="17,21,25,79,81,85,92,96,100,101,102" m="38255" machi="25" ten="30,1000,0" yaku="8,1" doraHai="9" who="1" fromWho="0" sc="250,-10,250,10,250,0,250,0" /><INIT seed="1,0,0,0,2,35" ten="240,260,250,250" oya="1" hai0="111,18,130,133,97,122,5,91,110,38,22,41,6" hai1="67,36,117,17,40,104,120,119,106,93,37,21,85" hai2="131,126,31,69,72,29,32,23,81,49,61,62,45" hai3="53,108,83,25,47,46,127,128,92,96,101,52,118"/><U121/><E67/><V54/><F131/><W66/><G128/><T95/><D130/><U89/><E40/><V134/><F126/><W64/><G127/><T42/><D133/><U115/><E115/><V8/><F134/><W99/><G108/><N who="0" m="41515" /><D122/><U100/><E100/><V94/><F32/><W33/><G118/><T129/><D129/><U0/><E21/><V77/><F94/><W135/><G135/><T4/><D38/><U112/><E17/><V15/><F69/><W68/><G83/><T109/><N who="0" m="41523" /><T1/><DORA hai="70" /><D1/><U11/><E112/><V2/><F2/><W3/><G3/><T98/><D98/><U20/><E20/><V65/><F23/><W78/><G78/><T39/><D39/><N who="1" m="14923" /><E89/><V7/><REACH who="2" step="1"/><F65/><REACH who="2" ten="240,260,240,250" step="2"/><W116/><G66/><T74/><D22/><U80/><E93/><V10/><F10/><W55/><G64/><T19/><D95/><U16/><E0/><V44/><F44/><W84/><G68/><T87/><D97/><U105/><E120/><V14/><F14/><W48/><G99/><T82/><D74/><U28/><E121/><V75/><F75/><W30/><G47/><T50/><D87/><U88/><E117/><V13/><F13/><W114/><G116/><T60/><D82/><U26/><E119/><V24/><F24/><W51/><G114/><T73/><D73/><U58/><E26/><V86/><F86/><W132/><G132/><T90/><D60/><AGARI ba="0,1" hai="7,8,15,29,31,45,49,54,60,61,62,72,77,81" machi="60" ten="40,12000,2" yaku="1,1,53,5" doraHai="35,70" doraHaiUra="27,59" who="2" fromWho="0" sc="240,-120,260,0,240,130,250,0" /><INIT seed="2,0,0,3,3,12" ten="120,260,370,250" oya="2" hai0="11,94,24,127,121,13,124,105,97,122,44,82,28" hai1="113,68,73,63,83,45,38,53,36,115,61,29,77" hai2="120,134,72,17,67,92,130,32,6,51,95,57,89" hai3="9,4,79,135,98,62,119,52,131,18,85,93,88"/><V107/><F120/><W99/><G119/><T19/><D105/><U118/><E118/><V35/><F107/><W116/><G116/><T25/><D82/><U102/><E102/><V96/><F134/><W87/><G131/><T40/><D121/><U78/><E29/><V54/><F130/><W114/><G135/><T49/><D122/><U39/><E78/><V58/><F72/><W81/><G114/><T80/><D80/><U16/><E63/><V117/><F117/><W1/><REACH who="3" step="1"/><G18/><REACH who="3" ten="120,260,370,240" step="2"/><T128/><D128/><U37/><E113/><V66/><F17/><W64/><G64/><T8/><D8/><U86/><E115/><V21/><F67/><W46/><G46/><T22/><REACH who="0" step="1"/><D24/><REACH who="0" ten="110,260,370,240" step="2"/><U71/><E73/><V7/><F6/><W23/><G23/><T129/><D129/><U70/><E77/><V108/><F21/><W125/><G125/><T55/><D55/><U112/><E53/><V101/><F54/><W2/><G2/><T30/><D30/><U34/><E112/><V132/><F35/><W76/><G76/><T133/><D133/><U91/><E34/><V109/><F32/><W104/><G104/><T74/><D74/><U3/><E3/><V123/><F132/><W10/><G10/><T41/><D41/><U75/><E75/><V48/><F123/><W56/><AGARI ba="0,2" hai="1,4,9,52,56,62,79,81,85,87,88,93,98,99" machi="56" ten="30,7900,0" yaku="1,1,0,1,54,2,53,0" doraHai="12" doraHaiUra="42" who="3" fromWho="3" sc="110,-20,260,-20,370,-39,240,99" /><INIT seed="3,0,0,3,5,132" ten="90,240,331,339" oya="3" hai0="18,29,13,79,135,85,38,41,111,117,90,2,30" hai1="15,23,60,49,112,44,26,76,4,8,77,61,3" hai2="64,14,25,32,27,102,93,68,131,75,118,57,128" hai3="19,110,16,114,99,81,11,82,127,108,58,65,84"/><W35/><G114/><T1/><D117/><U86/><E3/><V20/><F118/><W48/><G127/><T130/><D135/><U95/><E112/><V69/><F75/><W88/><G35/><T100/><D79/><U24/><E24/><V96/><F14/><W36/><G36/><T126/><D111/><N who="3" m="42537" /><G99/><T66/><D130/><N who="2" m="49706" /><F32/><W70/><G11/><T106/><D66/><U113/><E113/><V116/><F116/><W40/><G70/><N who="2" m="27241" /><F20/><W115/><G115/><T28/><D126/><U87/><E77/><V5/><F5/><W134/><G134/><T43/><D38/><U17/><E86/><V55/><F64/><W37/><G37/><T59/><D1/><U9/><E9/><V63/><AGARI ba="0,0" hai="25,27,55,57,63,93,96,102" m="27241,49706" machi="63" ten="30,1100,0" yaku="19,1" doraHai="132" who="2" fromWho="2" sc="90,-3,240,-3,331,11,339,-5" /><INIT seed="4,0,0,2,1,121" ten="87,237,342,334" oya="0" hai0="108,30,126,85,122,54,111,51,46,118,87,76,94" hai1="127,110,31,35,116,112,17,69,133,78,32,15,53" hai2="93,60,77,59,38,52,55,131,12,95,49,9,105" hai3="79,34,128,135,40,5,56,81,45,64,107,119,8"/><T29/><D122/><U124/><E69/><V82/><F105/><W86/><G119/><T130/><D118/><U42/><E116/><V25/><F38/><W39/><G107/><T0/><D0/><U18/><E42/><V74/><F25/><W22/><G34/><N who="1" m="12842" /><E78/><V100/><F100/><W62/><G128/><T66/><D130/><U68/><E68/><V10/><F131/><W103/><G135/><T14/><D126/><U89/><E53/><V26/><F26/><W90/><G22/><T23/><D66/><U65/><E65/><V75/><F75/><W28/><G28/><T27/><D30/><U92/><E31/><V70/><F70/><W1/><G103/><T13/><D85/><U7/><E133/><V72/><F72/><W80/><G79/><T20/><D20/><U113/><E7/><V84/><F74/><W109/><G81/><T120/><D120/><U115/><E18/><N who="2" m="8463" /><F10/><W61/><G61/><T33/><D33/><U44/><E44/><AGARI ba="0,0" hai="44,49,52,55,59,60,77,82,84,93,95" m="8463" machi="44" ten="30,2000,0" yaku="8,1,54,1" doraHai="121" who="2" fromWho="1" sc="87,0,237,-20,342,20,334,0" /><INIT seed="5,0,0,1,4,77" ten="87,217,362,334" oya="1" hai0="95,107,9,72,94,28,96,29,65,15,104,64,7" hai1="82,31,39,105,99,74,75,36,120,23,14,32,45" hai2="58,128,70,35,62,11,102,114,84,133,106,131,91" hai3="109,1,66,12,49,5,40,67,112,122,135,2,123"/><U63/><E120/><V16/><F70/><W117/><G109/><T130/><D72/><U101/><E75/><V30/><F133/><W110/><G110/><T83/><D130/><U52/><E32/><V76/><F76/><W129/><G129/><T71/><D107/><U132/><E132/><V98/><F114/><W33/><G33/><T54/><D104/><U121/><E121/><V113/><F113/><W97/><G135/><T124/><D124/><U37/><E31/><V3/><F3/><W79/><G112/><T78/><D54/><U22/><E14/><V126/><F126/><W4/><G79/><T118/><D118/><U134/><E134/><V44/><F44/><W59/><G12/><T27/><D94/><U125/><E125/><V6/><F16/><W89/><G40/><T103/><D71/><U100/><E100/><V53/><F11/><W34/><G34/><T24/><D29/><U42/><E82/><V127/><F6/><W73/><G73/><T81/><D24/><U46/><E74/><V57/><F127/><W55/><G117/><T69/><D69/><U13/><E13/><V47/><F30/><W20/><G2/><T38/><D38/><U60/><E60/><V25/><F35/><W93/><G1/><T10/><D10/><U19/><E46/><V50/><F47/><W88/><G122/><T108/><D108/><U26/><REACH who="1" step="1"/><E22/><REACH who="1" ten="87,207,362,334" step="2"/><V8/><F131/><W116/><G20/><N who="0" m="15463" /><D78/><U17/><E17/><V92/><F128/><W21/><G123/><T111/><D111/><U43/><E43/><V61/><F102/><W0/><G0/><RYUUKYOKU ba="0,1" sc="87,15,207,15,362,-15,334,-15" hai0="7,9,15,64,65,81,83,95,96,103" hai1="19,23,26,36,37,39,42,45,52,63,99,101,105" /><INIT seed="5,1,1,3,1,62" ten="102,222,347,319" oya="1" hai0="13,96,17,81,25,12,38,103,34,123,15,6,30" hai1="45,26,111,54,112,114,118,65,56,130,71,8,64" hai2="73,84,79,104,39,89,92,57,33,134,124,105,128" hai3="125,76,49,106,35,97,55,36,131,91,108,42,93"/><U72/><E72/><V2/><F33/><W50/><G108/><T107/><D38/><U95/><E118/><V4/><F39/><W16/><G35/><T82/><D123/><U109/><E130/><V46/><F128/><W66/><G131/><T127/><D127/><U77/><E77/><V113/><F124/><W23/><G125/><T68/><D6/><U135/><E135/><V41/><F134/><W115/><G115/><N who="1" m="44074" /><E71/><V100/><F113/><W86/><G36/><T67/><REACH who="0" step="1"/><D17/><REACH who="0" ten="92,222,347,319" step="2"/><U18/><E109/><V94/><F4/><W87/><G16/><T102/><D102/><U28/><E111/><V69/><F100/><W52/><G106/><T10/><D10/><U40/><E18/><V83/><F105/><W85/><G76/><T132/><D132/><U110/><E8/><V121/><F104/><W14/><G91/><T75/><D75/><U61/><E110/><V0/><F121/><W44/><G23/><T47/><D47/><U19/><E19/><V90/><F46/><W70/><G44/><T80/><D80/><U59/><E95/><V29/><F94/><W9/><G93/><T22/><D22/><N who="1" m="15447" /><E45/><V133/><F92/><W51/><G9/><T5/><D5/><U101/><E101/><V120/><F133/><W43/><G43/><T20/><D20/><U88/><E40/><V78/><F41/><W3/><G42/><T117/><D117/><U48/><E88/><V63/><F90/><W53/><G97/><T37/><D37/><U21/><E21/><V24/><F89/><W119/><G119/><T116/><D116/><U60/><E59/><RYUUKYOKU ba="1,2" sc="92,15,222,15,347,-15,319,-15" hai0="12,13,15,25,30,34,67,68,81,82,96,103,107" hai1="48,54,56,60,61,64,65" /><INIT seed="5,2,2,2,4,67" ten="107,237,332,304" oya="1" hai0="120,70,97,18,46,8,71,42,65,16,26,88,82" hai1="106,25,117,1,48,62,21,5,86,64,63,7,53" hai2="45,32,61,19,58,47,127,3,49,108,37,80,96" hai3="50,55,15,89,76,6,34,0,90,40,112,81,66"/><U77/><E106/><V78/><F108/><W73/><G34/><T102/><D120/><U12/><E1/><V30/><F127/><W33/><G33/><T118/><D118/><U85/><E117/><V79/><F3/><W128/><G0/><T131/><D131/><U22/><E22/><V114/><F114/><W51/><G112/><T121/><D121/><U95/><E95/><V109/><F109/><W92/><G128/><T38/><D65/><U29/><E77/><V103/><F19/><W83/><G83/><T10/><D18/><U54/><E54/><V9/><F9/><W132/><G132/><T31/><D82/><U101/><E101/><V119/><F37/><W56/><G66/><T27/><D88/><U123/><E123/><V43/><F47/><W28/><G28/><T35/><D10/><N who="1" m="4175" /><E7/><V13/><F80/><W23/><G6/><T11/><D8/><U52/><E53/><V129/><F119/><W107/><G107/><T91/><D91/><U94/><E64/><V130/><F129/><W126/><G126/><T104/><REACH who="0" step="1"/><D27/><REACH who="0" ten="97,237,332,304" step="2"/><U60/><E94/><V105/><F130/><W69/><G92/><T116/><D116/><U44/><AGARI ba="2,3" hai="21,25,29,44,48,52,60,62,63,85,86" m="4175" machi="44" ten="30,3000,0" yaku="8,1,54,1" doraHai="67" who="1" fromWho="1" sc="97,-12,237,66,332,-12,304,-12" /><INIT seed="5,3,0,0,0,6" ten="85,303,320,292" oya="1" hai0="122,66,23,35,87,42,103,65,92,105,18,30,94" hai1="123,133,68,135,111,46,41,99,128,79,117,132,93" hai2="59,120,127,71,10,113,100,114,11,36,134,69,63" hai3="129,14,96,4,43,12,49,21,56,90,107,126,116"/><U102/><E117/><V72/><F120/><W115/><G116/><T98/><D122/><U80/><E123/><V19/><F36/><W32/><G32/><T25/><D42/><U131/><E68/><V70/><F72/><W85/><G115/><N who="2" m="44041" /><F134/><W15/><G126/><T22/><D35/><U13/><E13/><V28/><F127/><W0/><G129/><T24/><D105/><U67/><E67/><V119/><F119/><W58/><G21/><T31/><D18/><U78/><E111/><V75/><F75/><W38/><G38/><T37/><D37/><N who="1" m="21807" /><E78/><V104/><F28/><W8/><G96/><T106/><D106/><U83/><E83/><V52/><F19/><W48/><G107/><T27/><D27/><U16/><E16/><V45/><F45/><W101/><G101/><T73/><D73/><AGARI ba="3,0" hai="73,79,80,93,99,102,128,131,132,133,135" m="21807" machi="73" ten="30,1500,0" yaku="20,1" doraHai="6" who="1" fromWho="0" sc="85,-24,303,24,320,0,292,0" /><INIT seed="5,4,0,5,5,76" ten="61,327,320,292" oya="1" hai0="11,36,61,49,122,15,79,56,93,120,81,3,112" hai1="51,95,1,75,135,128,58,102,108,34,103,96,72" hai2="113,57,99,0,55,43,24,100,8,60,62,82,38" hai3="116,26,16,52,125,73,71,10,2,40,77,127,123"/><U7/><E34/><V133/><F133/><W32/><G123/><T134/><D36/><U19/><E135/><V130/><F130/><W22/><G71/><T20/><D3/><U29/><E29/><V86/><F113/><W5/><G116/><T27/><D134/><U109/><E128/><V46/><F24/><W35/><G40/><T80/><D80/><U44/><E58/><V67/><F8/><W48/><G77/><T111/><D111/><N who="1" m="42571" /><E19/><V124/><F124/><N who="3" m="47691" /><G73/><N who="1" m="28234" /><E103/><V42/><F42/><W104/><G104/><T4/><D112/><U110/><E110/><V39/><F39/><W92/><G92/><T53/><D93/><U115/><E115/><V117/><F117/><W131/><G131/><T105/><D105/><U9/><E51/><V6/><F62/><W69/><G69/><T132/><D132/><U87/><E87/><V37/><F37/><W17/><G17/><T107/><D107/><U66/><E66/><V118/><F67/><W74/><G74/><T18/><REACH who="0" step="1"/><D61/><REACH who="0" ten="51,327,320,292" step="2"/><U121/><E121/><V98/><F60/><W28/><G2/><T45/><D45/><AGARI ba="4,1" hai="1,7,9,44,45,95,96,102" m="28234,42571" machi="45" ten="30,1500,0" yaku="10,1" doraHai="76" who="1" fromWho="0" sc="51,-27,327,37,320,0,292,0" /><INIT seed="5,5,0,0,3,52" ten="24,364,320,292" oya="1" hai0="134,47,131,97,63,34,33,73,132,113,69,26,40" hai1="38,80,14,16,90,110,66,123,23,84,101,37,103" hai2="6,94,27,20,31,65,64,51,115,133,53,55,98" hai3="18,76,11,4,127,129,88,5,7,81,0,105,10"/><U45/><E123/><V3/><F133/><W62/><G105/><T117/><D73/><U36/><E110/><V13/><F115/><W91/><G127/><T49/><D117/><U77/><E66/><V43/><F3/><W19/><G129/><T39/><D131/><U86/><REACH who="1" step="1"/><E45/><REACH who="1" ten="24,354,320,292" step="2"/><N who="2" m="26047" /><F65/><W29/><G0/><T124/><D113/><U111/><E111/><V42/><F64/><W112/><G112/><T41/><D124/><U126/><E126/><V71/><F71/><W78/><G29/><T50/><D69/><U128/><E128/><V28/><F31/><W114/><G114/><T12/><D47/><U2/><E2/><V21/><F42/><W15/><G7/><T102/><D41/><U44/><E44/><V116/><F116/><W9/><G5/><T107/><D40/><U120/><E120/><V54/><F6/><W24/><G4/><T61/><D132/><U100/><E100/><N who="2" m="60503" /><F55/><W17/><G19/><AGARI ba="5,1" hai="13,19,20,21,27,28,53,54" m="60503,26047" machi="19" ten="30,1000,0" yaku="8,1" doraHai="52" who="2" fromWho="3" sc="24,0,354,0,320,35,292,-25" /><INIT seed="6,0,0,4,5,89" ten="24,354,355,267" oya="2" hai0="100,75,103,134,80,55,126,94,28,71,78,63,6" hai1="122,13,104,98,108,31,116,1,11,110,52,56,23" hai2="133,88,26,5,120,82,130,25,43,95,46,114,119" hai3="32,58,70,124,85,91,40,127,22,21,107,131,2"/><V18/><F119/><W101/><G70/><T135/><D126/><N who="3" m="48169" /><G32/><T72/><D6/><U65/><E116/><V35/><F120/><W42/><G2/><T19/><D19/><U106/><E65/><V105/><F105/><W102/><G131/><T7/><D7/><U84/><E1/><V51/><F130/><W66/><G66/><T49/><D49/><U73/><E73/><V29/><F114/><W64/><G64/><T15/><D15/><U38/><E38/><V44/><F133/><N who="0" m="50698" /><D55/><U24/><E122/><V115/><F115/><W128/><G58/><T92/><D28/><U68/><E68/><V117/><F117/><W41/><G128/><T48/><D48/><U0/><E0/><V60/><F5/><W123/><G123/><T132/><N who="0" m="50706" /><T27/><DORA hai="97" /><D27/><U50/><E84/><V53/><F60/><W121/><G121/><T33/><D33/><U59/><E59/><V45/><F18/><W14/><G107/><T4/><D4/><U57/><E106/><V16/><F25/><W37/><G14/><T36/><D36/><U111/><E57/><V113/><F113/><W20/><G37/><T99/><D75/><U109/><E109/><V125/><F125/><W77/><G77/><T87/><D72/><U76/><E76/><V17/><F43/><W30/><G30/><T3/><D3/><U9/><E13/><V8/><F17/><W86/><G41/><T34/><D34/><U112/><E112/><V81/><F8/><W83/><G42/><T129/><D129/><U118/><E118/><V79/><F35/><W93/><G40/><RYUUKYOKU ba="0,0" sc="24,-15,354,15,355,-15,267,15" hai1="9,11,23,24,31,50,52,56,98,104,108,110,111" hai3="20,21,22,83,85,86,91,93,101,102" /><INIT seed="7,1,0,0,5,64" ten="9,369,340,282" oya="3" hai0="110,124,118,49,61,0,121,78,105,89,45,50,103" hai1="21,17,31,98,34,114,43,20,111,97,48,135,28" hai2="25,109,16,120,119,11,35,30,1,100,123,85,134" hai3="19,76,113,7,63,77,107,42,22,66,38,112,46"/><W13/><G107/><T33/><D89/><U51/><E111/><V115/><F100/><W44/><G7/><T2/><D50/><N who="1" m="18987" /><E34/><V125/><F85/><W117/><G46/><T9/><D49/><U79/><E114/><V29/><F109/><W12/><G117/><T87/><D87/><U24/><E135/><V75/><F75/><W81/><G13/><T93/><D93/><U73/><E73/><V27/><F134/><W122/><G122/><N who="2" m="46633" /><F115/><N who="3" m="44107" /><G81/><T56/><D33/><U4/><E43/><V10/><F125/><W84/><G84/><T59/><D110/><U133/><E133/><V8/><F119/><W6/><G6/><T95/><D124/><U80/><E4/><N who="2" m="1039" /><F16/><W130/><G130/><T86/><D121/><U26/><E80/><V55/><F55/><W92/><G92/><T41/><D118/><U116/><E116/><V101/><F101/><W108/><G108/><T40/><D105/><U32/><E32/><AGARI ba="1,0" hai="10,11,25,27,29,30,32,35" m="1039,46633" machi="32" ten="30,3900,0" yaku="13,1,34,2" doraHai="64" who="2" fromWho="1" sc="9,0,369,-42,340,42,282,0" owari="9,-49.0,327,13.0,382,48.0,282,-12.0" /></mjloggm>