<mjloggm ver="2.3"><GO type="169" lobby="0"/><UN n0="%73%65%61%73%75%69" n1="%E3%83%88%E3%83%88%E3%83%AA%E5%85%88%E7%94%9F%31%39%E6%AD%B3" n2="%E3%83%AA%E3%83%81%E3%83%A3%21%21" n3="%61%6E%6C%75%6E" dan="16,19,16,16" rate="2069.71,2340.21,2135.94,2087.57" sx="M,F,M,M"/><TAIKYOKU oya="0"/><INIT seed="0,0,0,1,5,129" ten="250,250,250,250" oya="0" hai0="107,116,94,73,127,119,78,65,79,118,46,120,92" hai1="132,53,103,121,83,43,70,40,105,97,68,1,112" hai2="111,56,106,16,60,50,30,11,66,110,18,19,93" hai3="55,57,42,9,7,128,113,74,85,108,23,61,27"/><T133/><D65/><U39/><E121/><V12/><F106/><W104/><G74/><T44/><D120/><U49/><E1/><V25/><F93/><N who="0" m="35946" /><D73/><U86/><E112/><V77/><F77/><N who="0" m="29194" /><D107/><U28/><E28/><V47/><F110/><W15/><G108/><T72/><D72/><U130/><E130/><V131/><F131/><W37/><G113/><T81/><D81/><U13/><E39/><V33/><REACH who="2" step="1"/><F111/><REACH who="2" ten="250,250,240,250" step="2"/><W3/><G104/><T71/><D127/><U41/><E105/><V24/><F24/><W34/><G128/><T48/><D71/><U126/><E70/><V6/><F6/><W52/><G27/><T22/><D118/><U117/><E68/><V2/><F2/><W135/><G3/><T115/><D115/><U26/><E126/><V96/><F96/><W0/><G0/><T122/><D116/><U36/><E117/><V14/><F14/><W59/><G15/><T75/><D119/><U51/><E13/><V100/><F100/><W102/><G102/><T29/><D122/><U20/><E97/><V69/><F69/><W134/><G7/><T62/><D75/><U80/><E103/><V76/><F76/><W17/><G9/><T32/><D32/><U98/><E26/><V89/><F89/><W123/><G34/><T64/><D22/><U99/><E20/><V125/><F125/><W38/><G123/><T45/><D29/><U54/><E98/><V31/><F31/><W5/><G23/><T82/><D82/><U10/><E80/><V90/><F90/><W95/><G95/><T21/><D21/><U109/><E109/><RYUUKYOKU ba="0,1" sc="250,-10,250,-10,240,30,250,-10" hai2="11,12,16,18,19,25,30,33,47,50,56,60,66" /><INIT seed="1,1,1,0,2,105" ten="240,240,270,240" oya="1" hai0="81,67,131,33,17,88,37,130,42,112,48,111,126" hai1="89,108,96,110,16,135,71,25,120,116,80,10,1" hai2="127,57,123,68,27,129,32,69,87,47,46,101,53" hai3="62,103,124,77,20,21,104,41,59,44,36,125,9"/><U49/><E116/><V97/><F123/><W13/><G77/><T99/><D112/><U91/><E120/><V7/><F129/><W60/><G60/><T2/><D67/><U122/><E122/><V128/><F128/><W51/><G103/><T79/><D33/><U14/><E71/><V98/><F7/><W83/><G104/><T6/><D17/><U45/><E135/><V43/><F87/><W119/><G119/><T94/><D48/><U82/><E1/><V109/><F109/><N who="1" m="42089" /><E25/><V73/><F73/><W121/><G83/><N who="1" m="31786" /><E96/><V50/><F127/><N who="3" m="48715" /><G51/><T93/><D111/><U114/><E114/><V132/><F132/><W5/><G121/><T29/><D126/><U133/><E133/><V65/><F97/><W56/><G56/><T76/><D131/><U12/><E12/><V3/><F3/><W40/><G40/><AGARI ba="1,1" hai="10,14,16,40,45,49,89,91" m="31786,42089" machi="40" ten="30,5800,0" yaku="14,1,10,1,54,1" doraHai="105" who="1" fromWho="3" sc="240,0,240,71,270,0,240,-61" /><INIT seed="1,2,0,2,0,120" ten="240,311,270,179" oya="1" hai0="79,134,74,73,97,108,70,25,85,32,77,91,118" hai1="67,132,13,111,125,94,54,10,33,55,41,24,81" hai2="104,47,59,49,84,99,93,39,3,75,68,31,129" hai3="127,65,2,131,45,14,126,46,89,110,106,103,107"/><U112/><E112/><V23/><F68/><W95/><G2/><T64/><D118/><U48/><E132/><V61/><F3/><W6/><G131/><T57/><D134/><U52/><E125/><N who="3" m="47626" /><G65/><T37/><D37/><U56/><E111/><V71/><F75/><W15/><G103/><T26/><D70/><U62/><E81/><V44/><F71/><W28/><G28/><T80/><D108/><U60/><E33/><V21/><F39/><W53/><G110/><T9/><D9/><U69/><E24/><V88/><F129/><W66/><G66/><T121/><D121/><U18/><REACH who="1" step="1"/><E94/><REACH who="1" ten="240,301,270,179" step="2"/><N who="2" m="54535" /><F104/><W17/><G107/><T4/><D26/><U133/><E133/><V30/><F93/><W96/><G106/><T130/><D25/><U22/><E22/><V11/><F21/><N who="3" m="11447" /><G53/><T98/><D32/><U29/><E29/><V78/><F23/><W86/><G96/><T124/><D130/><U38/><E38/><V58/><F99/><W19/><G6/><T115/><D4/><U36/><E36/><V117/><F30/><W76/><G76/><T0/><D124/><U8/><E8/><AGARI ba="2,1" hai="8,15,19,45,46,86,89,95" m="11447,47626" machi="8" ten="30,1000,0" yaku="18,1" doraHai="120" who="3" fromWho="1" sc="240,0,301,-16,270,0,179,26" /><INIT seed="2,0,0,4,4,97" ten="240,285,270,205" oya="2" hai0="37,36,84,80,65,117,128,91,112,121,62,39,78" hai1="108,55,77,11,58,101,116,7,43,28,111,107,4" hai2="71,1,49,12,122,2,135,104,20,89,45,95,60" hai3="29,64,50,114,26,87,92,53,38,79,41,54,130"/><V106/><F122/><W110/><G110/><N who="1" m="42026" /><E116/><V44/><F135/><W70/><G130/><T125/><D121/><U69/><E69/><V3/><F71/><W103/><G114/><T52/><D128/><U33/><E43/><V85/><F60/><W0/><G0/><T131/><D131/><U73/><E73/><V81/><F44/><W18/><G38/><T24/><D112/><U6/><E77/><V123/><F123/><W30/><G41/><T9/><D117/><U16/><E28/><V23/><F81/><W99/><G64/><T8/><D125/><U46/><E33/><V72/><F72/><W133/><G133/><T21/><D78/><U17/><E11/><V56/><F56/><W42/><G42/><T59/><REACH who="0" step="1"/><D65/><REACH who="0" ten="230,285,270,205" step="2"/><U63/><E46/><V100/><F106/><W25/><G79/><T31/><AGARI ba="0,1" hai="8,9,21,24,31,36,37,39,52,59,62,80,84,91" machi="31" ten="30,7900,0" yaku="1,1,2,1,0,1,54,1,53,0" doraHai="97" doraHaiUra="115" who="0" fromWho="0" sc="230,89,285,-20,270,-39,205,-20" /><INIT seed="3,0,0,3,4,0" ten="319,265,231,185" oya="3" hai0="133,71,26,86,11,3,74,20,8,107,67,117,88" hai1="115,50,92,116,63,66,40,45,70,122,53,130,113" hai2="105,41,132,24,79,109,97,102,124,10,120,95,34" hai3="14,93,108,85,4,114,110,23,6,78,84,69,75"/><W106/><G114/><T56/><D117/><U80/><E122/><V94/><F120/><W104/><G69/><T99/><D133/><U96/><E116/><V32/><F132/><W37/><G75/><T64/><D74/><U21/><E130/><V100/><F109/><N who="3" m="42091" /><G37/><T29/><D71/><U42/><E80/><V135/><F135/><W28/><G85/><T126/><D126/><U48/><E21/><V103/><F124/><W55/><G55/><T30/><D30/><U112/><E92/><V35/><F41/><W65/><G65/><T73/><D73/><U49/><E96/><V39/><F39/><W62/><G62/><T52/><D99/><U19/><E19/><V101/><F79/><W31/><G14/><T58/><D107/><N who="3" m="41001" /><G31/><T118/><D118/><U128/><E128/><V127/><F127/><W12/><G12/><T119/><D119/><U121/><E121/><V36/><F36/><W47/><G47/><T77/><D77/><U129/><E129/><V16/><REACH who="2" step="1"/><F10/><REACH who="2" ten="319,265,221,185" step="2"/><W13/><G78/><T1/><D11/><U7/><E42/><V5/><F5/><N who="3" m="2155" /><G84/><T111/><D111/><U68/><E7/><V89/><F89/><W46/><G46/><T60/><D8/><U43/><E43/><V76/><F76/><W51/><G51/><N who="1" m="19530" /><E40/><V82/><F82/><W61/><G61/><N who="0" m="35975" /><D1/><U83/><E83/><V91/><F91/><W33/><G93/><N who="0" m="54423" /><D3/><U38/><E38/><V125/><F125/><W2/><G2/><T87/><D87/><U131/><E131/><V17/><F17/><N who="3" m="10671" /><G28/><T98/><D98/><U59/><AGARI ba="0,1" hai="45,50,53,59,63,66,68,70,112,113,115" m="19530" machi="59" ten="40,2700,0" yaku="34,2" doraHai="0" who="1" fromWho="1" sc="319,-7,265,37,221,-7,185,-13" /><INIT seed="4,0,0,5,0,78" ten="312,302,214,172" oya="0" hai0="42,128,114,50,69,110,19,112,98,123,134,75,117" hai1="96,126,16,62,101,74,12,71,46,115,132,48,22" hai2="7,31,38,58,130,92,77,104,21,64,87,6,121" hai3="82,100,28,119,68,111,103,5,102,89,70,73,47"/><T116/><D98/><U35/><E35/><V80/><F121/><W33/><G111/><T83/><D19/><U97/><E74/><V99/><F38/><W37/><G119/><N who="0" m="45643" /><D75/><U14/><E132/><V29/><F130/><W20/><G5/><T84/><D69/><U9/><E126/><V59/><F104/><W39/><G33/><T95/><D42/><U91/><E115/><N who="0" m="44073" /><D50/><U56/><E71/><V54/><F31/><W90/><G73/><T10/><D10/><U93/><E48/><N who="2" m="31047" /><F29/><W133/><G133/><T129/><D134/><U0/><E46/><V76/><F21/><W30/><G102/><T34/><D34/><U32/><E32/><V1/><F1/><W8/><G8/><T85/><D123/><U108/><E0/><V106/><F106/><W122/><G20/><T27/><D27/><U94/><E108/><V57/><F6/><W105/><G105/><T109/><D110/><U66/><E9/><V81/><F7/><W120/><G47/><T51/><D51/><U63/><E63/><N who="2" m="37999" /><F59/><W86/><REACH who="3" step="1"/><G86/><REACH who="3" ten="312,302,214,162" step="2"/><T79/><D109/><U55/><REACH who="1" step="1"/><E66/><REACH who="1" ten="312,292,214,162" step="2"/><V65/><F65/><W124/><G124/><T113/><D113/><U118/><E118/><V2/><F2/><W24/><G24/><AGARI ba="0,2" hai="12,14,16,22,24,55,56,62,91,93,94,96,97,101" machi="24" ten="30,12000,2" yaku="1,1,7,1,25,2,8,1,54,1,53,0" doraHai="78" doraHaiUra="3" who="1" fromWho="3" sc="312,0,292,140,214,0,162,-120" /><INIT seed="5,0,0,2,5,98" ten="312,432,214,42" oya="1" hai0="39,25,132,2,47,81,67,36,130,41,116,76,46" hai1="118,9,106,56,59,18,111,28,112,43,117,110,122" hai2="23,16,44,29,133,109,12,34,94,70,119,102,93" hai3="104,37,125,48,89,65,4,99,126,85,63,64,57"/><U27/><E106/><V35/><F109/><N who="1" m="41481" /><E43/><V72/><F72/><W80/><G37/><T87/><D116/><N who="1" m="44651" /><E59/><V124/><F70/><W135/><G135/><T60/><D132/><U54/><E56/><V61/><F133/><W55/><G4/><T15/><D130/><U19/><E54/><V14/><F124/><W69/><REACH who="3" step="1"/><G65/><REACH who="3" ten="312,432,214,32" step="2"/><T86/><D39/><U92/><E122/><V123/><F123/><W31/><G31/><T79/><D36/><U52/><E28/><V3/><F29/><W103/><AGARI ba="0,1" hai="48,55,57,63,64,69,80,85,89,99,103,104,125,126" machi="103" ten="30,4000,0" yaku="1,1,0,1,52,1,53,0" doraHai="98" doraHaiUra="127" who="3" fromWho="3" sc="312,-10,432,-20,214,-10,32,50" /><INIT seed="6,0,0,1,5,83" ten="302,412,204,82" oya="2" hai0="0,71,14,13,7,37,98,9,106,121,30,10,8" hai1="114,25,108,72,80,43,58,104,50,57,1,131,36" hai2="54,49,65,124,117,60,135,130,18,120,23,19,84" hai3="75,3,32,89,134,100,74,48,46,101,33,55,28"/><V127/><F120/><W24/><G3/><T69/><D37/><U111/><E104/><V66/><F117/><W90/><G134/><T93/><D121/><U116/><E116/><V122/><F122/><W15/><G15/><T125/><D125/><U59/><E50/><V45/><F135/><W44/><G48/><T105/><D30/><U119/><E119/><V113/><F113/><W96/><G28/><T73/><D73/><U20/><E114/><V42/><F130/><W103/><G96/><T12/><D7/><U87/><E72/><V123/><F123/><W85/><G103/><T38/><D38/><U39/><E1/><V112/><F112/><W107/><G55/><T41/><D41/><U34/><E34/><V115/><F115/><W64/><G64/><T2/><D2/><U82/><E131/><V77/><F42/><W61/><G61/><T47/><D47/><U97/><E97/><V78/><F66/><W63/><G63/><T118/><D0/><U91/><E39/><V81/><F77/><W22/><G22/><T62/><D118/><U31/><E43/><V109/><F109/><W128/><G128/><T29/><D29/><U53/><E36/><V70/><REACH who="2" step="1"/><F23/><REACH who="2" ten="302,412,194,82" step="2"/><W95/><G107/><T92/><D106/><U102/><E111/><V51/><F51/><W79/><G79/><T40/><D40/><U110/><E108/><V132/><F132/><W52/><G33/><T99/><D105/><U17/><E110/><V67/><F67/><W56/><G32/><T16/><D62/><U129/><E129/><V35/><F35/><W76/><G76/><RYUUKYOKU ba="0,1" sc="302,-10,412,-10,194,30,82,-10" hai2="18,19,45,49,54,60,65,70,78,81,84,124,127" /><INIT seed="6,1,1,0,4,121" ten="292,402,224,72" oya="2" hai0="128,84,99,1,125,91,67,100,135,23,85,53,26" hai1="7,63,64,21,87,43,55,74,109,123,97,94,104" hai2="68,115,32,69,101,24,56,25,81,118,9,76,50" hai3="105,13,106,39,66,49,103,117,116,98,6,112,58"/><V5/><F118/><W96/><G39/><T90/><D135/><U48/><E109/><V41/><F101/><W127/><G127/><T38/><D67/><U51/><E74/><V40/><F40/><W0/><G0/><T65/><D65/><U113/><E104/><V80/><F80/><W18/><G6/><T20/><D1/><U54/><E113/><V133/><F115/><W126/><G126/><T77/><D38/><U132/><E132/><V124/><F133/><W111/><G112/><T27/><D53/><U62/><E7/><V70/><F32/><W130/><G130/><T45/><D45/><N who="1" m="25663" /><E64/><V22/><F22/><W83/><G111/><T16/><D125/><U10/><E10/><V2/><F124/><W35/><G35/><T89/><D77/><U42/><E87/><V110/><F110/><W131/><G131/><T61/><D61/><N who="1" m="23051" /><E21/><V75/><F56/><W12/><G66/><T44/><D44/><N who="1" m="26007" /><E123/><V47/><AGARI ba="1,1" hai="2,5,9,24,25,41,47,50,68,69,70,75,76,81" machi="47" ten="40,2100,0" yaku="0,1" doraHai="121" who="2" fromWho="2" sc="292,-8,402,-8,224,34,72,-8" /><INIT seed="6,2,0,2,0,106" ten="284,394,258,64" oya="2" hai0="73,64,112,131,75,122,120,6,126,63,70,108,82" hai1="43,17,117,100,111,2,118,72,133,38,19,93,32" hai2="89,59,119,27,79,96,20,39,13,25,41,46,90" hai3="4,121,81,68,97,44,56,3,95,66,94,50,69"/><V115/><F119/><W24/><G121/><N who="0" m="46699" /><D108/><U9/><E111/><V16/><F115/><W58/><G24/><T129/><D112/><U11/><E32/><V54/><F79/><W110/><G110/><T8/><D82/><U113/><E113/><V61/><F96/><W5/><G3/><N who="0" m="95" /><D126/><U114/><E114/><V85/><REACH who="2" step="1"/><F90/><REACH who="2" ten="284,394,248,64" step="2"/><W104/><G97/><T80/><D80/><AGARI ba="2,1" hai="13,16,20,25,27,39,41,46,54,59,61,80,85,89" machi="80" ten="30,11600,0" yaku="1,1,2,1,7,1,54,1,53,0" doraHai="106" doraHaiUra="31" who="2" fromWho="0" sc="284,-122,394,0,248,132,64,0" /><INIT seed="6,3,0,5,2,22" ten="162,394,380,64" oya="2" hai0="66,64,133,28,79,50,10,91,12,98,129,72,73" hai1="5,67,39,131,55,114,57,20,75,130,107,61,134" hai2="4,51,8,95,90,45,46,53,74,25,24,16,84" hai3="58,110,14,112,117,97,135,59,83,48,92,132,27"/><V93/><F74/><W1/><G117/><T94/><D133/><N who="3" m="51273" /><G1/><T99/><D129/><N who="1" m="49163" /><E134/><V122/><F122/><W7/><G110/><T0/><D0/><U49/><E75/><V56/><F95/><W82/><G112/><T88/><D28/><U106/><E39/><V103/><F103/><N who="3" m="60839" /><G27/><N who="2" m="10313" /><F4/><W40/><G59/><T33/><D33/><U128/><E114/><V19/><F16/><W37/><G37/><T65/><D73/><U69/><N who="1" m="49171" /><U13/><DORA hai="86" /><E5/><V60/><F60/><W78/><G78/><T113/><D79/><U85/><E85/><V35/><F35/><W26/><G26/><T127/><D72/><U44/><E69/><V115/><F115/><W100/><G100/><T80/><D113/><U77/><E77/><V70/><F70/><W43/><G83/><T89/><D99/><U62/><E61/><V96/><F96/><W31/><G82/><T18/><D80/><U36/><E36/><V87/><F87/><W108/><G31/><T105/><D105/><U41/><E67/><V124/><F124/><W101/><G101/><N who="0" m="60631" /><D127/><U126/><E126/><V42/><F42/><W125/><G125/><T76/><D76/><U120/><E120/><V11/><F19/><AGARI ba="3,0" hai="13,19,20,41,44,49,55,57,62,106,107" m="49171" machi="19" ten="40,1300,0" yaku="19,1" doraHai="22,86" who="1" fromWho="2" sc="162,0,394,22,380,-22,64,0" /><INIT seed="7,0,0,3,4,24" ten="162,416,358,64" oya="3" hai0="126,39,135,35,122,109,7,22,31,115,85,55,21" hai1="48,92,42,68,9,106,41,108,66,90,6,110,79" hai2="124,57,97,62,100,99,5,95,89,54,50,60,53" hai3="94,51,116,15,13,77,14,81,2,17,133,112,56"/><W59/><G116/><T93/><D39/><U87/><E106/><V64/><F124/><W80/><G2/><T67/><D122/><U63/><E79/><V28/><F5/><W30/><G133/><T102/><D67/><U26/><E26/><V113/><F113/><W96/><G112/><T123/><D126/><U117/><E117/><V78/><F78/><W91/><G17/><T134/><D55/><U83/><E83/><V119/><F119/><W132/><G132/><T71/><D71/><U11/><E11/><V46/><F28/><W65/><G65/><T44/><D85/><U125/><E125/><V103/><REACH who="2" step="1"/><F99/><REACH who="2" ten="162,416,348,64" step="2"/><W1/><G1/><T88/><D31/><U20/><E108/><V98/><F98/><W32/><G80/><T33/><D102/><U29/><E110/><V120/><F120/><W111/><G111/><T58/><D93/><U114/><E114/><V82/><F82/><W130/><G130/><T18/><D44/><U45/><E29/><V38/><F38/><W12/><N who="3" m="3584" /><DORA hai="3" /><W127/><G127/><T34/><D115/><U74/><E20/><V10/><F10/><W86/><REACH who="3" step="1"/><G51/><REACH who="3" ten="162,416,348,54" step="2"/><T76/><D109/><U36/><E9/><V4/><F4/><W61/><G61/><T40/><D7/><U23/><E6/><V101/><F101/><W128/><G128/><T72/><D135/><U105/><E48/><V107/><F107/><W19/><G19/><T27/><D18/><U73/><E105/><V121/><F121/><W70/><G70/><AGARI ba="0,2" hai="46,50,53,54,57,60,62,64,70,89,95,97,100,103" machi="70" ten="30,2000,0" yaku="1,1,7,1,53,0" doraHai="24,3" doraHaiUra="131,118" who="2" fromWho="3" sc="162,0,416,0,348,40,54,-20" owari="162,-24.0,416,52.0,388,19.0,34,-47.0" /></mjloggm>