<mjloggm ver="2.3"><GO type="169" lobby="0"/><UN n0="%E3%82%8A%E3%81%B5%E3%82%8C%E3%81%8F" n1="%E3%83%88%E3%83%88%E3%83%AA%E5%85%88%E7%94%9F%31%39%E6%AD%B3" n2="%63%6F%62%65%68%6F%70%65" n3="%E8%83%A1%E6%A4%92%E7%B2%89" dan="16,19,16,16" rate="2135.92,2333.16,2140.95,2070.94" sx="M,F,M,M"/><TAIKYOKU oya="0"/><INIT seed="0,0,0,3,3,7" ten="250,250,250,250" oya="0" hai0="61,112,54,39,109,89,3,43,29,34,52,41,122" hai1="50,135,123,116,45,28,0,98,69,107,66,64,106" hai2="105,92,80,26,91,42,67,115,21,23,58,10,48" hai3="31,126,132,8,117,81,104,119,130,59,49,20,4"/><T27/><D112/><U9/><E116/><V75/><F115/><W78/><G104/><T88/><D122/><U33/><E123/><V30/><F105/><W32/><G130/><T108/><D3/><U111/><E111/><N who="0" m="42569" /><D61/><U53/><E135/><V11/><F21/><W87/><G132/><T134/><D134/><U102/><E106/><V100/><F75/><W55/><G32/><T18/><D18/><U6/><REACH who="1" step="1"/><E69/><REACH who="1" ten="250,240,250,250" step="2"/><V12/><F12/><W13/><REACH who="3" step="1"/><G126/><REACH who="3" ten="250,240,250,240" step="2"/><T35/><D35/><U110/><E110/><V127/><F127/><W85/><G85/><T1/><D1/><U90/><E90/><N who="0" m="34921" /><D39/><U124/><E124/><V63/><F91/><W79/><G79/><T120/><D120/><U36/><E36/><V76/><F76/><W37/><G37/><T94/><D94/><U44/><E44/><N who="2" m="25623" /><F80/><W62/><G62/><T95/><D95/><U73/><E73/><V71/><F71/><W99/><G99/><AGARI ba="0,2" hai="10,11,23,26,30,58,63,67,92,99,100" m="25623" machi="99" ten="30,7700,0" yaku="25,1,8,1,52,2" doraHai="7" who="2" fromWho="3" sc="250,0,240,0,250,97,240,-77" /><INIT seed="1,0,0,0,0,14" ten="250,240,347,163" oya="1" hai0="78,30,77,132,3,90,129,81,106,101,18,23,135" hai1="127,65,111,43,96,131,6,84,19,104,44,80,53" hai2="76,16,49,67,25,56,99,45,100,32,113,109,46" hai3="105,119,72,66,68,110,64,9,107,10,103,0,15"/><U11/><E131/><V22/><F113/><W126/><G72/><T118/><D3/><U5/><E127/><V124/><F32/><W122/><G110/><T125/><D118/><U82/><E111/><V94/><F124/><W98/><G126/><T1/><D1/><U55/><E65/><V34/><F109/><W51/><G122/><T42/><D42/><U39/><E82/><V61/><F34/><W70/><G51/><T47/><D47/><U54/><E104/><V75/><F75/><W41/><G41/><T128/><D30/><U38/><E96/><V117/><F117/><W69/><G119/><T20/><D20/><U52/><N who="1" m="13312" /><DORA hai="74" /><U83/><E83/><V89/><F76/><N who="0" m="29290" /><D125/><U93/><E93/><N who="2" m="58479" /><F49/><W17/><REACH who="3" step="1"/><G105/><REACH who="3" ten="250,240,347,153" step="2"/><T13/><D106/><U7/><E39/><V60/><F61/><W8/><G8/><T102/><D128/><U86/><REACH who="1" step="1"/><E80/><REACH who="1" ten="250,230,347,153" step="2"/><V40/><F40/><W27/><G27/><T114/><D129/><U29/><E29/><V4/><F4/><AGARI ba="0,2" hai="0,4,9,10,15,17,64,66,68,69,70,98,103,107" machi="4" ten="40,2600,0" yaku="1,1,52,1,53,0" doraHai="14,74" doraHaiUra="58,121" who="3" fromWho="2" sc="250,0,230,0,347,-26,153,46" /><INIT seed="2,0,0,5,0,6" ten="250,230,321,199" oya="2" hai0="41,45,24,122,116,27,43,123,79,16,3,66,9" hai1="98,76,114,80,53,48,32,89,67,73,82,120,65" hai2="125,15,5,30,115,133,63,107,127,55,117,21,31" hai3="101,1,12,94,40,78,113,91,50,38,13,95,23"/><V68/><F107/><W4/><G38/><T90/><D66/><U17/><E114/><V46/><F115/><W58/><G113/><T35/><D116/><U85/><E32/><V109/><F117/><W11/><G78/><T10/><D79/><U121/><E98/><V131/><F133/><W75/><G75/><T7/><D90/><U74/><E74/><V126/><F131/><W70/><G70/><T93/><D93/><U97/><E97/><V71/><F109/><W118/><G118/><T83/><D83/><U2/><E2/><V87/><F87/><W61/><G101/><T99/><D99/><U77/><E77/><V110/><F110/><W129/><G129/><T22/><D43/><U28/><E28/><V39/><F39/><W19/><G1/><N who="0" m="239" /><D45/><N who="1" m="27791" /><E17/><N who="2" m="10431" /><F5/><W88/><G94/><T84/><D84/><U60/><E60/><V26/><F31/><W57/><G95/><T132/><D41/><U54/><E54/><V103/><F103/><W134/><G134/><T42/><D42/><U104/><E104/><V92/><F92/><W0/><G0/><T64/><D64/><U25/><E25/><V105/><F105/><W37/><G37/><T81/><D81/><U96/><E96/><V36/><F36/><W112/><G112/><T62/><D62/><U69/><E69/><V33/><F63/><W44/><G61/><T124/><D132/><U14/><E67/><V119/><F119/><W49/><G49/><AGARI ba="0,0" hai="26,30,33,46,49,55,68,71,125,126,127" m="10431" machi="49" ten="30,1500,0" yaku="18,1" doraHai="6" who="2" fromWho="3" sc="250,0,230,0,321,15,199,-15" /><INIT seed="2,1,0,1,1,107" ten="250,230,336,184" oya="2" hai0="127,38,124,66,87,84,59,27,108,50,57,120,8" hai1="92,3,79,39,35,11,129,115,42,70,10,91,16" hai2="118,41,83,54,20,56,32,98,15,97,13,55,69" hai3="112,34,51,22,9,61,105,126,93,80,104,123,60"/><V90/><F32/><W95/><G34/><T116/><D120/><U99/><E115/><V86/><F69/><W1/><G123/><T4/><D108/><U94/><E70/><V49/><F118/><W28/><G126/><N who="0" m="48171" /><D38/><U29/><E129/><V111/><F111/><W72/><G112/><T96/><D116/><U64/><E64/><V76/><F41/><W21/><G51/><T81/><D27/><U45/><E3/><V31/><F31/><W68/><G68/><T102/><D66/><U78/><E11/><V121/><F121/><W48/><G48/><T75/><D75/><U44/><E45/><V2/><F2/><W40/><G1/><N who="0" m="15" /><D50/><U36/><E36/><V125/><F55/><W122/><G9/><T131/><D131/><U65/><E65/><V74/><F125/><W62/><G122/><T103/><D87/><U25/><REACH who="1" step="1"/><E94/><REACH who="1" ten="250,220,336,184" step="2"/><N who="2" m="54615" /><F15/><AGARI ba="1,1" hai="10,15,16,25,29,35,39,42,44,78,79,91,92,99" machi="15" ten="40,5200,0" yaku="1,1,54,1,53,1" doraHai="107" doraHaiUra="89" who="1" fromWho="2" sc="250,0,220,65,336,-55,184,0" /><INIT seed="3,0,0,2,5,15" ten="250,285,281,184" oya="3" hai0="76,23,16,83,26,30,64,85,22,29,61,132,113" hai1="63,53,88,78,120,105,0,4,57,9,65,77,84" hai2="72,123,47,6,69,108,121,7,87,129,58,109,41" hai3="27,54,19,92,31,71,11,13,56,24,10,36,18"/><W107/><G107/><T94/><D132/><U115/><E120/><N who="2" m="46155" /><F72/><W135/><G71/><T124/><D124/><U34/><E115/><V55/><F87/><W117/><G36/><T50/><D113/><U93/><E34/><V126/><F7/><W82/><G135/><T39/><D39/><U44/><E105/><V133/><F6/><W100/><G117/><T73/><D50/><U104/><E104/><V99/><F99/><N who="3" m="59495" /><G82/><T97/><D73/><U37/><E37/><N who="2" m="21935" /><F133/><W110/><G110/><N who="2" m="42601" /><F69/><W25/><G31/><T98/><D23/><U130/><E78/><V101/><F101/><W33/><G33/><T128/><D98/><U43/><E77/><V21/><F21/><N who="3" m="13375" /><G10/><T80/><D80/><U60/><E9/><V12/><F12/><W106/><G106/><T89/><REACH who="0" step="1"/><D128/><REACH who="0" ten="240,285,281,184" step="2"/><U8/><E130/><V48/><F129/><W51/><AGARI ba="0,1" hai="11,13,18,25,27,51,54,56" m="13375,59495" machi="51" ten="30,6000,0" yaku="8,1,52,2" doraHai="15" who="3" fromWho="3" sc="240,-20,285,-20,281,-20,184,70" /><INIT seed="3,1,0,1,0,90" ten="220,265,261,254" oya="3" hai0="55,23,112,3,97,59,117,119,9,78,30,5,70" hai1="115,48,24,96,81,74,92,6,111,53,62,98,63" hai2="125,50,132,105,40,79,66,25,118,18,128,42,68" hai3="131,49,0,71,130,102,85,21,37,32,86,89,88"/><W94/><G32/><T73/><D70/><U11/><E115/><V77/><F105/><W127/><G37/><T100/><D112/><U1/><E111/><V13/><F118/><W33/><G33/><T82/><D23/><U91/><E24/><V2/><F2/><W126/><G0/><T52/><D30/><U107/><E107/><V47/><F125/><N who="3" m="47627" /><G71/><T41/><D41/><U60/><E98/><V75/><F128/><N who="3" m="49195" /><G49/><T46/><D46/><U44/><E74/><V120/><F75/><W7/><G7/><T28/><D28/><U19/><E81/><V76/><F50/><W14/><G102/><T16/><D16/><U110/><E110/><V134/><F47/><W83/><G14/><T34/><D34/><U35/><E35/><V51/><F51/><W36/><G36/><T17/><D17/><U43/><REACH who="1" step="1"/><E19/><REACH who="1" ten="220,255,261,254" step="2"/><V20/><F25/><W99/><G21/><T121/><D121/><U116/><E116/><V104/><F120/><W114/><G114/><T101/><D117/><U56/><AGARI ba="1,1" hai="1,6,11,43,44,48,53,56,60,62,63,91,92,96" machi="56" ten="30,4000,0" yaku="1,1,0,1,52,1,53,0" doraHai="90" doraHaiUra="61" who="1" fromWho="1" sc="220,-11,255,53,261,-11,254,-21" /><INIT seed="4,0,0,4,3,23" ten="209,308,250,233" oya="0" hai0="27,49,103,131,125,72,67,113,123,69,47,20,71" hai1="24,53,57,93,66,104,13,39,34,55,21,14,26" hai2="109,1,120,76,90,122,10,31,77,111,58,89,132" hai3="45,35,98,60,115,96,22,16,3,64,54,30,97"/><T127/><D72/><U73/><E104/><V36/><F58/><W108/><G3/><T19/><D123/><U79/><E39/><V11/><F36/><W102/><G108/><T32/><D131/><U78/><E34/><V114/><F31/><W94/><G115/><T117/><D117/><U63/><E73/><V29/><F29/><W43/><G54/><N who="1" m="20490" /><E93/><V70/><F1/><W81/><G81/><T33/><D113/><U83/><E83/><V95/><F95/><W40/><G40/><N who="0" m="24807" /><D103/><U116/><E116/><V91/><F114/><W107/><G45/><T130/><D130/><U101/><E101/><V133/><REACH who="2" step="1"/><F90/><REACH who="2" ten="209,308,240,233" step="2"/><W74/><G94/><T84/><D71/><AGARI ba="0,1" hai="10,11,70,71,76,77,89,91,109,111,120,122,132,133" machi="71" ten="25,6400,0" yaku="1,1,2,1,22,2,53,0" doraHai="23" doraHaiUra="46" who="2" fromWho="0" sc="209,-64,308,0,240,74,233,0" /><INIT seed="5,0,0,1,0,75" ten="145,308,314,233" oya="1" hai0="10,110,11,105,51,38,119,41,24,45,96,132,70" hai1="92,20,88,7,27,4,3,97,80,114,107,127,104" hai2="6,37,22,59,134,61,47,121,40,39,133,118,67" hai3="69,26,18,16,33,124,131,13,115,36,72,50,43"/><U15/><E3/><V23/><F6/><W32/><G69/><T46/><D110/><U89/><E114/><V55/><F23/><W91/><G36/><T9/><D70/><U34/><E34/><V71/><F22/><W100/><G100/><T48/><D119/><U111/><E111/><V52/><F118/><W28/><G72/><T90/><D132/><N who="2" m="50794" /><F121/><W98/><G50/><T57/><D24/><U87/><E127/><V25/><F25/><W14/><G43/><T117/><D117/><U126/><E126/><V65/><F39/><W101/><G91/><T106/><D57/><U76/><E104/><V135/><F135/><W84/><G84/><T44/><D38/><U54/><E107/><V58/><F71/><W74/><G74/><T49/><D41/><U42/><E42/><V125/><F125/><W12/><G124/><T2/><D2/><U35/><E35/><V1/><F1/><W103/><G98/><T53/><D53/><U29/><E15/><V83/><F83/><W120/><G120/><T122/><REACH who="0" step="1"/><D122/><REACH who="0" ten="135,308,314,233" step="2"/><U30/><E30/><V5/><F5/><N who="1" m="2121" /><E54/><V81/><F81/><W79/><G26/><T68/><D68/><U108/><E108/><V0/><F0/><W93/><G28/><T31/><D31/><U64/><E64/><V85/><F85/><W99/><G33/><T73/><D73/><U116/><E116/><V86/><F86/><W112/><G32/><T94/><AGARI ba="0,1" hai="9,10,11,44,45,46,48,49,51,90,94,96,105,106" machi="94" ten="40,8000,1" yaku="1,1,0,1,29,2,53,0" doraHai="75" doraHaiUra="19" who="0" fromWho="0" sc="135,90,308,-40,314,-20,233,-20" /><INIT seed="6,0,0,1,5,40" ten="225,268,294,213" oya="2" hai0="135,120,27,67,18,17,7,90,113,46,84,49,48" hai1="35,118,30,87,47,114,13,59,54,116,0,99,23" hai2="70,1,29,85,75,32,62,65,127,64,10,21,9" hai3="11,112,103,2,91,39,86,122,50,96,26,95,63"/><V125/><F75/><W58/><G122/><T12/><D120/><U79/><E0/><V37/><F37/><W117/><G117/><T83/><D113/><U3/><E3/><V68/><F32/><W51/><G39/><T88/><D135/><U89/><E35/><V123/><F123/><W42/><G112/><T61/><D7/><U76/><E114/><V77/><F1/><W56/><G2/><T105/><D105/><U41/><E99/><V34/><F34/><W131/><G11/><N who="0" m="6303" /><D49/><N who="1" m="26863" /><E118/><V71/><F10/><W129/><G26/><T98/><D98/><U115/><E115/><V110/><F9/><W121/><G121/><T92/><D92/><N who="1" m="54335" /><E116/><V44/><F110/><W93/><G56/><N who="0" m="37287" /><D27/><N who="1" m="16767" /><E13/><V94/><F71/><W80/><G93/><T108/><D18/><U78/><E78/><V53/><F94/><W19/><G19/><T97/><D97/><U104/><E104/><V25/><F70/><W60/><G60/><AGARI ba="0,0" hai="54,59,60,76,79" m="16767,54335,26863" machi="60" ten="30,2000,0" yaku="8,1,52,1" doraHai="40" who="1" fromWho="3" sc="225,0,268,20,294,0,213,-20" /><INIT seed="7,0,0,1,2,53" ten="225,288,294,193" oya="3" hai0="17,18,110,21,80,31,116,78,91,72,35,104,50" hai1="27,71,24,121,94,62,64,83,131,75,114,115,135" hai2="54,112,100,38,74,2,55,123,20,48,87,88,69" hai3="15,95,103,61,40,19,90,66,8,82,111,99,84"/><W101/><G111/><T0/><D116/><U9/><E121/><V43/><F2/><W97/><G40/><T76/><D110/><U86/><E75/><V51/><F74/><W128/><G128/><T22/><D104/><U12/><E94/><V77/><F69/><W106/><G106/><T133/><D133/><U57/><E71/><V67/><F38/><W102/><REACH who="3" step="1"/><G99/><REACH who="3" ten="225,288,294,183" step="2"/><T23/><D0/><U47/><E131/><V81/><F43/><W36/><G36/><T39/><D39/><U37/><E135/><V5/><F123/><W79/><G79/><T60/><D78/><U6/><E37/><V85/><F77/><W32/><G32/><T45/><D35/><U14/><E114/><V68/><F112/><W93/><G93/><T113/><D113/><U16/><E115/><V105/><F105/><W132/><G132/><T34/><D34/><U118/><E118/><V108/><F108/><W96/><G96/><T109/><D109/><U41/><E41/><V52/><F81/><W25/><G25/><T42/><D31/><U10/><E47/><V46/><F46/><W124/><G124/><T7/><D76/><AGARI ba="0,1" hai="6,9,10,12,14,16,24,27,57,62,64,76,83,86" machi="76" ten="30,7700,0" yaku="7,1,8,1,52,1,54,1" doraHai="53" who="1" fromWho="0" sc="225,-77,288,87,294,0,183,0" owari="148,-35.0,375,48.0,294,9.0,183,-22.0" /></mjloggm>