<mjloggm ver="2.3"><GO type="169" lobby="0"/><UN n0="%E3%82%A6%E3%83%AB%E3%83%88%E3%83%A9%E7%AB%8B%E7%9B%B4" n1="%E3%81%A9%E3%81%84%E3%83%BC%E3%82%93" n2="%E3%82%B3%E3%83%9E%E3%83%84%E3%81%AE%E9%85%92" n3="%E3%82%83%E3%82%87%E3%81%83" dan="18,16,16,18" rate="2229.28,2089.59,2152.70,2216.89" sx="M,M,M,M"/><TAIKYOKU oya="0"/><INIT seed="0,0,0,1,2,106" ten="250,250,250,250" oya="0" hai0="127,93,56,117,47,57,99,44,7,126,30,132,73" hai1="81,103,8,72,94,28,43,128,41,33,98,45,92" hai2="116,97,13,105,31,85,22,46,17,5,101,18,114" hai3="62,67,87,84,51,71,16,26,78,96,123,0,24"/><T112/><D112/><U27/><E128/><V89/><F114/><W29/><G0/><T14/><D117/><U69/><E69/><V111/><F111/><W4/><G4/><T37/><D30/><U109/><E109/><V15/><F116/><W2/><G2/><T23/><D132/><U122/><E122/><V58/><F5/><W135/><G135/><T6/><D73/><U19/><E92/><V102/><F102/><W86/><G123/><T20/><D93/><U100/><E100/><V40/><F58/><W95/><G78/><T104/><D37/><U63/><E63/><V25/><F13/><W74/><G74/><T110/><D110/><U49/><E8/><V121/><F121/><W129/><G51/><T91/><D14/><U125/><E19/><V3/><F3/><W59/><G71/><T118/><D118/><U48/><E125/><V90/><F85/><W32/><G129/><T113/><D113/><U38/><REACH who="1" step="1"/><E43/><REACH who="1" ten="250,240,250,250" step="2"/><V70/><F70/><W65/><G16/><T115/><D115/><U80/><E80/><V108/><F108/><W42/><G42/><T61/><D61/><U66/><E66/><V75/><F18/><W82/><G67/><T1/><D1/><U53/><E53/><V131/><F131/><W130/><G130/><T107/><D99/><U76/><AGARI ba="0,1" hai="27,28,33,38,41,45,48,49,72,76,81,94,98,103" machi="76" ten="30,4000,0" yaku="1,1,0,1,52,1,53,0" doraHai="106" doraHaiUra="52" who="1" fromWho="1" sc="250,-20,240,50,250,-10,250,-10" /><INIT seed="1,0,0,2,5,93" ten="230,290,240,240" oya="1" hai0="104,84,105,56,40,36,135,127,41,114,125,52,13" hai1="108,92,43,65,94,69,109,39,55,122,22,75,35" hai2="121,44,18,60,47,123,132,90,27,82,97,72,100" hai3="45,61,46,9,133,76,12,106,30,130,25,113,73"/><U0/><E35/><V85/><F132/><W96/><G113/><T3/><D3/><U129/><E0/><V102/><F72/><W77/><G133/><T101/><D135/><U20/><E75/><V42/><F60/><W81/><G77/><T74/><D74/><U14/><E122/><V89/><F89/><W88/><G130/><T26/><D114/><U37/><E55/><V6/><F6/><W38/><G38/><T119/><D119/><U98/><E14/><V2/><F2/><W21/><G61/><T29/><D13/><U7/><E7/><V120/><F100/><W66/><G66/><T54/><D84/><U80/><E80/><V111/><F111/><W50/><G50/><T118/><D118/><U15/><E94/><V110/><F110/><N who="1" m="42601" /><E129/><V53/><F53/><W48/><G48/><N who="0" m="30727" /><D54/><U116/><E116/><V5/><F5/><W126/><G126/><N who="0" m="48139" /><D105/><U79/><E79/><V83/><F83/><W124/><G124/><T59/><D40/><U115/><E115/><V62/><F42/><W1/><G1/><T10/><D41/><U57/><E69/><V63/><F63/><W8/><G106/><T24/><D59/><U11/><E57/><V87/><F62/><W131/><G131/><T33/><D36/><N who="1" m="13899" /><E43/><V51/><F51/><W117/><G117/><T107/><D107/><U91/><E65/><V68/><F68/><W49/><G12/><T103/><D104/><U16/><AGARI ba="0,0" hai="11,15,16,20,22,91,92,98" m="13899,42601" machi="16" ten="30,11700,0" yaku="14,1,10,1,52,1,54,1" doraHai="93" who="1" fromWho="1" sc="230,-39,290,117,240,-39,240,-39" /><INIT seed="1,1,0,3,2,105" ten="191,407,201,201" oya="1" hai0="123,33,44,78,100,47,108,107,99,117,32,18,54" hai1="85,45,79,133,23,28,11,8,135,64,5,30,65" hai2="66,67,130,132,96,2,42,50,41,3,101,59,126" hai3="58,86,56,35,104,81,14,26,94,4,116,98,51"/><U57/><E45/><V88/><F126/><W115/><G115/><T1/><D117/><U93/><E11/><V90/><F130/><W119/><G104/><T38/><D1/><U102/><E79/><V48/><F59/><W63/><G51/><T49/><D108/><U43/><E43/><V111/><F111/><W127/><G127/><T39/><D123/><U15/><E85/><V52/><F96/><W97/><G35/><T69/><D69/><U83/><E83/><V128/><F128/><W22/><G14/><T74/><D18/><U21/><E135/><V95/><F95/><W68/><G68/><T55/><D39/><U19/><E133/><V71/><F71/><W106/><G4/><T16/><D16/><U118/><E23/><V131/><F131/><W77/><G106/><T24/><D24/><U20/><E20/><V27/><F101/><N who="3" m="60599" /><G98/><T87/><D87/><U13/><E118/><N who="3" m="45098" /><G63/><T121/><D121/><U91/><E102/><V122/><F122/><W113/><G113/><T129/><D129/><U6/><E6/><V103/><F103/><W72/><G86/><T125/><D125/><U124/><E124/><V114/><F132/><W25/><G25/><T70/><D70/><U53/><E30/><AGARI ba="1,0" hai="22,26,30,56,58,72,77,81" m="45098,60599" machi="30" ten="30,2000,0" yaku="12,1,52,1" doraHai="105" who="3" fromWho="1" sc="191,0,407,-23,201,0,201,23" /><INIT seed="2,0,0,1,1,24" ten="191,384,201,224" oya="2" hai0="48,15,106,11,116,104,73,102,101,103,88,134,75" hai1="92,74,98,100,19,66,99,53,32,112,56,44,47" hai2="84,107,31,39,60,72,108,27,40,70,126,114,21" hai3="123,90,125,8,63,120,46,55,122,36,93,45,130"/><V52/><F114/><W26/><G125/><T69/><D69/><U89/><E74/><N who="0" m="28169" /><D48/><U118/><E32/><V28/><F72/><W96/><G130/><T23/><D23/><U113/><E118/><V64/><F107/><N who="0" m="41002" /><D15/><U42/><E66/><V34/><F126/><W61/><G8/><T22/><D22/><U33/><E33/><V58/><F108/><W94/><G36/><T80/><D11/><U105/><E19/><N who="2" m="12735" /><F84/><W135/><G26/><T12/><D12/><U51/><REACH who="1" step="1"/><E47/><REACH who="1" ten="191,374,201,224" step="2"/><N who="2" m="23967" /><F34/><W2/><G45/><T25/><D116/><U71/><E71/><V30/><F30/><W77/><G46/><T115/><D115/><U65/><E65/><V95/><F95/><W82/><G94/><T85/><D25/><U6/><E6/><V41/><F41/><W132/><G122/><T43/><D43/><U110/><E110/><V50/><AGARI ba="0,1" hai="28,31,50,52,58,60,64,70" m="23967,12735" machi="50" ten="30,11700,0" yaku="24,1,52,2,54,1" doraHai="24" who="2" fromWho="2" sc="191,-39,374,-39,201,127,224,-39" /><INIT seed="2,1,0,2,5,77" ten="152,335,328,185" oya="2" hai0="91,88,58,53,122,3,37,70,13,87,43,68,65" hai1="29,42,85,100,118,14,36,112,49,94,23,82,25" hai2="34,32,97,59,130,27,11,75,81,33,133,6,4" hai3="96,102,15,127,115,108,134,76,78,71,47,2,45"/><V107/><F130/><W101/><G2/><T67/><D3/><U105/><E118/><V56/><F133/><W20/><G71/><N who="0" m="27179" /><D13/><U104/><E112/><V30/><F107/><W86/><G108/><T12/><D87/><U135/><E36/><V31/><F97/><W24/><G134/><T103/><D12/><U69/><E69/><V44/><F44/><W66/><G66/><N who="0" m="25099" /><D88/><U8/><E135/><V125/><F125/><W124/><G15/><T57/><D91/><U129/><E129/><V26/><F33/><W116/><G86/><T73/><D103/><U98/><E42/><V10/><F75/><W63/><G20/><T1/><D1/><U22/><E49/><V48/><F48/><W121/><G24/><T17/><D17/><U83/><E23/><V113/><F113/><W0/><G115/><T51/><D73/><U16/><REACH who="1" step="1"/><E83/><AGARI ba="1,0" hai="4,6,10,11,26,27,30,31,32,34,56,59,81,83" machi="83" ten="25,9600,0" yaku="22,2,52,2" doraHai="77" who="2" fromWho="1" sc="152,0,335,-99,328,99,185,0" /><INIT seed="2,2,0,5,4,31" ten="152,236,427,185" oya="2" hai0="16,72,17,55,67,50,30,68,88,26,14,101,109" hai1="70,118,10,13,135,108,7,62,42,91,52,86,115" hai2="111,127,53,69,11,132,74,9,38,0,90,104,37" hai3="3,96,46,75,114,76,102,95,113,92,49,98,6"/><V12/><F69/><W36/><G36/><T99/><D72/><U124/><E118/><V116/><F104/><W84/><G75/><T129/><D109/><U107/><E108/><V21/><F74/><W1/><G6/><T18/><D129/><U35/><E107/><V19/><F116/><W58/><G58/><T73/><D73/><U93/><E115/><N who="3" m="44042" /><G84/><T32/><D67/><U125/><E135/><V23/><F37/><W24/><G24/><T47/><D68/><U57/><E42/><V48/><F38/><W133/><G76/><T97/><D88/><U25/><E70/><V2/><F132/><W89/><G133/><T27/><D27/><U41/><REACH who="1" step="1"/><E41/><AGARI ba="2,0" hai="1,3,41,46,49,89,92,95,96,98,102" m="44042" machi="41" ten="30,1000,0" yaku="11,1" doraHai="31" who="3" fromWho="1" sc="152,0,236,-16,427,0,185,16" /><INIT seed="3,0,0,4,3,18" ten="152,220,427,201" oya="3" hai0="45,61,86,78,118,41,21,113,43,122,42,32,10" hai1="40,5,60,62,4,98,80,120,11,73,91,38,121" hai2="84,88,109,6,89,117,74,71,132,59,65,8,15" hai3="99,129,82,76,134,100,101,46,27,72,128,1,123"/><W54/><G1/><T67/><D32/><U50/><E5/><V125/><F74/><W28/><G123/><T116/><D10/><U119/><E50/><V92/><F109/><W25/><G134/><T90/><D78/><U108/><E119/><V102/><F71/><W104/><G100/><T93/><D122/><U14/><E108/><V95/><F117/><W96/><G96/><T24/><D113/><U23/><E23/><V77/><F77/><W37/><G54/><T126/><D126/><U47/><E62/><V2/><F125/><W16/><G16/><T107/><D107/><U53/><E98/><V12/><F102/><W35/><REACH who="3" step="1"/><G27/><REACH who="3" ten="152,220,427,191" step="2"/><T19/><REACH who="0" step="1"/><D45/><REACH who="0" ten="142,220,427,191" step="2"/><U57/><E121/><V68/><F132/><W39/><G39/><T127/><D127/><U22/><E120/><V63/><F2/><W135/><G135/><T33/><D33/><U110/><E38/><V103/><F103/><W130/><G130/><T31/><D31/><U58/><E47/><V7/><F15/><W87/><G87/><T70/><AGARI ba="0,2" hai="19,21,24,41,42,43,61,67,70,86,90,93,116,118" machi="70" ten="30,7900,0" yaku="1,1,0,1,52,1,53,1" doraHai="18" doraHaiUra="17" who="0" fromWho="0" sc="142,99,220,-20,427,-20,191,-39" /><INIT seed="4,0,0,0,2,6" ten="241,200,407,152" oya="0" hai0="71,65,39,118,52,127,92,60,2,125,0,121,58" hai1="81,83,78,124,88,30,62,104,87,11,51,96,100" hai2="95,59,115,8,15,89,41,129,134,50,43,114,29" hai3="122,26,102,46,40,63,69,33,55,67,66,128,25"/><T21/><D118/><U110/><E124/><N who="0" m="47689" /><D121/><U99/><E110/><V34/><F129/><W120/><G102/><T38/><D21/><U79/><E30/><V94/><F29/><W5/><G66/><T80/><D92/><U47/><E62/><V17/><F34/><W98/><G98/><T18/><D18/><U53/><E99/><V101/><F134/><W133/><G133/><T7/><D80/><U132/><E132/><V93/><F101/><W106/><G106/><T73/><D73/><U42/><E42/><V108/><F108/><W123/><G128/><T107/><D107/><U105/><E105/><V27/><F27/><W117/><G117/><T68/><D68/><U13/><REACH who="1" step="1"/><E83/><REACH who="1" ten="241,190,407,152" step="2"/><V49/><F41/><W54/><G33/><T24/><D60/><U23/><E23/><V9/><F43/><W72/><G40/><T113/><D39/><U103/><E103/><V90/><F50/><W14/><G63/><T70/><D38/><U22/><E22/><V86/><F49/><W35/><G35/><T126/><D126/><U119/><E119/><V56/><F95/><W31/><G31/><T36/><D36/><U111/><E111/><V76/><F93/><W64/><G120/><T97/><D97/><U44/><E44/><V77/><F94/><W3/><G122/><T112/><D71/><U130/><E130/><V75/><F56/><W48/><G69/><T84/><D70/><U61/><E61/><V131/><F59/><W32/><G123/><T57/><D58/><U28/><E28/><V19/><F131/><W37/><G37/><T16/><D57/><RYUUKYOKU ba="0,1" sc="241,-10,190,30,407,-10,152,-10" hai1="11,13,47,51,53,78,79,81,87,88,96,100,104" /><INIT seed="5,1,1,3,1,44" ten="231,220,397,142" oya="1" hai0="130,65,114,16,5,124,23,73,3,92,119,56,10" hai1="75,122,68,52,79,135,125,25,24,85,89,21,118" hai2="123,48,115,107,12,88,71,61,59,27,70,77,103" hai3="43,117,57,131,129,20,2,34,102,96,7,78,81"/><U31/><E122/><V98/><F123/><W97/><G34/><T36/><D119/><U53/><E118/><V109/><F109/><W108/><G108/><T46/><D92/><U126/><E68/><V30/><F77/><W128/><G117/><T93/><D93/><U121/><E121/><V47/><F12/><W26/><G43/><T80/><D114/><U104/><E104/><V66/><F88/><W91/><G91/><T84/><D84/><U112/><E112/><V67/><F67/><W64/><G102/><T69/><D69/><U86/><E75/><V50/><F50/><W35/><G35/><T83/><D73/><U49/><E135/><V38/><F38/><W76/><G7/><T60/><D130/><U87/><E53/><V110/><F110/><W28/><G2/><T111/><D111/><U42/><E42/><V82/><F82/><W32/><G32/><T18/><D83/><N who="1" m="49407" /><E25/><V58/><F71/><W113/><G113/><T15/><D80/><U45/><E79/><N who="3" m="30250" /><G81/><T127/><D36/><U14/><E14/><V90/><F90/><W100/><G100/><T54/><D18/><U11/><E11/><V41/><F115/><W106/><G106/><T55/><D55/><U101/><E101/><V99/><F99/><W95/><G95/><T9/><D9/><U8/><E8/><V51/><F70/><W116/><G116/><T1/><D1/><U6/><E6/><V105/><F105/><W132/><G132/><T40/><D40/><U74/><E74/><V120/><F120/><W72/><G72/><T4/><D4/><U29/><E29/><RYUUKYOKU ba="1,1" sc="231,10,220,10,397,-30,142,10" hai0="3,5,10,15,16,23,46,54,56,60,65,124,127" hai1="21,24,31,45,49,52,85,86,125,126" hai3="20,26,28,57,64,96,97,128,129,131" /><INIT seed="5,2,1,3,2,19" ten="241,230,367,152" oya="1" hai0="28,101,72,79,115,126,17,87,29,127,88,116,120" hai1="50,104,53,122,133,15,66,68,102,62,130,36,60" hai2="100,90,35,42,131,51,6,18,109,121,27,94,73" hai3="49,112,67,23,96,41,123,82,78,25,105,1,113"/><U124/><E122/><V111/><F73/><W10/><G123/><T59/><D116/><U22/><E36/><V47/><F121/><W5/><G67/><T97/><D120/><U103/><E104/><V71/><F71/><W89/><G41/><T132/><D59/><U8/><E133/><V52/><F131/><W77/><G49/><T31/><D132/><U58/><E130/><V63/><F100/><W54/><G54/><T64/><D64/><U46/><E124/><N who="0" m="47657" /><D115/><N who="3" m="44105" /><G82/><N who="0" m="45415" /><D17/><U32/><E22/><N who="2" m="13783" /><F6/><W3/><G3/><T107/><D31/><U20/><E20/><V81/><F81/><AGARI ba="2,1" hai="28,29,81,87,88,97,101,107" m="45415,47657" machi="81" ten="30,2000,0" yaku="18,1,54,1" doraHai="19" who="0" fromWho="2" sc="241,36,230,0,367,-26,152,0" /><INIT seed="6,0,0,4,4,114" ten="277,230,341,152" oya="2" hai0="56,120,28,69,21,51,19,83,81,118,82,115,132" hai1="24,74,113,22,8,90,5,23,127,46,61,4,13" hai2="3,12,49,79,108,121,47,106,33,76,53,62,94" hai3="7,109,91,134,67,60,73,59,129,9,85,42,77"/><V32/><F3/><W31/><G109/><T124/><D69/><U119/><E74/><V100/><F106/><W126/><G126/><T36/><D36/><U14/><E119/><V48/><F121/><W1/><G134/><T104/><D104/><U131/><E127/><V66/><F108/><W41/><G129/><T70/><D70/><U111/><E131/><V89/><F100/><W96/><G96/><T35/><D120/><U39/><E113/><V15/><F49/><W78/><G78/><N who="2" m="29737" /><F33/><W72/><G72/><T135/><D118/><U65/><E111/><V20/><F32/><W110/><G110/><T52/><D115/><U43/><E90/><V107/><F107/><W133/><G133/><T103/><D103/><U2/><E5/><V88/><F20/><W105/><G105/><T75/><D75/><U16/><REACH who="1" step="1"/><E23/><REACH who="1" ten="277,220,341,152" step="2"/><V112/><F89/><W128/><G128/><T80/><D124/><U98/><E98/><N who="2" m="57671" /><F112/><W95/><G77/><T25/><N who="0" m="20480" /><DORA hai="123" /><T27/><AGARI ba="0,1" hai="19,21,25,27,28,35,51,52,56,132,135" m="20480" machi="27" ten="50,6400,0" yaku="4,1,0,1,54,1" doraHai="114,123" who="0" fromWho="0" sc="277,74,220,-16,341,-32,152,-16" /><INIT seed="7,0,0,0,3,110" ten="351,204,309,136" oya="3" hai0="68,50,109,48,56,84,121,14,107,134,89,10,76" hai1="116,55,77,102,91,32,34,92,114,112,36,2,42" hai2="80,35,60,90,21,19,108,86,43,63,81,31,130" hai3="62,37,38,88,131,64,29,25,59,18,69,39,26"/><W28/><G131/><T120/><D68/><U122/><E2/><V82/><F108/><W40/><G40/><T44/><D107/><U33/><E122/><V9/><F130/><W123/><G123/><T5/><D109/><U20/><E116/><V61/><F43/><W24/><G18/><T95/><D134/><U41/><E102/><V129/><F129/><W111/><G111/><T94/><D76/><U54/><E20/><V78/><F78/><W93/><REACH who="3" step="1"/><G69/><REACH who="3" ten="351,204,309,126" step="2"/><T71/><D71/><U105/><E42/><V47/><F31/><W4/><G4/><T85/><D5/><U133/><E41/><V65/><F19/><W67/><G67/><T27/><D121/><U126/><E133/><V66/><F66/><W16/><G16/><T127/><D120/><U49/><E36/><V58/><F65/><W119/><G119/><T118/><D118/><U101/><E126/><V15/><F9/><W75/><G75/><T96/><D10/><U125/><E125/><V23/><F15/><W128/><G128/><T11/><D14/><U70/><E70/><V30/><F30/><W72/><G72/><T6/><D11/><U132/><E132/><V113/><F35/><W73/><G73/><T0/><D127/><U51/><E34/><V57/><F21/><W7/><G7/><T106/><D6/><U124/><E33/><V115/><F23/><W104/><G104/><T79/><D106/><U103/><E32/><V46/><F113/><W99/><AGARI ba="0,1" hai="24,25,26,28,29,37,38,39,59,62,64,88,93,99" machi="99" ten="40,18000,2" yaku="1,1,0,1,54,1,53,3" doraHai="110" doraHaiUra="22" who="3" fromWho="3" sc="351,-60,204,-60,309,-60,126,190" owari="291,9.0,144,-36.0,249,-15.0,316,42.0" /></mjloggm>