<mjloggm ver="2.3"><GO type="169" lobby="0"/><UN n0="%49%51%31%38%30%E7%9C%9F%E5%89%A3%E6%A7%98" n1="%72%79%6F%EF%BC%A0%4D%4A" n2="%E3%83%88%E3%83%88%E3%83%AA%E5%85%88%E7%94%9F%31%39%E6%AD%B3" n3="%6B%75%7A%75%6E" dan="16,16,19,16" rate="2151.56,2123.71,2294.49,2113.70" sx="M,M,F,M"/><TAIKYOKU oya="0"/><INIT seed="0,0,0,1,2,51" ten="250,250,250,250" oya="0" hai0="44,111,27,45,131,107,30,28,23,11,71,70,103" hai1="77,18,88,22,128,13,87,17,65,14,126,104,53" hai2="115,26,91,67,114,109,15,31,66,78,33,101,54" hai3="60,129,116,25,108,75,16,86,98,49,80,6,130"/><T92/><D107/><U100/><E126/><V7/><F109/><W132/><G108/><T36/><D111/><U135/><E128/><N who="3" m="49258" /><G116/><T106/><D131/><U99/><E135/><V97/><F78/><N who="3" m="46359" /><G75/><T12/><D106/><U37/><E77/><V64/><F91/><W89/><G6/><N who="0" m="3191" /><D36/><U34/><E37/><V1/><F1/><W46/><G60/><T69/><D71/><U83/><E65/><V57/><F15/><W62/><G62/><T59/><D70/><U19/><E34/><V125/><F7/><W102/><G89/><T81/><D30/><U5/><E5/><V110/><F125/><W10/><G132/><T47/><D69/><U112/><E112/><V84/><F84/><W0/><G0/><T79/><D81/><U73/><E73/><V72/><F72/><W117/><G117/><T4/><D79/><U96/><E96/><V21/><F33/><W82/><G82/><T3/><D4/><U76/><E76/><V2/><F2/><W50/><G10/><T85/><D3/><U35/><E35/><V113/><F110/><W120/><G120/><T118/><D118/><U20/><E18/><V122/><F122/><W134/><G134/><T105/><D105/><U93/><E104/><N who="2" m="63535" /><F113/><W32/><G32/><T9/><D9/><U127/><E127/><V121/><F121/><W74/><G74/><T39/><D39/><U123/><E123/><V58/><F114/><W24/><G16/><T29/><D29/><U124/><E124/><V119/><F115/><W41/><G49/><T40/><D28/><U90/><E90/><V43/><F119/><RYUUKYOKU ba="0,0" sc="250,-15,250,15,250,-15,250,15" hai1="13,14,17,19,20,22,53,83,87,88,93,99,100" hai3="24,25,41,46,50,98,102" /><INIT seed="1,1,0,2,5,39" ten="235,265,235,265" oya="1" hai0="69,91,107,101,27,96,97,6,46,117,70,75,16" hai1="36,47,21,54,121,111,51,74,8,4,58,66,81" hai2="11,84,52,37,18,0,40,89,72,26,109,29,43" hai3="23,49,116,125,127,68,108,110,9,92,38,63,41"/><U76/><E121/><V5/><F72/><W14/><G116/><T78/><D117/><U19/><E111/><N who="3" m="42538" /><G23/><T2/><D2/><U35/><E35/><V86/><F37/><W105/><G105/><T42/><D6/><U85/><E66/><V129/><F109/><W56/><G68/><T44/><D44/><U93/><E93/><V114/><F129/><W79/><G38/><T31/><D16/><U87/><E36/><V132/><F132/><W62/><G79/><T104/><D78/><U15/><REACH who="1" step="1"/><E47/><REACH who="1" ten="235,255,235,265" step="2"/><V122/><F122/><W100/><G92/><T80/><D104/><U34/><E34/><V33/><F114/><W55/><G100/><T22/><D101/><U45/><E45/><V103/><F103/><W126/><G41/><T130/><D107/><U60/><E60/><V106/><F106/><W124/><G124/><T24/><D42/><U73/><E73/><V28/><F33/><W53/><G55/><T65/><D75/><U7/><E7/><AGARI ba="1,1" hai="7,9,14,49,53,56,62,63,125,126,127" m="42538" machi="7" ten="40,2600,0" yaku="18,1,14,1" doraHai="39" who="3" fromWho="1" sc="235,0,255,-29,235,0,265,39" /><INIT seed="2,0,0,1,5,76" ten="235,226,235,304" oya="2" hai0="131,83,36,20,42,103,65,66,113,84,52,73,108" hai1="77,34,124,120,29,135,104,43,133,54,68,37,59" hai2="22,81,90,39,80,125,67,96,23,122,87,8,24" hai3="101,57,53,98,123,56,44,78,16,89,95,50,128"/><V2/><F122/><W35/><G35/><T79/><D113/><U117/><E117/><V7/><F39/><W114/><G114/><T49/><D108/><U48/><E104/><V93/><F125/><W3/><G3/><T11/><D131/><U51/><E120/><V105/><F67/><W94/><G123/><T5/><D103/><U63/><E77/><V74/><F74/><W130/><G78/><T115/><D115/><U62/><E29/><V127/><F127/><W33/><G33/><T40/><D84/><U100/><E100/><V55/><F23/><W132/><G132/><N who="1" m="50762" /><E34/><V121/><F121/><W32/><G32/><T119/><D42/><U85/><E85/><V109/><F109/><W61/><G16/><T0/><D20/><U28/><E28/><V118/><F118/><W97/><REACH who="3" step="1"/><G57/><REACH who="3" ten="235,226,235,294" step="2"/><N who="0" m="32911" /><D119/><U45/><E124/><V110/><F110/><W58/><G58/><T60/><D60/><N who="1" m="23083" /><E68/><V129/><F129/><W106/><G106/><T38/><D38/><AGARI ba="0,1" hai="37,38,43,45,48,51,54,59" m="23083,50762" machi="38" ten="30,3900,0" yaku="20,1,34,2" doraHai="76" who="1" fromWho="0" sc="235,-39,226,49,235,0,294,0" /><INIT seed="3,0,0,5,1,83" ten="196,275,235,294" oya="3" hai0="41,28,5,75,46,36,85,105,59,60,23,88,35" hai1="93,113,65,104,19,127,71,96,82,70,103,10,128" hai2="116,20,125,37,27,94,73,115,97,61,80,91,2" hai3="11,13,74,30,45,15,68,130,79,110,69,33,31"/><W63/><G130/><T123/><D123/><U25/><E113/><V34/><F115/><W131/><G131/><T58/><D105/><U133/><E128/><V102/><F116/><W101/><G101/><T8/><D75/><U67/><E127/><V56/><F125/><W18/><G74/><T55/><D35/><U38/><E38/><V3/><F37/><W0/><G79/><T50/><D28/><U72/><E133/><V48/><F48/><W81/><G81/><T114/><D23/><U29/><E71/><V129/><F34/><W132/><G132/><T17/><D17/><U54/><E70/><V42/><F42/><W86/><G0/><T84/><D114/><U107/><E54/><V57/><F57/><W121/><G121/><T52/><REACH who="0" step="1"/><D88/><REACH who="0" ten="186,275,235,294" step="2"/><U6/><E19/><N who="2" m="12703" /><F129/><W21/><G33/><T49/><D49/><U135/><E104/><V44/><F91/><W89/><G31/><T119/><D119/><U109/><E107/><V40/><F73/><W53/><G30/><T62/><D62/><U64/><E72/><V32/><F32/><W4/><G63/><T47/><D47/><U98/><E29/><V39/><F80/><N who="3" m="49351" /><G110/><T78/><D78/><U14/><E82/><V9/><F9/><W111/><G111/><T122/><D122/><U95/><E10/><V118/><F118/><W134/><G134/><T24/><D24/><U124/><E135/><V77/><F77/><W92/><G92/><T76/><D76/><U22/><E95/><V112/><F112/><W106/><G106/><T126/><D126/><U12/><E124/><V51/><F61/><RYUUKYOKU ba="0,1" sc="186,10,275,-30,235,10,294,10" hai0="5,8,36,41,46,50,52,55,58,59,60,84,85" hai2="2,3,39,40,44,51,56,94,97,102" hai3="4,11,13,15,18,21,45,53,68,69" /><INIT seed="3,1,1,3,3,88" ten="196,245,245,304" oya="3" hai0="111,76,7,21,132,107,105,68,120,71,11,119,121" hai1="60,112,55,73,100,52,4,43,93,17,86,36,48" hai2="89,12,8,106,134,54,26,14,15,49,13,128,10" hai3="63,82,18,80,126,47,117,67,38,90,84,2,1"/><W31/><G117/><T135/><D21/><U51/><E73/><V94/><F106/><N who="0" m="40458" /><D76/><U78/><E112/><V9/><F128/><W91/><G126/><T29/><D29/><U66/><E4/><V41/><F134/><N who="0" m="51242" /><D119/><U42/><E17/><N who="2" m="8327" /><F41/><W5/><G5/><T109/><D11/><N who="2" m="4106" /><F26/><W24/><G18/><T65/><D65/><U130/><E36/><V33/><F33/><W70/><G38/><T116/><D7/><U37/><E37/><V39/><F39/><W125/><G125/><T95/><D95/><U3/><E3/><V74/><F74/><W22/><G47/><T131/><D131/><U50/><E130/><V53/><F49/><W85/><AGARI ba="1,1" hai="1,2,22,24,31,63,67,70,80,82,84,85,90,91" machi="85" ten="30,3000,0" yaku="0,1,9,1" doraHai="88" who="3" fromWho="3" sc="196,-11,245,-11,245,-11,304,43" /><INIT seed="3,2,0,5,5,48" ten="185,234,234,347" oya="3" hai0="69,30,37,120,80,27,7,57,71,87,135,111,18" hai1="126,41,107,64,112,39,94,106,123,81,54,74,58" hai2="70,9,61,15,56,78,84,21,108,36,104,118,11" hai3="42,49,83,110,85,129,10,4,125,91,43,89,16"/><W29/><G129/><T44/><D111/><U92/><E123/><V20/><F118/><W88/><G125/><T33/><D135/><U25/><E112/><V105/><F36/><W121/><G121/><T66/><D120/><U102/><E64/><V40/><F40/><W101/><G110/><T60/><D7/><U34/><E41/><V122/><F70/><W65/><G65/><T96/><D37/><U133/><E39/><V52/><F108/><W63/><G63/><T127/><D127/><U98/><E133/><V119/><F119/><W13/><G29/><T93/><D18/><U1/><E1/><V95/><F122/><W62/><G62/><T72/><D44/><U131/><E131/><V75/><F75/><W38/><G101/><T47/><D47/><U109/><E107/><V31/><F105/><W132/><G132/><T55/><D66/><U45/><E45/><V99/><F104/><W23/><G38/><T115/><D72/><U79/><E109/><V0/><F0/><W59/><G43/><T3/><D3/><U90/><E90/><N who="2" m="55799" /><F9/><W17/><G42/><T53/><D55/><U8/><E8/><V6/><F31/><W82/><G82/><AGARI ba="2,0" hai="6,11,15,20,21,52,56,61,78,82,84" m="55799" machi="82" ten="30,3900,0" yaku="8,1,52,1,54,1" doraHai="48" who="2" fromWho="3" sc="185,0,234,0,234,45,347,-45" /><INIT seed="4,0,0,1,5,32" ten="185,234,279,302" oya="0" hai0="21,119,48,13,78,80,75,33,29,9,74,92,96" hai1="70,45,67,46,0,124,113,88,43,60,16,111,116" hai2="54,94,95,8,122,12,125,117,18,127,7,105,64" hai3="72,129,77,84,2,79,102,86,131,4,115,73,97"/><T6/><D119/><U38/><E116/><V128/><F117/><W62/><G62/><T61/><D33/><U31/><E31/><V44/><F122/><W120/><G120/><T109/><D109/><U98/><E111/><V55/><F105/><N who="3" m="63695" /><G4/><T81/><D61/><U69/><E124/><N who="2" m="47691" /><F128/><N who="3" m="49227" /><G2/><T35/><D35/><U56/><E0/><N who="2" m="103" /><F64/><W3/><G3/><T37/><D37/><U90/><E113/><V11/><F54/><W22/><G22/><T68/><D68/><U85/><E46/><V53/><F55/><W57/><G57/><T104/><D104/><U28/><E28/><V87/><F87/><N who="3" m="33323" /><G115/><T24/><D48/><AGARI ba="0,0" hai="11,12,18,44,48,53,94,95" m="103,47691" machi="48" ten="30,2000,0" yaku="18,1,52,1" doraHai="32" who="2" fromWho="0" sc="185,-20,234,0,279,20,302,0" /><INIT seed="5,0,0,1,4,32" ten="165,234,299,302" oya="1" hai0="97,49,81,60,75,129,15,50,18,67,70,65,33" hai1="78,5,133,115,64,62,88,56,105,19,124,132,20" hai2="84,42,37,113,2,23,89,90,10,40,61,86,6" hai3="30,0,123,102,57,36,103,27,134,80,52,74,92"/><U135/><E105/><V3/><F113/><W106/><G123/><T100/><D129/><U63/><E115/><V31/><F37/><W85/><G134/><T34/><D67/><U95/><E124/><V120/><F120/><W101/><G36/><T38/><D38/><U118/><E118/><V55/><F31/><W72/><G106/><T130/><D130/><U51/><E5/><V96/><F96/><W110/><G0/><T114/><D114/><U58/><E78/><V47/><F23/><W99/><G74/><T46/><D50/><U98/><E51/><V83/><F2/><W14/><G14/><T39/><D81/><U93/><E95/><V126/><F126/><W107/><G72/><T66/><D65/><U116/><E116/><V59/><F47/><W8/><G8/><T117/><D75/><U53/><REACH who="1" step="1"/><E135/><REACH who="1" ten="165,224,299,302" step="2"/><V13/><F3/><W122/><G107/><T21/><D117/><U127/><E127/><V109/><F109/><W22/><G110/><T12/><D39/><U77/><E77/><V68/><F68/><W112/><G122/><T45/><D46/><U119/><E119/><V11/><F11/><W128/><G112/><T41/><REACH who="0" step="1"/><D15/><AGARI ba="0,1" hai="15,19,20,53,56,58,62,63,64,88,93,98,132,133" machi="15" ten="40,7700,0" yaku="1,1,54,1,53,1" doraHai="32" doraHaiUra="9" who="1" fromWho="0" sc="165,-77,224,87,299,0,302,0" /><INIT seed="5,1,0,2,2,78" ten="88,311,299,302" oya="1" hai0="133,126,71,64,100,105,93,13,121,120,94,19,115" hai1="97,84,46,89,4,9,117,114,40,110,44,57,6" hai2="135,104,103,99,34,51,7,26,32,21,29,128,130" hai3="24,22,23,92,113,82,45,131,90,106,17,83,37"/><U8/><E117/><V85/><F135/><W101/><G113/><T72/><D64/><U20/><E114/><V50/><F7/><W62/><G131/><N who="2" m="50217" /><F85/><W30/><G106/><T47/><D71/><U52/><E97/><V127/><F127/><W86/><G101/><T42/><D47/><U61/><E20/><V80/><F80/><N who="3" m="30763" /><G37/><T96/><D115/><U87/><E87/><V81/><F81/><W107/><G107/><T2/><D72/><U48/><E110/><V43/><F43/><W65/><G45/><T102/><D42/><U28/><E46/><V58/><F58/><N who="3" m="37079" /><G23/><T91/><D2/><U36/><E36/><V118/><F118/><W123/><G123/><T5/><D126/><U70/><E70/><V1/><F1/><W119/><G119/><T27/><D121/><U98/><E44/><V69/><F69/><W116/><G116/><T16/><D120/><U112/><E112/><V49/><AGARI ba="1,0" hai="21,26,29,32,34,49,50,51,99,103,104" m="50217" machi="49" ten="30,1100,0" yaku="19,1" doraHai="78" who="2" fromWho="2" sc="88,-4,311,-6,299,14,302,-4" /><INIT seed="6,0,0,5,2,53" ten="84,305,313,298" oya="2" hai0="54,108,113,47,104,24,119,56,51,68,1,80,64" hai1="27,9,83,8,79,85,38,77,58,21,55,78,120" hai2="6,15,44,66,96,123,14,117,28,4,103,20,100" hai3="18,102,29,22,19,49,34,71,111,45,33,76,10"/><V17/><F123/><W37/><G111/><T13/><D108/><U67/><E67/><V41/><F117/><W11/><G37/><T129/><D1/><U122/><E38/><V62/><F28/><W25/><G71/><T98/><D113/><U43/><E43/><V39/><F15/><W61/><G76/><N who="1" m="29290" /><E122/><V40/><F40/><W65/><G102/><T86/><D129/><U0/><E0/><V72/><F72/><W50/><G34/><T132/><D132/><U110/><E110/><V5/><REACH who="2" step="1"/><F96/><REACH who="2" ten="84,305,303,298" step="2"/><W30/><G29/><T7/><D119/><U23/><E120/><V116/><F116/><W124/><G33/><T93/><D104/><U101/><E27/><V135/><F135/><W42/><G30/><T63/><D24/><U114/><E114/><V92/><F92/><W118/><G118/><T131/><D131/><U26/><E26/><V133/><F133/><W127/><G19/><T115/><D115/><U89/><E9/><V81/><F81/><W82/><G82/><T2/><D2/><U94/><E8/><V121/><F121/><W31/><G31/><T99/><D93/><U90/><E21/><V35/><F35/><W130/><G130/><T69/><D99/><N who="1" m="59639" /><E23/><V107/><F107/><W97/><G97/><T52/><D98/><U128/><E128/><V46/><F46/><N who="3" m="25815" /><G11/><N who="0" m="4351" /><D80/><U70/><E70/><AGARI ba="0,1" hai="4,5,6,14,17,20,39,41,44,62,66,70,100,103" machi="70" ten="40,3900,0" yaku="1,1,53,1" doraHai="53" doraHaiUra="59" who="2" fromWho="1" sc="84,0,305,-39,303,49,298,0" /><INIT seed="6,1,0,3,4,106" ten="84,266,352,298" oya="2" hai0="67,119,129,98,66,49,61,79,62,21,101,2,38" hai1="60,117,121,36,20,35,54,1,112,15,33,3,53" hai2="95,90,123,42,81,26,105,102,116,77,71,19,48" hai3="70,39,111,104,74,89,51,118,46,120,109,30,52"/><V16/><F123/><W18/><G120/><T80/><D129/><U50/><E121/><V103/><F116/><W55/><G118/><T76/><D119/><U96/><E117/><V58/><F71/><W114/><G104/><T99/><D2/><U115/><E36/><V28/><F105/><W72/><G70/><T17/><D38/><U34/><E96/><V8/><F8/><W9/><G30/><T132/><D132/><U78/><E60/><V113/><F113/><N who="1" m="43593" /><E78/><V86/><F103/><W75/><G114/><T22/><D49/><U44/><E53/><V14/><F14/><W84/><G55/><T127/><D127/><U29/><E29/><V25/><F102/><W93/><REACH who="3" step="1"/><G39/><REACH who="3" ten="84,266,352,288" step="2"/><T69/><D69/><U37/><E37/><V125/><F125/><W31/><G31/><T87/><D101/><U92/><E92/><V64/><F28/><W43/><G43/><T107/><D107/><U122/><E122/><V126/><F126/><W24/><G24/><N who="2" m="9321" /><F42/><W4/><G4/><T5/><D5/><U41/><E41/><V134/><F134/><W65/><G65/><T27/><D27/><U83/><E83/><V47/><F64/><W6/><G6/><T63/><D80/><U73/><E33/><V91/><F95/><W131/><G131/><T124/><D124/><U59/><E35/><V88/><F81/><W135/><G135/><T68/><D68/><U40/><E34/><V94/><F94/><W85/><G85/><T32/><D32/><U56/><E40/><V11/><F86/><W45/><G45/><T57/><D87/><U133/><E133/><RYUUKYOKU ba="1,1" sc="84,-10,266,-10,352,-10,288,30" hai3="9,18,46,51,52,72,74,75,84,89,93,109,111" /><INIT seed="7,2,1,4,5,57" ten="74,256,342,318" oya="3" hai0="37,105,47,85,2,48,32,9,18,13,44,127,83" hai1="3,90,113,96,73,104,130,21,77,111,81,109,99" hai2="98,74,123,0,69,42,10,29,41,11,135,126,72" hai3="4,39,125,63,35,108,36,120,7,65,45,33,117"/><W94/><G117/><T102/><D127/><U14/><E3/><V22/><F69/><W34/><G120/><T82/><D105/><U6/><E6/><V12/><F0/><W129/><G125/><T71/><D32/><U51/><E14/><V122/><F126/><W54/><G129/><T132/><D132/><U16/><E51/><V31/><F98/><W110/><G94/><T128/><D128/><U53/><E53/><V131/><F131/><W50/><G4/><T23/><D2/><U119/><E130/><V100/><F12/><W59/><REACH who="3" step="1"/><G7/><REACH who="3" ten="74,256,342,308" step="2"/><T66/><D71/><U27/><E119/><V101/><F135/><W28/><G28/><T93/><D37/><AGARI ba="2,2" hai="33,34,35,36,37,39,45,50,54,59,63,65,108,110" machi="37" ten="50,9600,0" yaku="1,1,52,1,53,1" doraHai="57" doraHaiUra="56" who="3" fromWho="0" sc="74,-102,256,0,342,0,308,122" owari="-28,-53.0,256,-14.0,342,14.0,430,53.0" /></mjloggm>