<mjloggm ver="2.3"><GO type="169" lobby="0"/><UN n0="%23%53%69%6C%76%65%72" n1="%E3%83%88%E3%83%88%E3%83%AA%E5%85%88%E7%94%9F%31%39%E6%AD%B3" n2="%E9%BB%84%E9%BE%8D%E5%85%84%E8%B2%B4" n3="%E3%83%A8%E3%82%B3%E3%83%A8%E3%82%B3" dan="17,19,18,16" rate="2168.85,2283.96,2244.85,2112.32" sx="M,F,M,M"/><TAIKYOKU oya="0"/><INIT seed="0,0,0,0,2,96" ten="250,250,250,250" oya="0" hai0="4,63,115,108,43,70,69,79,8,95,88,0,64" hai1="93,111,123,27,112,22,45,53,97,76,44,2,51" hai2="46,80,116,61,83,68,1,118,7,109,25,30,129" hai3="134,24,74,47,52,15,101,67,14,107,23,117,94"/><T71/><D115/><U16/><E123/><V32/><F109/><W119/><G107/><T37/><D108/><U56/><E111/><V42/><F129/><W21/><G74/><T84/><REACH who="0" step="1"/><D79/><REACH who="0" ten="240,250,250,250" step="2"/><U41/><E112/><V5/><F116/><W38/><G117/><T102/><D102/><U57/><E76/><V135/><F118/><W17/><G119/><T87/><D87/><U55/><E2/><V10/><F135/><W11/><G101/><T3/><D3/><U48/><E41/><V49/><F1/><W120/><G134/><T26/><D26/><U110/><E110/><V78/><F78/><W133/><G24/><T81/><D81/><U39/><E39/><V92/><F80/><W128/><G133/><T18/><D18/><U73/><E73/><V125/><F83/><W124/><G17/><T90/><D90/><AGARI ba="0,1" hai="16,22,27,44,45,48,51,53,55,56,57,90,93,97" machi="90" ten="30,7700,0" yaku="7,1,9,1,8,1,54,1" doraHai="96" who="1" fromWho="0" sc="240,-77,250,87,250,0,250,0" /><INIT seed="1,0,0,4,4,10" ten="163,337,250,250" oya="1" hai0="130,128,56,120,6,116,132,36,46,62,106,103,66" hai1="2,38,79,77,43,122,125,89,57,35,112,111,85" hai2="21,90,75,14,23,83,28,61,124,5,29,76,70" hai3="135,67,107,131,108,78,31,53,54,68,92,102,72"/><U55/><E112/><V117/><F117/><W99/><G108/><T0/><D6/><U60/><E122/><V33/><F124/><W9/><G131/><N who="0" m="50219" /><D0/><U45/><E2/><V113/><F113/><W71/><G135/><T69/><D103/><U48/><E111/><V115/><F115/><W39/><G39/><T86/><D106/><U100/><E125/><V109/><F109/><W47/><G31/><T104/><D104/><U20/><E35/><V82/><F33/><W12/><G107/><T110/><D86/><U59/><E100/><V123/><F123/><W91/><G102/><T24/><D24/><U42/><E42/><V58/><F70/><W26/><G26/><T93/><D93/><U88/><E20/><V40/><F40/><W25/><G25/><T73/><D73/><U11/><E11/><V126/><F126/><W19/><G67/><N who="0" m="39367" /><D110/><U18/><E18/><V74/><F5/><W49/><REACH who="3" step="1"/><G54/><REACH who="3" ten="163,337,250,240" step="2"/><T133/><D120/><U134/><E134/><N who="0" m="51817" /><D116/><U95/><E89/><V50/><F90/><W15/><G15/><T13/><D13/><U8/><E8/><V119/><F119/><W129/><G129/><T98/><D98/><U30/><E30/><V34/><F28/><W44/><G44/><T101/><D101/><U17/><E17/><V105/><F14/><W94/><G94/><T3/><D3/><U51/><REACH who="1" step="1"/><E38/><REACH who="1" ten="163,327,250,240" step="2"/><V127/><F127/><W22/><G22/><T114/><D114/><U52/><AGARI ba="0,2" hai="43,45,48,51,52,55,57,59,60,77,79,85,88,95" machi="52" ten="20,18000,2" yaku="1,1,2,1,0,1,7,1,8,1,54,2,53,0" doraHai="10" doraHaiUra="65" who="1" fromWho="1" sc="163,-60,327,200,250,-60,240,-60" /><INIT seed="1,1,0,0,1,2" ten="103,527,190,180" oya="1" hai0="133,44,124,35,125,32,69,107,63,109,119,93,96" hai1="116,100,117,33,56,5,132,82,43,80,36,87,65" hai2="122,67,114,51,115,123,79,21,101,1,4,25,45" hai3="31,13,57,106,23,74,11,121,130,120,50,34,18"/><U105/><E33/><V103/><F79/><W76/><G106/><T10/><D119/><U59/><E132/><V52/><F67/><W55/><G130/><T9/><D107/><U129/><E129/><V131/><F131/><W86/><G74/><T47/><D109/><U27/><E27/><V39/><F39/><W30/><G34/><N who="0" m="12843" /><D133/><U20/><E20/><V62/><F62/><W127/><G127/><N who="0" m="48715" /><D63/><U111/><E111/><V77/><F77/><W73/><G73/><T16/><D69/><U94/><E105/><V95/><F95/><W7/><G121/><T71/><D71/><U68/><E65/><V15/><F1/><W83/><REACH who="3" step="1"/><G120/><REACH who="3" ten="103,527,190,170" step="2"/><T37/><D37/><U19/><E36/><V64/><F122/><W135/><G135/><T41/><D41/><U88/><E43/><V78/><F123/><W113/><G113/><N who="2" m="43017" /><F64/><W99/><G99/><T14/><D9/><U70/><E117/><V46/><F78/><W84/><G84/><T6/><D6/><U61/><E87/><V54/><F54/><W26/><AGARI ba="1,1" hai="7,11,13,18,23,26,30,31,50,55,57,76,83,86" machi="26" ten="20,12000,2" yaku="1,1,0,1,7,1,8,1,52,1,53,1" doraHai="2" doraHaiUra="3" who="3" fromWho="3" sc="103,-31,527,-61,190,-31,170,133" /><INIT seed="2,0,0,2,0,124" ten="72,466,159,303" oya="2" hai0="30,125,108,80,86,79,117,53,74,131,66,5,72" hai1="59,14,101,120,115,12,11,42,132,71,38,45,20" hai2="87,43,24,109,118,95,77,26,116,2,98,49,67" hai3="102,52,1,60,105,55,114,41,88,40,4,47,6"/><V100/><F2/><W135/><G135/><T123/><D66/><U23/><E115/><V69/><F109/><W8/><G114/><T96/><D30/><U50/><E71/><V17/><F69/><W73/><G73/><T35/><D5/><U119/><E119/><V62/><F116/><W94/><G4/><T44/><D35/><U122/><E132/><V110/><F110/><W7/><G7/><T18/><D117/><U89/><E101/><V127/><F127/><W27/><G27/><T21/><D108/><U0/><E0/><V64/><F118/><W128/><G102/><T3/><D3/><U16/><E89/><V15/><F62/><W13/><G105/><T85/><D123/><N who="1" m="47147" /><E14/><V91/><F77/><W48/><G1/><T36/><D125/><U126/><E126/><V83/><F26/><W112/><G112/><T99/><D74/><U57/><E57/><V111/><F24/><W31/><G31/><T121/><D121/><U19/><E19/><V133/><F133/><W63/><G128/><T32/><D131/><U134/><E134/><V129/><F129/><W82/><G82/><T75/><D32/><U37/><E59/><V61/><F111/><W84/><REACH who="3" step="1"/><G52/><REACH who="3" ten="72,466,159,293" step="2"/><T9/><D53/><U68/><E23/><N who="2" m="11711" /><F61/><AGARI ba="0,1" hai="6,8,13,40,41,47,48,55,60,61,63,84,88,94" machi="61" ten="40,5200,0" yaku="1,1,8,1,54,1,53,0" doraHai="124" doraHaiUra="113" who="3" fromWho="2" sc="72,0,466,0,159,-52,293,62" /><INIT seed="3,0,0,3,0,84" ten="72,466,107,355" oya="3" hai0="120,8,21,68,130,19,91,104,73,108,16,126,1" hai1="131,12,89,26,54,128,53,90,18,29,33,106,94" hai2="87,24,88,71,82,74,118,17,30,133,117,86,69" hai3="129,34,79,64,119,101,4,109,99,107,31,121,61"/><W134/><G121/><T63/><D120/><U124/><E106/><V47/><F74/><W67/><G119/><T93/><D104/><U55/><E124/><V59/><F133/><W10/><G134/><T15/><D73/><U111/><E111/><V50/><F59/><W112/><G112/><T115/><D108/><U22/><REACH who="1" step="1"/><E94/><REACH who="1" ten="72,456,107,355" step="2"/><V75/><F117/><W35/><G109/><T123/><D126/><U78/><E78/><V127/><F127/><W60/><G79/><T42/><D123/><U57/><E57/><V13/><F118/><W25/><G129/><AGARI ba="0,1" hai="12,18,22,26,29,33,53,54,55,89,90,128,129,131" machi="129" ten="40,8000,1" yaku="1,1,19,1,52,2,53,0" doraHai="84" doraHaiUra="77" who="1" fromWho="3" sc="72,0,456,90,107,0,355,-80" /><INIT seed="4,0,0,1,0,100" ten="72,546,107,275" oya="0" hai0="26,1,67,87,130,50,83,115,8,4,135,122,36" hai1="48,120,121,91,18,129,22,119,2,34,84,30,97" hai2="81,56,80,9,27,0,40,5,71,64,107,42,132" hai3="75,113,94,58,116,41,77,106,89,118,59,57,104"/><T19/><D122/><U6/><E119/><V117/><F71/><W88/><G113/><T14/><D36/><U90/><E129/><V10/><F132/><W23/><G41/><T102/><D135/><U74/><E74/><V70/><F70/><W15/><G75/><T47/><D130/><U35/><E97/><V92/><F107/><W109/><G109/><T24/><D67/><U125/><E125/><V65/><F27/><W3/><G77/><T13/><D102/><U55/><E6/><V82/><F117/><W79/><G79/><T43/><D1/><U38/><E2/><V114/><F114/><W16/><G3/><T96/><D96/><U86/><E38/><V110/><F110/><W76/><G76/><N who="0" m="46567" /><D115/><U126/><E126/><V52/><F92/><W105/><REACH who="3" step="1"/><G88/><REACH who="3" ten="72,546,107,265" step="2"/><T20/><AGARI ba="0,1" hai="4,8,13,14,19,20,24,26,43,47,50" m="46567" machi="20" ten="30,3000,0" yaku="25,1,8,1" doraHai="100" who="0" fromWho="0" sc="72,40,546,-10,107,-10,265,-10" /><INIT seed="4,1,0,5,0,124" ten="112,536,97,255" oya="0" hai0="9,29,31,21,40,115,88,66,84,98,131,72,133" hai1="33,7,85,2,100,126,4,76,112,51,82,108,118" hai2="24,36,22,127,59,3,93,90,19,135,83,111,99" hai3="42,114,63,60,20,46,128,73,39,45,61,55,13"/><T97/><D72/><U17/><E118/><V86/><F127/><W62/><G73/><T101/><D115/><U69/><E108/><V25/><F135/><W103/><G103/><T78/><D133/><U87/><E69/><V75/><F75/><W81/><G81/><T89/><D66/><U26/><E126/><V48/><F36/><W14/><G114/><T105/><D40/><U65/><E65/><V53/><F3/><W70/><G128/><T96/><D131/><U132/><E132/><V37/><F37/><W130/><G130/><T57/><D78/><U64/><E64/><V109/><REACH who="2" step="1"/><F25/><REACH who="2" ten="112,536,87,255" step="2"/><W129/><G39/><T54/><D105/><U15/><E2/><V30/><F30/><W32/><G129/><T91/><D101/><AGARI ba="1,1" hai="19,22,24,48,53,59,83,86,90,93,99,101,109,111" machi="101" ten="30,2000,0" yaku="1,1,7,1,53,0" doraHai="124" doraHaiUra="110" who="2" fromWho="0" sc="112,-23,536,0,87,33,255,0" /><INIT seed="5,0,0,5,3,103" ten="89,536,120,255" oya="1" hai0="129,97,70,29,48,3,13,89,31,78,11,113,52" hai1="121,85,98,55,115,18,90,45,83,1,67,4,17" hai2="105,94,6,77,84,2,100,26,15,57,41,22,93" hai3="109,72,81,38,116,114,92,25,130,20,61,62,63"/><U79/><E121/><V49/><F2/><W122/><G122/><T35/><D70/><U91/><E115/><V16/><F105/><W65/><G109/><T107/><D3/><U64/><E4/><V44/><F100/><W27/><G114/><T40/><D113/><U131/><E1/><V59/><F93/><W54/><G38/><T47/><D35/><U19/><E131/><V88/><F77/><W42/><G130/><T73/><D129/><U21/><E21/><V5/><F5/><W9/><G42/><T118/><D118/><U50/><E98/><V112/><F112/><W135/><G135/><T95/><D107/><U69/><E69/><V99/><F99/><W134/><G134/><T14/><D14/><U127/><E127/><V58/><F6/><W133/><G133/><T10/><D40/><U51/><E51/><V82/><F82/><W120/><G116/><T74/><D10/><U37/><E37/><V32/><F32/><W132/><G132/><T23/><D78/><U68/><E68/><V111/><F111/><W76/><G120/><T28/><REACH who="0" step="1"/><D23/><REACH who="0" ten="79,536,120,255" step="2"/><U8/><E8/><V125/><F125/><W36/><G9/><T102/><D102/><U30/><E79/><V117/><F117/><W126/><G20/><T60/><D60/><U46/><E90/><V86/><F86/><W104/><G62/><T96/><D96/><U12/><E85/><V106/><F106/><W71/><G63/><T123/><D123/><U33/><E33/><V7/><F7/><AGARI ba="0,1" hai="7,11,13,28,29,31,47,48,52,73,74,89,95,97" machi="7" ten="40,5200,0" yaku="1,1,54,1,53,1" doraHai="103" doraHaiUra="43" who="0" fromWho="2" sc="79,62,536,0,120,-52,255,0" /><INIT seed="6,0,0,1,4,87" ten="141,536,68,255" oya="2" hai0="133,120,125,45,111,89,42,93,34,17,75,30,98" hai1="46,65,52,40,68,66,12,48,2,124,4,10,60" hai2="109,106,22,121,49,123,103,33,64,43,118,73,23" hai3="35,13,126,27,61,134,71,114,70,72,44,76,86"/><V39/><F118/><W11/><G72/><T119/><D111/><U37/><E124/><V36/><F33/><W32/><G126/><T102/><D120/><U20/><E66/><V82/><F64/><W29/><G134/><T105/><D133/><U3/><E20/><V16/><F23/><W8/><G35/><T67/><D125/><U21/><E21/><V25/><F109/><W96/><G114/><T112/><D112/><U107/><E107/><V31/><F31/><W53/><G96/><T127/><D119/><U115/><E115/><V91/><F103/><W9/><G13/><T130/><D67/><U0/><E0/><V90/><F106/><W15/><G15/><T94/><D75/><U54/><E54/><V108/><F108/><W79/><G61/><T69/><D69/><U74/><E74/><V24/><F24/><W85/><G53/><T117/><D117/><U77/><E77/><V14/><F25/><W59/><G44/><AGARI ba="0,0" hai="2,3,4,10,12,37,40,44,46,48,52,60,65,68" machi="44" ten="30,2000,0" yaku="7,1,54,1" doraHai="87" who="1" fromWho="3" sc="141,0,536,20,68,0,255,-20" /><INIT seed="7,0,0,2,2,35" ten="141,556,68,235" oya="3" hai0="126,110,34,130,27,64,3,120,12,63,8,16,72" hai1="52,22,74,48,41,4,46,101,106,62,66,135,75" hai2="20,49,113,123,89,129,81,45,99,78,96,40,132" hai3="91,88,30,127,5,79,10,18,59,13,58,26,55"/><W61/><G127/><T125/><D110/><U131/><E131/><V32/><F32/><W93/><G79/><T56/><D120/><U44/><E135/><V71/><F71/><W54/><G5/><N who="0" m="1087" /><D72/><U92/><E106/><V100/><F132/><W24/><G30/><N who="0" m="19807" /><D130/><U68/><E4/><V90/><F129/><W83/><G83/><T15/><D15/><U60/><E60/><V29/><F123/><W111/><G111/><T133/><D133/><U65/><E65/><V28/><F113/><W21/><G10/><T25/><D25/><U17/><E92/><V1/><F29/><W124/><G124/><T95/><D95/><U42/><E101/><V102/><F1/><W114/><G114/><T118/><D118/><U73/><E73/><V38/><F38/><W36/><G36/><T11/><D11/><U82/><E82/><V121/><F121/><W84/><G91/><T67/><D67/><U116/><E42/><V33/><F33/><W98/><G98/><T112/><D112/><U107/><E107/><V128/><F128/><W51/><AGARI ba="0,0" hai="13,18,21,24,26,51,54,55,58,59,61,84,88,93" machi="51" ten="20,18000,2" yaku="0,1,7,1,25,2,8,1,54,1" doraHai="35" who="3" fromWho="3" sc="141,-60,556,-60,68,-60,235,180" /><INIT seed="7,1,0,2,0,41" ten="81,496,8,415" oya="3" hai0="119,9,22,46,53,40,26,97,135,125,11,14,128" hai1="114,48,108,43,17,5,100,54,121,49,58,38,129" hai2="82,79,50,29,23,123,28,18,74,127,63,134,3" hai3="65,55,109,118,52,42,126,15,77,66,76,45,115"/><W85/><G118/><T132/><D119/><U0/><E108/><V24/><F134/><N who="0" m="51242" /><D128/><U36/><E121/><V57/><F123/><W117/><G109/><T60/><D125/><U88/><E129/><V81/><F127/><W34/><G117/><T20/><D97/><U71/><E71/><V67/><F3/><W92/><G126/><T31/><D53/><N who="3" m="20553" /><G34/><N who="0" m="20855" /><D60/><U94/><E114/><V93/><F81/><W51/><G115/><T44/><D11/><U72/><E17/><V1/><F1/><W30/><G30/><T131/><D131/><U103/><E38/><V21/><F50/><N who="1" m="19561" /><E72/><V105/><F105/><W116/><G116/><T110/><D110/><U107/><E94/><V104/><F104/><W84/><G15/><T80/><D80/><U16/><E88/><V70/><F70/><W69/><G69/><T101/><D101/><U56/><E107/><V25/><F93/><W87/><G92/><T86/><D86/><N who="3" m="22017" /><W122/><DORA hai="10" /><G122/><T32/><D32/><U112/><E112/><V6/><F6/><W7/><G7/><N who="0" m="3391" /><D40/><U37/><E36/><V4/><F4/><W111/><G111/><T19/><D20/><U27/><E27/><AGARI ba="1,0" hai="19,22,27,44,46" m="3391,20855,51242" machi="27" ten="30,7700,0" yaku="20,1,52,3" doraHai="41,10" who="0" fromWho="1" sc="81,80,496,-80,8,0,415,0" owari="161,-24.0,416,51.0,8,-49.0,415,22.0" /></mjloggm>