<mjloggm ver="2.3"><GO type="169" lobby="0"/><UN n0="%E3%82%A6%E3%83%AB%E3%83%88%E3%83%A9%E7%AB%8B%E7%9B%B4" n1="%E3%82%B5%E3%82%B9%E3%83%91%E3%82%BA%E3%83%AC" n2="%E7%99%BD%E3%81%99%E3%81%B4%E3%81%A3%E3%81%A4%EF%BC%A0%E5%8D%8A%E8%8D%98" n3="%E9%BB%84%E9%BE%8D%E5%85%84%E8%B2%B4" dan="18,16,16,17" rate="2215.39,2038.70,2128.19,2180.77" sx="M,M,M,M"/><TAIKYOKU oya="0"/><INIT seed="0,0,0,1,5,54" ten="250,250,250,250" oya="0" hai0="119,24,19,51,76,22,100,68,128,20,38,78,75" hai1="13,43,53,117,84,115,69,80,29,87,66,27,113" hai2="60,8,47,16,106,98,39,49,12,15,122,109,52" hai3="30,134,18,97,50,7,105,25,11,77,108,5,48"/><T3/><D119/><U0/><E117/><V79/><F122/><W33/><G134/><T45/><D128/><U41/><E0/><V102/><F109/><W42/><G77/><T9/><D68/><U31/><E69/><V135/><F135/><W28/><G28/><T70/><D70/><U103/><E66/><V104/><F79/><W74/><G74/><T124/><D124/><U40/><E103/><V83/><F83/><W72/><G72/><T6/><D100/><U88/><E13/><V1/><F39/><W120/><G120/><T114/><D114/><N who="1" m="43531" /><E27/><V126/><F126/><W36/><G36/><T123/><D123/><U85/><E53/><V93/><F1/><W101/><G108/><T96/><D38/><U133/><E133/><V61/><REACH who="2" step="1"/><F15/><REACH who="2" ten="250,250,240,250" step="2"/><W95/><G105/><AGARI ba="0,1" hai="8,12,16,47,49,52,60,61,93,98,102,104,105,106" machi="105" ten="40,8000,1" yaku="1,1,2,1,54,2,53,0" doraHai="54" doraHaiUra="127" who="2" fromWho="3" sc="250,0,250,0,240,90,250,-80" /><INIT seed="1,0,0,5,2,84" ten="250,250,330,170" oya="1" hai0="7,22,21,95,113,61,120,12,131,116,65,41,37" hai1="59,26,93,53,57,66,60,82,85,75,125,51,49" hai2="118,78,86,103,96,107,55,104,40,39,6,80,34" hai3="87,110,10,127,114,35,121,5,74,135,33,54,101"/><U42/><E125/><V1/><F118/><W94/><G74/><T105/><D105/><U92/><E75/><V90/><F34/><W48/><G127/><T27/><D113/><U31/><E42/><V89/><F104/><W132/><G114/><T102/><D116/><U15/><E15/><V36/><F55/><W115/><G115/><T17/><D131/><U72/><E49/><V106/><F106/><W46/><G121/><T122/><D102/><U3/><E3/><V69/><F69/><W8/><G8/><T97/><D7/><U64/><E64/><V124/><F124/><W91/><G101/><T76/><D76/><U134/><E134/><N who="3" m="51242" /><G110/><T18/><D41/><U71/><E71/><V62/><F62/><W126/><G126/><T32/><D32/><U123/><E72/><V111/><F111/><W67/><G67/><T19/><D37/><U98/><E98/><V38/><REACH who="2" step="1"/><F40/><REACH who="2" ten="250,250,320,170" step="2"/><W23/><G23/><T24/><D61/><U14/><E123/><V73/><F73/><W130/><G130/><T79/><D22/><N who="1" m="15831" /><E14/><AGARI ba="0,1" hai="5,10,14,33,35,46,48,54,87,91,94" m="51242" machi="14" ten="30,2000,0" yaku="20,1,52,1" doraHai="84" who="3" fromWho="1" sc="250,0,250,-20,320,0,170,30" /><INIT seed="2,0,0,3,3,120" ten="250,230,320,200" oya="2" hai0="61,24,63,82,131,31,34,68,116,6,105,18,107" hai1="62,42,72,93,32,94,4,96,41,127,126,43,67" hai2="87,73,129,132,8,75,109,23,13,111,49,86,1" hai3="77,69,103,38,55,64,124,74,101,28,7,130,53"/><V110/><F132/><W60/><G7/><T102/><D131/><U89/><E72/><N who="2" m="27723" /><F129/><W92/><G130/><T119/><D6/><U0/><E32/><V79/><F79/><W112/><G38/><T26/><D82/><U114/><E114/><V135/><F135/><W106/><G112/><T36/><D36/><U97/><E4/><N who="2" m="1039" /><F49/><W80/><G101/><T76/><D76/><U29/><E29/><V16/><AGARI ba="0,0" hai="13,16,23,86,87,109,110,111" m="1039,27723" machi="16" ten="40,18000,2" yaku="14,1,10,1,52,3,54,1" doraHai="120" who="2" fromWho="2" sc="250,-60,230,-60,320,180,200,-60" /><INIT seed="2,1,0,1,4,43" ten="190,170,500,140" oya="2" hai0="122,77,19,124,90,113,109,106,11,13,128,62,111" hai1="45,135,134,10,85,75,52,39,104,97,101,99,26" hai2="76,44,78,24,91,63,55,34,18,8,117,100,5" hai3="80,66,102,94,93,126,22,61,118,60,27,23,49"/><V89/><F117/><W47/><G126/><T67/><D106/><U74/><E99/><V0/><F100/><W1/><G1/><T112/><D77/><U9/><E26/><V4/><F34/><W40/><G118/><T6/><D90/><N who="2" m="34314" /><F0/><W131/><G131/><T129/><D62/><U110/><E110/><N who="0" m="41993" /><D67/><U35/><E35/><V82/><F82/><W42/><G80/><T125/><D122/><U30/><E30/><V86/><F86/><W92/><G42/><T120/><D120/><U51/><E39/><V2/><F2/><W95/><G66/><T12/><D113/><U59/><E85/><V98/><F98/><N who="3" m="59719" /><G23/><N who="0" m="11751" /><D112/><U56/><E75/><V116/><F116/><W105/><G105/><T53/><D53/><N who="1" m="29935" /><E74/><V7/><F63/><W15/><G15/><T115/><D115/><U69/><E69/><V3/><F3/><W133/><G133/><N who="1" m="50698" /><E59/><V73/><F73/><W33/><G33/><T57/><D57/><U54/><E54/><V50/><F8/><W81/><G81/><T46/><D46/><U68/><E68/><V123/><F123/><W130/><G130/><AGARI ba="1,0" hai="6,11,13,124,125,128,129,130" m="11751,41993" machi="130" ten="30,7700,0" yaku="19,1,14,1,34,2" doraHai="43" who="0" fromWho="3" sc="190,80,170,0,500,0,140,-80" /><INIT seed="3,0,0,5,3,107" ten="270,170,500,60" oya="3" hai0="32,78,15,125,79,81,40,14,18,9,62,72,102" hai1="33,130,92,53,90,99,66,24,39,11,114,63,134" hai2="25,120,2,86,67,0,76,91,135,48,133,80,96" hai3="23,13,98,121,36,109,22,43,93,82,83,77,49"/><W55/><G121/><T117/><D117/><U35/><E114/><V74/><F120/><W64/><G64/><T124/><D32/><U85/><E130/><V3/><F67/><W115/><G115/><T71/><D102/><U108/><E39/><V106/><F48/><W123/><G123/><T129/><D129/><U69/><E108/><V65/><F65/><W56/><G109/><T126/><D71/><U94/><E134/><N who="2" m="51211" /><F25/><W73/><G82/><T113/><D113/><U29/><E11/><V46/><F46/><W104/><G104/><T42/><D62/><U101/><E53/><V12/><F12/><W41/><G36/><T100/><D100/><U34/><REACH who="1" step="1"/><E101/><REACH who="1" ten="270,160,500,60" step="2"/><N who="2" m="62759" /><F2/><W61/><G43/><T26/><D42/><U58/><E58/><V10/><F10/><W84/><G41/><T8/><D40/><U110/><E110/><V75/><F0/><W20/><G61/><T52/><D8/><U131/><E131/><V122/><F3/><W112/><G112/><T50/><D9/><U116/><E116/><V87/><F122/><W57/><G57/><T31/><D52/><U68/><E68/><V103/><F103/><N who="3" m="60879" /><G13/><T37/><D15/><U119/><E119/><V51/><F51/><W70/><G70/><T60/><D50/><U7/><E7/><V1/><F1/><W27/><G27/><T6/><D60/><U45/><E45/><V97/><F97/><W44/><G44/><T89/><D37/><U4/><E4/><V88/><F91/><W5/><G5/><T17/><D89/><U21/><E21/><V38/><F38/><W105/><G105/><RYUUKYOKU ba="0,1" sc="270,-30,160,10,500,10,60,10" hai1="24,29,33,34,35,63,66,69,85,90,92,94,99" hai2="74,75,76,80,86,87,88" hai3="20,22,23,49,55,56,73,77,83,84" /><INIT seed="3,1,1,1,5,29" ten="240,170,510,70" oya="3" hai0="34,128,62,97,80,7,11,104,134,33,54,52,24" hai1="8,39,0,2,5,117,36,108,12,90,121,95,58" hai2="130,124,88,120,85,48,109,76,75,66,116,83,63" hai3="50,23,31,27,53,127,118,129,102,21,61,73,115"/><W60/><G73/><T107/><D128/><U51/><E121/><V77/><F116/><W13/><G118/><T105/><D134/><U135/><E108/><V22/><F109/><W69/><G129/><T14/><D24/><U92/><E135/><V42/><F130/><W16/><G115/><T93/><D80/><U45/><E117/><V17/><F120/><W15/><G127/><T25/><D25/><U110/><E110/><V100/><F124/><W72/><G72/><T55/><REACH who="0" step="1"/><D62/><REACH who="0" ten="230,170,510,70" step="2"/><U56/><E95/><V122/><F122/><W28/><G28/><T59/><D59/><U133/><E133/><V40/><F75/><W65/><G61/><T67/><D67/><U103/><E58/><V41/><F63/><W89/><G102/><AGARI ba="1,2" hai="7,11,14,33,34,52,54,55,93,97,102,104,105,107" machi="102" ten="50,8000,1" yaku="1,1,52,2,54,1,53,0" doraHai="29" doraHaiUra="47" who="0" fromWho="3" sc="230,103,170,0,510,0,70,-83" owari="333,13.0,170,-23.0,510,61.0,-13,-51.0" /></mjloggm>