<mjloggm ver="2.3"><GO type="169" lobby="0"/><UN n0="%E3%81%AE%E3%81%B3%E3%81%97%E3%82%8D%E2%99%82" n1="%E3%82%A6%E3%83%AB%E3%83%88%E3%83%A9%E7%AB%8B%E7%9B%B4" n2="%E3%81%98%E3%81%BF%E3%81%84%E3%81%A3%5A" n3="%E7%BD%B5%E3%81%A3%E3%81%A6%EF%BC%81%E3%82%82%E3%81%A3%E3%81%A8%EF%BC%81" dan="16,18,18,16" rate="2136.83,2232.16,2210.94,2142.27" sx="M,M,M,F"/><TAIKYOKU oya="0"/><INIT seed="0,0,0,4,1,12" ten="250,250,250,250" oya="0" hai0="50,129,0,3,78,17,25,22,73,107,116,60,27" hai1="45,121,108,70,99,16,54,41,92,110,80,56,23" hai2="7,28,113,37,105,33,32,65,93,47,124,6,97" hai3="67,15,114,76,44,36,19,64,40,38,10,135,119"/><T74/><D129/><U62/><E70/><V111/><F113/><W81/><G114/><T58/><D116/><U42/><E80/><V71/><F105/><W20/><G119/><T102/><D50/><U11/><E11/><V94/><F124/><W83/><G135/><T75/><D78/><U63/><E63/><V24/><F33/><W72/><G38/><T134/><D134/><U126/><E121/><V31/><F31/><W101/><G101/><T35/><D102/><U5/><E5/><V49/><F37/><W100/><G100/><T131/><D107/><U130/><E126/><V86/><F86/><W103/><G103/><T123/><D131/><U85/><E85/><V8/><F97/><W9/><REACH who="3" step="1"/><G83/><REACH who="3" ten="250,250,250,240" step="2"/><T21/><D123/><U104/><E130/><V96/><F93/><W39/><G39/><T66/><REACH who="0" step="1"/><D35/><REACH who="0" ten="240,250,250,240" step="2"/><U89/><E104/><V18/><F32/><W91/><G91/><T90/><D90/><U48/><REACH who="1" step="1"/><E42/><REACH who="1" ten="240,240,250,240" step="2"/><V117/><F117/><W132/><G132/><T52/><D52/><U26/><AGARI ba="0,3" hai="16,23,26,41,45,48,54,56,62,89,92,99,108,110" machi="26" ten="30,12000,2" yaku="1,1,2,1,0,1,25,2,52,1,54,1,53,0" doraHai="12" doraHaiUra="128" who="1" fromWho="1" sc="240,-60,240,150,250,-30,240,-30" /><INIT seed="1,0,0,2,0,17" ten="180,390,220,210" oya="1" hai0="26,50,135,64,65,104,7,92,31,24,103,66,67" hai1="13,102,105,86,5,79,43,8,44,32,45,48,38" hai2="27,30,35,97,56,115,80,124,117,99,109,59,110" hai3="120,129,69,130,108,34,101,123,134,131,114,52,77"/><U23/><E32/><V133/><F117/><W61/><G34/><T54/><D135/><U98/><E79/><V76/><F133/><W78/><G134/><T3/><D104/><U128/><E86/><V83/><F124/><W15/><G114/><T28/><N who="0" m="16896" /><DORA hai="0" /><T29/><D103/><U46/><E128/><V21/><F115/><W118/><G69/><T81/><D92/><U94/><E105/><V107/><F80/><W37/><G118/><T125/><D125/><U87/><E87/><V25/><F59/><N who="3" m="35047" /><G108/><N who="2" m="41577" /><F56/><W58/><G37/><T121/><D121/><N who="3" m="46665" /><G101/><T72/><D72/><U51/><E38/><V18/><F107/><W20/><G58/><T70/><D70/><U62/><E62/><V106/><F106/><W4/><G4/><T53/><D81/><U1/><E51/><V74/><AGARI ba="0,0" hai="18,21,25,27,30,35,74,76,83,97,99" m="41577" machi="74" ten="30,2000,0" yaku="14,1,52,1" doraHai="17,0" who="2" fromWho="2" sc="180,-5,390,-10,220,20,210,-5" /><INIT seed="2,0,0,2,3,118" ten="175,380,240,205" oya="2" hai0="56,115,1,51,64,17,13,0,43,84,98,35,121" hai1="116,124,32,102,97,33,59,9,122,36,45,61,79" hai2="127,103,55,91,24,78,34,6,46,38,129,57,110" hai3="89,18,73,68,96,101,106,11,113,53,107,10,109"/><V69/><F69/><W63/><G73/><T70/><D115/><U21/><E116/><V135/><F135/><W26/><G113/><T128/><D35/><U130/><E79/><V31/><F127/><W95/><G109/><T40/><D128/><U134/><E9/><V114/><F114/><W28/><G18/><T65/><D70/><U7/><E7/><V39/><F129/><W125/><G125/><T77/><D121/><U62/><E124/><V52/><F103/><W27/><G27/><T15/><D15/><U93/><E122/><V111/><F91/><W54/><G107/><T126/><D126/><U60/><E59/><V41/><F39/><W76/><G76/><T80/><D0/><U88/><E130/><V83/><F6/><W3/><G3/><T58/><D1/><U42/><E134/><V25/><F25/><W20/><G54/><T50/><D98/><U16/><REACH who="1" step="1"/><E102/><REACH who="1" ten="175,370,240,205" step="2"/><V48/><F111/><W75/><G68/><T90/><D77/><U131/><E131/><V133/><F110/><W82/><G10/><T5/><D5/><U81/><E81/><V37/><F133/><W87/><G11/><T112/><D112/><U117/><E117/><V2/><F2/><W72/><G82/><T49/><D58/><U119/><E119/><V19/><F83/><W29/><G75/><T47/><D56/><U71/><E71/><V132/><F78/><W94/><G72/><T8/><REACH who="0" step="1"/><D43/><REACH who="0" ten="165,370,240,205" step="2"/><U108/><E108/><V99/><F132/><W120/><G120/><T14/><D14/><AGARI ba="0,2" hai="14,16,21,32,33,36,42,45,60,61,62,88,93,97" machi="14" ten="40,5200,0" yaku="1,1,54,2,53,0" doraHai="118" doraHaiUra="22" who="1" fromWho="0" sc="165,-52,370,72,240,0,205,0" /><INIT seed="3,0,0,0,4,50" ten="113,442,240,205" oya="3" hai0="57,99,93,65,95,12,55,16,33,97,36,135,51" hai1="94,27,67,96,111,54,122,127,115,106,124,17,14" hai2="68,117,92,0,131,31,42,90,48,38,125,81,10" hai3="63,123,110,59,82,15,71,116,128,3,112,9,58"/><W88/><G112/><T79/><D135/><U104/><E122/><V98/><F68/><W84/><G123/><T119/><D119/><U100/><E115/><V80/><F38/><W134/><G116/><T73/><D33/><U78/><E67/><V40/><F117/><W41/><G134/><T23/><D36/><U70/><E70/><V7/><F125/><N who="1" m="48201" /><E111/><V39/><F39/><W28/><G110/><T89/><D73/><U108/><E108/><V11/><F131/><W75/><G128/><T66/><REACH who="0" step="1"/><D79/><REACH who="0" ten="103,442,240,205" step="2"/><U61/><E78/><V86/><F80/><W126/><G75/><T13/><D13/><U49/><E27/><V20/><F81/><W5/><G126/><T74/><D74/><U56/><E49/><V77/><F48/><W21/><G15/><T64/><D64/><U29/><E29/><V132/><F31/><W30/><G30/><T113/><D113/><U109/><E109/><V91/><F77/><W129/><G129/><T6/><D6/><U2/><E2/><V60/><F7/><W4/><G4/><T72/><D72/><U1/><E1/><V118/><F0/><W103/><G28/><T105/><D105/><U19/><E19/><V87/><F132/><W35/><G3/><T53/><D53/><U22/><AGARI ba="0,1" hai="14,17,22,54,56,61,94,96,100,104,106" m="48201" machi="22" ten="30,2000,0" yaku="18,1,52,1" doraHai="50" who="1" fromWho="1" sc="103,-5,442,30,240,-5,205,-10" /><INIT seed="4,0,0,2,5,74" ten="98,472,235,195" oya="0" hai0="111,57,29,1,55,8,129,102,17,43,5,101,6" hai1="81,18,63,15,116,2,13,4,31,28,26,35,46" hai2="72,109,47,89,68,78,75,24,85,39,132,122,19" hai3="110,62,95,16,100,114,9,54,88,50,107,49,34"/><T3/><D129/><U105/><E105/><V135/><F68/><W53/><G110/><T97/><D111/><U83/><E116/><V38/><F78/><W84/><G34/><T73/><D73/><U25/><E63/><V65/><F65/><W23/><G114/><T61/><D29/><U76/><E46/><V32/><F122/><W11/><G62/><T87/><D43/><U119/><E119/><V77/><F77/><W103/><G107/><T70/><D102/><N who="3" m="38953" /><G50/><T71/><D87/><U80/><E76/><V22/><F32/><W94/><G94/><T12/><D5/><U99/><E99/><V113/><F113/><W121/><G121/><T117/><D117/><U56/><E56/><V40/><F39/><W125/><G125/><T112/><D112/><U108/><E108/><V10/><F10/><N who="3" m="3595" /><G49/><T86/><D86/><U90/><E90/><V66/><F66/><W27/><AGARI ba="0,0" hai="16,23,27,53,54,84,88,95" m="3595,38953" machi="27" ten="30,4000,0" yaku="8,1,54,2" doraHai="74" who="3" fromWho="3" sc="98,-20,472,-10,235,-10,195,40" /><INIT seed="5,0,0,1,5,34" ten="78,462,225,235" oya="1" hai0="126,95,48,113,104,58,12,101,68,69,2,63,43" hai1="49,38,10,97,47,7,45,106,121,17,5,117,73" hai2="0,114,127,21,118,105,35,120,20,124,61,60,8" hai3="81,44,132,32,14,52,64,22,74,119,39,51,116"/><U36/><E73/><V18/><F105/><W134/><G32/><T26/><D113/><U87/><E117/><N who="3" m="45130" /><G64/><T50/><D126/><N who="2" m="48170" /><F35/><W76/><G39/><T88/><D104/><U90/><E121/><V31/><F120/><W33/><G33/><T53/><D101/><U102/><E17/><AGARI ba="0,0" hai="14,17,22,44,51,52,74,76,81,132,134" m="45130" machi="17" ten="30,2000,0" yaku="12,1,54,1" doraHai="34" who="3" fromWho="1" sc="78,0,462,-20,225,0,235,20" /><INIT seed="6,0,0,2,1,133" ten="78,442,225,255" oya="2" hai0="45,52,71,8,83,114,20,21,4,14,5,95,101" hai1="112,73,129,55,72,125,43,122,111,35,97,41,102" hai2="135,23,57,22,81,10,19,110,109,92,32,107,31" hai3="17,120,66,116,11,59,44,104,90,106,65,84,117"/><V42/><F107/><W94/><G120/><T12/><D114/><U46/><E35/><V75/><F42/><W98/><G106/><T108/><D108/><U132/><E111/><V58/><F135/><W103/><G44/><T130/><D130/><U36/><E132/><V124/><F32/><W26/><G59/><T24/><D71/><U40/><E36/><V30/><F92/><W99/><G99/><T87/><D101/><U0/><E0/><V128/><F10/><W3/><G26/><T18/><D95/><U85/><E85/><V118/><F81/><W13/><REACH who="3" step="1"/><G3/><REACH who="3" ten="78,442,225,245" step="2"/><T127/><D127/><U91/><E125/><V49/><F124/><W37/><G37/><T119/><D119/><AGARI ba="0,1" hai="11,13,17,65,66,84,90,94,98,103,104,116,117,119" machi="119" ten="40,1300,0" yaku="1,1,53,0" doraHai="133" doraHaiUra="25" who="3" fromWho="0" sc="78,-13,442,0,225,0,245,23" /><INIT seed="7,0,0,4,0,25" ten="65,442,225,268" oya="3" hai0="55,106,98,82,40,86,21,61,10,46,38,15,51" hai1="4,110,125,111,121,27,3,80,131,33,63,100,102" hai2="54,30,0,26,39,113,81,99,18,59,50,78,52" hai3="44,24,129,56,96,11,57,97,73,105,128,58,135"/><W127/><G73/><T7/><D106/><U92/><E92/><V116/><F0/><W72/><G72/><T104/><D38/><U6/><E80/><V64/><F39/><W48/><G135/><T13/><D104/><U20/><E63/><V117/><F113/><W12/><G127/><T90/><D98/><U2/><E33/><V83/><F64/><W53/><G24/><T108/><D108/><U89/><E89/><V32/><F83/><W103/><REACH who="3" step="1"/><G97/><REACH who="3" ten="65,442,225,258" step="2"/><T49/><D61/><U74/><E27/><V45/><F99/><W87/><G87/><T71/><D71/><U28/><E74/><V8/><F117/><W122/><G122/><T31/><D15/><U22/><E125/><V115/><F116/><W95/><G95/><T42/><D21/><U88/><E22/><V84/><F115/><W118/><G118/><T41/><REACH who="0" step="1"/><D51/><REACH who="0" ten="55,442,225,258" step="2"/><U19/><E20/><V76/><F50/><W43/><G43/><T5/><D5/><AGARI ba="0,2" hai="5,11,12,44,48,53,56,57,58,96,103,105,128,129" machi="5" ten="40,2000,0" yaku="1,1,53,0" doraHai="25" doraHaiUra="123" who="3" fromWho="0" sc="55,-20,442,0,225,0,258,40" /><INIT seed="7,1,0,4,3,93" ten="35,442,225,298" oya="3" hai0="128,10,33,11,70,61,130,65,107,22,105,127,20" hai1="75,21,119,42,86,37,15,88,28,58,73,3,82" hai2="123,55,14,103,41,114,125,95,35,52,5,100,80" hai3="85,31,91,46,29,60,116,97,49,121,71,99,62"/><W63/><G71/><T133/><D33/><U56/><E3/><V110/><F35/><W13/><G116/><T106/><D133/><U59/><E119/><V90/><F110/><W51/><G121/><T124/><D61/><U24/><REACH who="1" step="1"/><E15/><REACH who="1" ten="35,432,225,298" step="2"/><V39/><F125/><W25/><G13/><T34/><D34/><U1/><E1/><V79/><F114/><W32/><G31/><T2/><D65/><U78/><E78/><V87/><F123/><W44/><G44/><AGARI ba="1,1" hai="21,24,28,37,42,44,56,58,59,73,75,82,86,88" machi="44" ten="40,2600,0" yaku="1,1,54,1,53,0" doraHai="93" doraHaiUra="0" who="1" fromWho="3" sc="35,0,432,39,225,0,298,-29" owari="35,-46.0,471,56.0,225,-17.0,269,7.0" /></mjloggm>