<mjloggm ver="2.3"><GO type="169" lobby="0"/><UN n0="%62%73%79%67%63%37" n1="%E3%83%88%E3%83%88%E3%83%AA%E5%85%88%E7%94%9F%31%39%E6%AD%B3" n2="%E9%BB%84%E9%BE%8D%E5%85%84%E8%B2%B4" n3="%E3%81%A9%E3%81%84%E3%83%BC%E3%82%93" dan="17,19,18,17" rate="2152.47,2296.40,2256.01,2140.89" sx="M,F,M,M"/><TAIKYOKU oya="0"/><INIT seed="0,0,0,3,0,104" ten="250,250,250,250" oya="0" hai0="73,21,25,76,135,96,92,109,18,59,57,32,22" hai1="114,6,48,100,30,128,8,65,98,1,107,52,126" hai2="115,39,43,37,40,127,90,24,89,119,103,63,45" hai3="51,70,62,20,125,134,81,122,55,123,27,78,2"/><T108/><D32/><U93/><E128/><V132/><F103/><W75/><G2/><T36/><D36/><U41/><E126/><V10/><F115/><W17/><G134/><T117/><D117/><U113/><E41/><V34/><F132/><W116/><G116/><T13/><D135/><U47/><E30/><V0/><F119/><W85/><G125/><T97/><D97/><U46/><E65/><V50/><F127/><W111/><G111/><N who="0" m="42571" /><D76/><U121/><E121/><N who="3" m="46090" /><G62/><T133/><D73/><U3/><E3/><V4/><F63/><W26/><G70/><T54/><D54/><U71/><E71/><V101/><F101/><W35/><G35/><T33/><D33/><U131/><E131/><V60/><F60/><W29/><G29/><N who="0" m="17583" /><D133/><U86/><E107/><V23/><F34/><W84/><G27/><T95/><D95/><U91/><REACH who="1" step="1"/><E46/><AGARI ba="0,0" hai="17,20,26,46,51,55,75,78,81,84,85" m="46090" machi="46" ten="30,2000,0" yaku="13,1,52,1" doraHai="104" who="3" fromWho="1" sc="250,0,250,-20,250,0,250,20" /><INIT seed="1,0,0,0,2,27" ten="250,230,250,270" oya="1" hai0="61,92,109,73,39,41,25,81,30,134,104,29,88" hai1="49,94,45,77,35,127,22,40,105,38,26,0,57" hai2="89,115,16,122,31,42,66,79,59,54,20,91,36" hai3="1,129,3,37,46,8,106,111,124,2,48,56,64"/><U21/><E105/><V86/><F122/><W112/><G106/><T62/><D104/><U28/><E0/><V14/><F115/><W132/><G112/><T118/><D118/><U119/><E119/><V18/><F66/><W116/><G116/><T19/><D109/><U78/><E127/><V108/><F108/><W32/><G32/><T24/><D134/><U12/><E35/><V69/><F69/><W125/><G132/><T120/><D120/><U107/><E107/><V95/><F79/><W52/><G111/><T113/><D113/><U33/><E33/><V130/><F130/><W126/><G129/><T98/><D39/><U117/><E117/><V34/><F42/><N who="3" m="22863" /><G64/><T75/><D41/><U13/><E38/><V110/><F36/><W47/><G47/><T70/><D75/><U74/><E57/><V121/><F121/><W53/><G53/><T97/><D97/><U51/><E51/><V4/><F110/><W84/><G84/><N who="0" m="50191" /><D73/><U65/><E65/><V96/><F34/><W128/><G128/><T102/><D70/><U15/><E74/><V55/><F55/><W82/><G82/><T72/><D72/><U83/><E83/><V90/><F96/><W44/><G44/><T123/><D123/><U23/><E94/><V68/><F68/><W67/><G67/><T5/><D5/><AGARI ba="0,0" hai="1,2,3,5,8,48,52,56,124,125,126" m="22863" machi="5" ten="30,2000,0" yaku="18,1,54,1" doraHai="27" who="3" fromWho="0" sc="250,-20,230,0,250,0,270,20" /><INIT seed="2,0,0,0,1,48" ten="230,230,250,290" oya="2" hai0="100,75,8,59,28,98,3,36,21,35,90,119,4" hai1="37,91,126,94,41,1,26,74,19,65,14,57,58" hai2="82,77,129,51,122,109,68,18,63,78,55,61,7" hai3="124,76,89,54,46,103,11,10,131,44,33,22,34"/><V50/><F122/><W62/><G124/><T80/><D36/><U125/><E1/><V52/><F7/><W43/><G131/><T118/><D35/><U116/><E116/><N who="0" m="44585" /><D59/><U121/><E74/><V102/><F129/><W120/><G103/><T106/><D21/><U133/><E133/><V134/><F134/><W107/><G107/><T85/><D28/><U99/><E121/><V13/><F102/><W79/><G120/><T112/><D75/><U0/><E0/><V2/><F2/><W132/><G132/><T38/><D38/><U27/><E41/><V17/><F68/><W96/><G34/><T56/><D56/><N who="1" m="21611" /><E37/><V115/><F13/><W130/><G33/><T24/><D24/><U5/><E65/><V95/><F115/><AGARI ba="0,0" hai="3,4,8,80,85,90,98,100,106,112,115" m="44585" machi="115" ten="30,1000,0" yaku="12,1" doraHai="48" who="0" fromWho="2" sc="230,10,230,0,250,-10,290,0" /><INIT seed="3,0,0,2,5,62" ten="240,230,240,290" oya="3" hai0="103,80,34,18,23,133,8,89,32,40,46,1,43" hai1="33,72,26,96,102,37,107,134,68,60,132,130,84" hai2="135,108,13,61,11,71,24,41,86,97,104,58,91" hai3="74,120,112,20,118,106,30,63,82,51,35,22,64"/><W124/><G106/><T77/><D89/><U29/><E130/><V99/><F71/><W101/><G120/><T5/><D103/><U83/><E37/><V57/><F108/><W36/><G36/><T16/><D133/><U90/><REACH who="1" step="1"/><E72/><REACH who="1" ten="240,220,240,290" step="2"/><V21/><F135/><W54/><G74/><N who="0" m="43063" /><D32/><U47/><E47/><V111/><F111/><W126/><G35/><T4/><D34/><U52/><E52/><V117/><F41/><W3/><G54/><T115/><D43/><U73/><E73/><V70/><F117/><W93/><G118/><T88/><D46/><U7/><E7/><V85/><F104/><W129/><G129/><T116/><D116/><U6/><E6/><V78/><F78/><W109/><G109/><T119/><D119/><U48/><E48/><V100/><F100/><W50/><G51/><T87/><D5/><U14/><E14/><V110/><F110/><W31/><G50/><T66/><D40/><U44/><E44/><V38/><F38/><W69/><G101/><T127/><D4/><U42/><E42/><V0/><F13/><W56/><G3/><T131/><D1/><U94/><E94/><V121/><F0/><W105/><G93/><T75/><D75/><U92/><E92/><V67/><F91/><W59/><G105/><T28/><D131/><U122/><E122/><V95/><F95/><W27/><G82/><T79/><D79/><U98/><E98/><V49/><F97/><W123/><G123/><T65/><D88/><U12/><E12/><V128/><F121/><W39/><G39/><T19/><D87/><U114/><E114/><RYUUKYOKU ba="0,1" sc="240,-10,220,30,240,-10,290,-10" hai1="26,29,33,60,68,83,84,90,96,102,107,132,134" /><INIT seed="4,1,1,5,0,18" ten="230,250,230,280" oya="0" hai0="86,49,96,53,54,119,4,5,98,126,8,81,11" hai1="3,24,14,68,29,39,71,65,132,76,134,17,37" hai2="19,64,63,43,30,79,131,36,27,77,102,38,133" hai3="122,80,35,61,56,128,111,127,2,7,62,73,23"/><T22/><D119/><U45/><E3/><V120/><F120/><W21/><G111/><T9/><D126/><U91/><E76/><V55/><F133/><N who="1" m="51305" /><E91/><V84/><F102/><W60/><G35/><T129/><D129/><U125/><E125/><V75/><F131/><W105/><G127/><T95/><D22/><N who="1" m="11575" /><E65/><V99/><F75/><W85/><G128/><T31/><D31/><U12/><E12/><V89/><F30/><W40/><G105/><T1/><D1/><U107/><E107/><V108/><F64/><W123/><G73/><T113/><D113/><U115/><E115/><V13/><F13/><W101/><G101/><N who="0" m="60575" /><D98/><U15/><E15/><V70/><F99/><W50/><G2/><T90/><D54/><U6/><E6/><V52/><F55/><N who="3" m="31863" /><G7/><T116/><D116/><U92/><E92/><V118/><F118/><W106/><G106/><T109/><D109/><U34/><E45/><AGARI ba="1,1" hai="4,5,8,9,11,45,49,53,81,86,90" m="60575" machi="45" ten="30,1500,0" yaku="8,1" doraHai="18" who="0" fromWho="1" sc="230,28,250,-18,230,0,280,0" /><INIT seed="4,2,0,4,1,23" ten="258,232,230,280" oya="0" hai0="21,85,36,117,27,37,41,70,123,52,110,125,29" hai1="107,20,9,71,92,63,104,96,94,42,81,127,33" hai2="67,86,32,73,0,31,8,17,80,2,7,65,53" hai3="116,89,13,5,66,28,57,124,22,16,76,74,50"/><T69/><D117/><U134/><E33/><V130/><F73/><W77/><G116/><T26/><D123/><U114/><E134/><V11/><F130/><W79/><G124/><T25/><D125/><U43/><E127/><V106/><F106/><W135/><G135/><T122/><D122/><U119/><E119/><V45/><F31/><W34/><G5/><T39/><D41/><U111/><E111/><V95/><F95/><W128/><G128/><T129/><D129/><U103/><E114/><V19/><F32/><W101/><G101/><T18/><D110/><U35/><E35/><V78/><F17/><W58/><G74/><T113/><D113/><U131/><E131/><V15/><F0/><W10/><G34/><T97/><D85/><U109/><E109/><V1/><F1/><W38/><G38/><T3/><D3/><U102/><E9/><V55/><F55/><W75/><G75/><T91/><D52/><U84/><E43/><V105/><F105/><W115/><G115/><T87/><D97/><N who="1" m="59703" /><E42/><V83/><F83/><W108/><G108/><T24/><REACH who="0" step="1"/><D29/><REACH who="0" ten="248,232,230,280" step="2"/><U60/><E84/><V64/><F53/><W68/><G66/><T100/><D100/><U72/><E104/><V30/><F30/><W112/><G112/><T90/><D90/><U51/><E107/><V126/><F126/><W54/><G89/><T133/><D133/><U14/><E72/><V82/><F45/><N who="3" m="27983" /><G68/><T121/><D121/><U132/><E132/><V88/><F88/><W46/><G46/><T93/><AGARI ba="2,1" hai="18,21,24,25,26,27,36,37,39,69,70,87,91,93" machi="93" ten="40,18000,2" yaku="1,1,0,1,52,4,53,0" doraHai="23" doraHaiUra="47" who="0" fromWho="0" sc="248,196,232,-62,230,-62,280,-62" /><INIT seed="4,3,0,5,0,78" ten="444,170,168,218" oya="0" hai0="109,76,89,25,83,93,75,100,70,73,63,102,10" hai1="68,91,123,66,52,105,110,86,125,92,17,79,113" hai2="57,42,111,34,77,112,20,99,60,124,71,104,6" hai3="23,117,103,65,41,30,51,80,85,96,120,37,127"/><T98/><D10/><U58/><E110/><V1/><F111/><W90/><G117/><T62/><D109/><U43/><E105/><V40/><F20/><W74/><G120/><T97/><D25/><U45/><E123/><V122/><F122/><W116/><G116/><T18/><D18/><U64/><E68/><V95/><F34/><W69/><G127/><T16/><D16/><U107/><E107/><V115/><F71/><W19/><G30/><T129/><D70/><U133/><E133/><V134/><F104/><W108/><G108/><T5/><D5/><U87/><E125/><V38/><F124/><W49/><G37/><T81/><D129/><U29/><E113/><V8/><F134/><W56/><G41/><T12/><D12/><U11/><E29/><V46/><F77/><W33/><G33/><T9/><D9/><U21/><E87/><V59/><F42/><W35/><G35/><T13/><D13/><U47/><E79/><V61/><F61/><N who="3" m="38055" /><G74/><T101/><D76/><U28/><E11/><V128/><F128/><W106/><G106/><T53/><D53/><U14/><E28/><V72/><F72/><W39/><G39/><T44/><D44/><N who="1" m="16971" /><E43/><V15/><F1/><W26/><G69/><T7/><D7/><U31/><E31/><V4/><F4/><W126/><G126/><T84/><D84/><U36/><E36/><V114/><REACH who="2" step="1"/><F60/><AGARI ba="3,0" hai="14,17,21,52,58,60,64,66,86,91,92" m="16971" machi="60" ten="30,2000,0" yaku="8,1,54,1" doraHai="78" who="1" fromWho="2" sc="444,0,170,29,168,-29,218,0" /><INIT seed="5,0,0,3,3,88" ten="444,199,139,218" oya="1" hai0="90,4,132,51,101,7,95,30,36,87,41,98,92" hai1="93,65,40,75,84,38,5,89,55,17,66,69,18" hai2="128,64,102,131,117,8,105,73,27,97,124,115,14" hai3="11,58,10,104,80,108,21,54,9,57,31,29,135"/><U86/><E75/><V22/><F73/><W34/><G34/><T48/><D132/><U25/><E5/><V109/><F117/><W24/><G104/><T107/><D36/><U47/><E86/><V68/><F109/><W63/><G108/><T103/><D30/><U53/><E18/><V120/><F120/><W56/><G135/><T1/><D1/><U37/><E38/><V46/><F124/><W39/><G39/><T76/><D76/><U110/><E110/><V106/><F106/><W12/><G31/><T32/><D32/><U113/><E113/><V61/><F46/><W114/><G114/><T28/><D28/><U79/><E79/><V127/><F127/><W13/><G80/><N who="0" m="49511" /><D107/><U100/><E100/><V60/><F60/><W122/><G122/><T111/><D111/><U94/><E94/><V71/><F71/><W3/><G3/><T78/><D78/><U112/><E112/><V133/><F115/><W77/><G77/><T20/><D20/><U123/><E123/><V15/><F133/><W74/><G74/><T85/><D85/><U49/><E69/><V82/><F82/><W35/><G35/><T42/><D7/><U52/><E37/><V121/><F121/><W81/><G81/><T50/><D4/><U2/><E2/><V130/><REACH who="2" step="1"/><F8/><REACH who="2" ten="444,199,129,218" step="2"/><W19/><REACH who="3" step="1"/><G10/><REACH who="3" ten="444,199,129,208" step="2"/><T59/><D59/><U125/><E125/><V91/><F91/><W119/><G119/><T126/><D126/><U67/><E89/><V0/><F0/><W33/><G33/><T43/><D101/><U134/><E134/><V6/><F6/><AGARI ba="0,2" hai="6,9,11,12,13,19,21,24,29,54,56,57,58,63" machi="6" ten="30,3900,0" yaku="1,1,7,1,8,1,53,0" doraHai="88" doraHaiUra="45" who="3" fromWho="2" sc="444,0,199,0,129,-39,208,59" /><INIT seed="6,0,0,0,3,36" ten="444,199,90,267" oya="2" hai0="132,3,86,64,46,125,59,22,92,25,106,13,9" hai1="90,17,127,135,28,121,43,58,104,73,23,14,51" hai2="118,52,60,72,50,119,18,45,99,30,26,31,56" hai3="117,131,126,98,70,76,1,34,75,54,16,65,27"/><V122/><F72/><W88/><G1/><T12/><D106/><U19/><E104/><V2/><F2/><W116/><G126/><T53/><D125/><U107/><E127/><V115/><F122/><W129/><G54/><T42/><D64/><U82/><E107/><V39/><F115/><W8/><G34/><T96/><D86/><N who="1" m="50519" /><E73/><V37/><F18/><W128/><G65/><T6/><D132/><U44/><E135/><V5/><F5/><W10/><G70/><T94/><D94/><U48/><E121/><V21/><F31/><W105/><G105/><T111/><D111/><U74/><E74/><V4/><F4/><W69/><G69/><T41/><D13/><U15/><E28/><V95/><F118/><N who="3" m="45675" /><G76/><T103/><D46/><N who="1" m="25695" /><E58/><V80/><F119/><W29/><G29/><N who="0" m="17591" /><D3/><U63/><E63/><AGARI ba="0,0" hai="6,9,12,41,42,53,59,63,92,96,103" m="17591" machi="63" ten="30,3900,0" yaku="8,1,52,2" doraHai="36" who="0" fromWho="1" sc="444,39,199,-39,90,0,267,0" /><INIT seed="7,0,0,5,5,19" ten="483,160,90,267" oya="3" hai0="47,34,101,5,129,112,90,53,135,126,61,31,23" hai1="70,67,99,113,30,86,32,124,92,41,46,80,94" hai2="10,125,2,40,29,106,37,91,27,38,57,59,111" hai3="25,1,15,20,128,104,51,76,36,97,110,95,11"/><W64/><G36/><T50/><D34/><U103/><E113/><V24/><F106/><W45/><G128/><T4/><D112/><U121/><E121/><V88/><F111/><W78/><G104/><T8/><D135/><U68/><E67/><V12/><F2/><W21/><G1/><T120/><D120/><U43/><E124/><V56/><F40/><N who="3" m="24999" /><G64/><T100/><D129/><U7/><E7/><N who="0" m="2633" /><D8/><U26/><E92/><V84/><F125/><W134/><G134/><T83/><D61/><U13/><E13/><V3/><F3/><W9/><G9/><T107/><D107/><U18/><E18/><V75/><F75/><W33/><G33/><T93/><D83/><U28/><E28/><V6/><F27/><W81/><G110/><T127/><D127/><U131/><E131/><V66/><F66/><W22/><G81/><T102/><D126/><U98/><E98/><V82/><REACH who="2" step="1"/><F91/><REACH who="2" ten="483,160,80,267" step="2"/><N who="3" m="55551" /><G25/><N who="0" m="16831" /><D90/><U89/><E43/><V122/><F122/><W16/><AGARI ba="0,1" hai="11,15,16,20,21,22,76,78" m="55551,24999" machi="16" ten="30,12000,1" yaku="8,1,52,3,54,1" doraHai="19" who="3" fromWho="3" sc="483,-40,160,-40,80,-40,267,130" /><INIT seed="7,1,0,2,2,62" ten="443,120,40,397" oya="3" hai0="112,117,36,100,82,91,75,65,127,129,132,58,72" hai1="10,79,39,48,126,54,1,12,84,105,14,46,26" hai2="115,134,5,99,87,6,24,74,9,52,47,42,86" hai3="89,20,85,21,19,64,61,94,121,103,90,110,45"/><W80/><G121/><T68/><D68/><U101/><E39/><V0/><F115/><W109/><G103/><T32/><D32/><U107/><E1/><V31/><F134/><W57/><G109/><T50/><D36/><U56/><E126/><V133/><F133/><W118/><G118/><T34/><D132/><U92/><E105/><V41/><F41/><W135/><G135/><T13/><D117/><U16/><E107/><V60/><F99/><W77/><G110/><T49/><D34/><U98/><E26/><V11/><F74/><W18/><G45/><T63/><D127/><U70/><E70/><V33/><F42/><W95/><G21/><T43/><D100/><U38/><E38/><V29/><F29/><W111/><G111/><T2/><D2/><U73/><E73/><V119/><F119/><W128/><G128/><T122/><D50/><U67/><E14/><V83/><F83/><W120/><G120/><T131/><D13/><U88/><E79/><V15/><F47/><W35/><G35/><T71/><D112/><U28/><E28/><V53/><F86/><W102/><G102/><T76/><D91/><N who="3" m="34825" /><G19/><T55/><D43/><U96/><E101/><V30/><F30/><W78/><G78/><T27/><D122/><U37/><E37/><V23/><F87/><W3/><G3/><T113/><D113/><U8/><E8/><V51/><F51/><W125/><G125/><T59/><D75/><U106/><E106/><V22/><F22/><W81/><G81/><T17/><D71/><U25/><E25/><AGARI ba="1,0" hai="18,20,25,57,61,64,77,80,85,94,95" m="34825" machi="25" ten="30,2900,0" yaku="8,1,52,1" doraHai="62" who="3" fromWho="1" sc="443,0,120,-32,40,0,397,32" /><INIT seed="7,2,0,1,5,82" ten="443,88,40,429" oya="3" hai0="53,5,130,47,86,81,6,135,67,26,13,131,16" hai1="41,35,15,77,1,51,121,27,100,124,96,101,39" hai2="12,74,31,64,57,0,34,55,106,37,72,117,66" hai3="103,120,127,84,75,24,109,91,126,40,11,128,112"/><W58/><G120/><T61/><D26/><U83/><E121/><V107/><F0/><W123/><G123/><T44/><D135/><U60/><E1/><V111/><F111/><W94/><G109/><T10/><D53/><U99/><E39/><V30/><F117/><W50/><G128/><N who="0" m="49195" /><D6/><U115/><E115/><V125/><F37/><W9/><G112/><T25/><D25/><U108/><E108/><V8/><F34/><W33/><G75/><T98/><D98/><N who="1" m="37419" /><E35/><V97/><F125/><N who="3" m="47627" /><G103/><T87/><D5/><U54/><E27/><V17/><F72/><W68/><G68/><N who="0" m="42095" /><D86/><N who="1" m="48495" /><E124/><V92/><F74/><W2/><G2/><T102/><D102/><U65/><E41/><V18/><F106/><W21/><G33/><T104/><D104/><U59/><E15/><V23/><F107/><W118/><G118/><T90/><AGARI ba="2,0" hai="10,13,16,44,47,81,87,90" m="42095,49195" machi="90" ten="30,4000,0" yaku="19,1,52,1,54,1" doraHai="82" who="0" fromWho="0" sc="443,46,88,-12,40,-12,429,-22" owari="489,58.0,76,-32.0,28,-47.0,407,21.0" /></mjloggm>