<mjloggm ver="2.3"><GO type="169" lobby="0"/><UN n0="%E3%82%B3%E3%83%9E%E3%83%84%E3%81%AE%E9%85%92" n1="%EF%BC%93%E7%95%AA%E3%82%B7%E3%83%A7%E3%83%BC%E3%83%88%E5%9D%82%E7%94%B0" n2="%E3%81%AB%E3%82%87%E3%82%8D%E3%83%BC%E3%82%93%E8%A9%A6%E4%BD%9C%E6%A9%9F" n3="%E3%82%A6%E3%83%AB%E3%83%88%E3%83%A9%E7%AB%8B%E7%9B%B4" dan="16,16,16,19" rate="2153.90,2133.10,2126.26,2346.33" sx="M,M,M,M"/><TAIKYOKU oya="0"/><INIT seed="0,0,0,4,0,116" ten="250,250,250,250" oya="0" hai0="74,80,34,95,2,110,135,43,1,23,84,31,56" hai1="50,61,36,97,44,121,127,100,85,59,132,70,13" hai2="118,69,53,79,8,108,111,18,113,65,68,96,64" hai3="58,4,28,47,20,134,94,82,24,38,114,99,128"/><T124/><D34/><U37/><E132/><V88/><F113/><W133/><G114/><T17/><D31/><U104/><E127/><V75/><F118/><W27/><G4/><T51/><D124/><U107/><E107/><V3/><F75/><W91/><G128/><T89/><D135/><N who="3" m="51721" /><G58/><T63/><D110/><N who="2" m="42026" /><F79/><W46/><G38/><T19/><D19/><U25/><E70/><N who="2" m="27243" /><F53/><W9/><G9/><T29/><D29/><U42/><E121/><V87/><F96/><W33/><G82/><T0/><D74/><U21/><E13/><V55/><F55/><W52/><G52/><N who="0" m="31775" /><D63/><U126/><E85/><V106/><F106/><W7/><G7/><T66/><D43/><U117/><E126/><V119/><F119/><W122/><G122/><T16/><D17/><AGARI ba="0,0" hai="17,20,24,27,28,33,46,47,91,94,99" m="51721" machi="17" ten="30,1000,0" yaku="20,1" doraHai="116" who="3" fromWho="0" sc="250,-10,250,0,250,0,250,10" /><INIT seed="1,0,0,2,3,4" ten="240,250,250,260" oya="1" hai0="122,2,100,73,15,72,102,9,107,116,20,86,106" hai1="63,112,30,129,125,88,5,133,48,84,118,57,94" hai2="3,31,51,89,42,39,108,111,1,126,83,131,99" hai3="66,45,53,70,115,37,11,0,32,97,79,6,95"/><U67/><E118/><V14/><F131/><W75/><G32/><T132/><D116/><U24/><E129/><V119/><F119/><W18/><G115/><T40/><D2/><U7/><E133/><V10/><F126/><W43/><G53/><T96/><D132/><U59/><E125/><V62/><F31/><W78/><G18/><T71/><D71/><U80/><E112/><V27/><F27/><W93/><G79/><T120/><D20/><U52/><REACH who="1" step="1"/><E80/><REACH who="1" ten="240,240,250,260" step="2"/><V58/><F83/><N who="3" m="45535" /><G97/><T34/><D96/><U121/><E121/><V38/><F108/><W26/><G26/><T41/><D120/><U114/><E114/><V123/><F111/><W33/><G33/><AGARI ba="0,1" hai="5,7,24,30,33,48,52,57,59,63,67,84,88,94" machi="33" ten="30,12000,1" yaku="1,1,7,1,54,2,53,1" doraHai="4" doraHaiUra="29" who="1" fromWho="3" sc="240,0,240,130,250,0,260,-120" /><INIT seed="1,1,0,1,2,26" ten="240,370,250,140" oya="1" hai0="30,55,81,83,99,5,34,120,134,84,28,23,51" hai1="17,16,119,32,132,91,130,89,102,10,57,37,4" hai2="39,69,93,114,116,129,50,61,108,56,85,7,110" hai3="127,59,107,135,111,105,80,62,67,133,20,53,86"/><U47/><E119/><V58/><F116/><W109/><G20/><T1/><D34/><U3/><E32/><V118/><F118/><W2/><G2/><T101/><D1/><U6/><E132/><N who="3" m="50762" /><G127/><T66/><D5/><U94/><E130/><V29/><F7/><W15/><G15/><T123/><D66/><U113/><E113/><V19/><F19/><W54/><G54/><T0/><D0/><U48/><E6/><V78/><F129/><W122/><G122/><N who="0" m="46635" /><D23/><U74/><E74/><V70/><F39/><W68/><G105/><N who="0" m="63679" /><D134/><U117/><E117/><V98/><F50/><N who="3" m="31159" /><G107/><T41/><D41/><U71/><E71/><V63/><F114/><W9/><G9/><T11/><D11/><U77/><E37/><V112/><F112/><W87/><G87/><T14/><D14/><U43/><E57/><V31/><F85/><W65/><G65/><T42/><D42/><U45/><E45/><V92/><F98/><W103/><G103/><T96/><D96/><U73/><E102/><V72/><F72/><W90/><AGARI ba="1,0" hai="62,67,68,80,86,90,109,111" m="31159,50762" machi="90" ten="30,1100,0" yaku="20,1" doraHai="26" who="3" fromWho="3" sc="240,-4,370,-6,250,-4,140,14" /><INIT seed="2,0,0,2,0,105" ten="236,364,246,154" oya="2" hai0="87,77,112,100,54,22,9,56,7,113,67,117,83" hai1="5,20,79,42,114,10,34,68,85,12,72,98,75" hai2="47,57,66,37,44,18,30,70,118,80,36,135,6" hai3="82,35,33,16,0,41,106,27,25,95,84,8,23"/><V86/><F118/><W14/><G106/><T122/><D122/><U17/><E114/><V78/><F135/><W116/><G116/><T49/><D117/><U3/><E68/><V133/><F133/><W26/><G95/><T121/><D121/><U51/><E98/><V109/><F109/><W111/><G41/><T103/><D112/><U99/><E99/><V53/><F6/><N who="3" m="1095" /><G82/><T73/><D113/><U40/><E34/><N who="3" m="12810" /><G84/><T125/><D125/><U69/><E69/><V115/><F115/><W31/><G111/><T24/><D67/><U45/><REACH who="1" step="1"/><E42/><REACH who="1" ten="236,354,246,154" step="2"/><V107/><F70/><W11/><AGARI ba="0,1" hai="11,14,16,23,25,26,27,31" m="12810,1095" machi="11" ten="30,12000,2" yaku="35,5,54,1" doraHai="105" who="3" fromWho="3" sc="236,-30,354,-30,246,-60,154,130" /><INIT seed="3,0,0,5,5,57" ten="206,324,186,284" oya="3" hai0="1,84,32,135,51,119,75,103,41,29,21,48,42" hai1="40,65,53,134,88,93,8,96,118,133,76,62,33" hai2="14,15,17,45,83,120,113,86,123,38,10,11,16" hai3="70,71,24,125,132,13,126,85,64,115,82,63,101"/><W7/><G115/><T105/><D75/><U3/><E118/><V98/><F113/><W111/><G101/><T129/><D1/><U19/><E33/><V73/><F73/><W90/><G132/><N who="1" m="50794" /><E40/><V114/><F114/><W2/><G2/><T6/><D6/><N who="1" m="1119" /><E76/><V49/><F38/><W91/><G24/><T59/><D32/><U95/><E95/><V60/><F60/><W55/><G111/><T46/><D119/><U26/><E53/><V69/><F98/><W58/><G90/><T130/><D41/><U77/><E77/><V127/><F69/><W106/><G106/><T94/><D105/><U124/><E124/><N who="3" m="47722" /><G55/><T25/><D135/><U31/><E19/><V110/><F110/><W54/><G54/><T109/><D109/><U44/><E44/><V102/><F102/><W67/><G67/><T131/><D103/><U47/><E47/><V23/><F127/><W4/><G4/><T18/><D18/><U92/><E92/><V61/><F23/><W28/><G28/><T122/><D94/><U30/><E26/><V99/><F99/><W116/><G116/><T72/><D29/><U107/><E107/><V36/><F36/><W74/><G74/><T121/><D72/><U43/><E43/><V39/><F39/><W22/><G22/><T35/><D35/><U128/><E128/><V87/><F45/><W89/><G89/><T20/><D25/><U80/><E80/><V50/><F83/><W79/><G79/><T81/><D20/><U27/><E27/><V112/><F112/><W37/><G37/><T104/><D130/><U68/><AGARI ba="0,0" hai="30,31,62,65,68,88,93,96" m="1119,50794" machi="68" ten="30,7900,0" yaku="5,1,20,1,52,1,54,1" doraHai="57" who="1" fromWho="1" sc="206,-20,324,79,186,-20,284,-39" /><INIT seed="4,0,0,1,3,105" ten="186,403,166,245" oya="0" hai0="124,109,76,80,31,86,66,48,42,39,81,16,46" hai1="5,44,49,51,7,60,18,23,69,89,85,88,133" hai2="58,63,29,87,82,52,100,9,122,123,92,70,10" hai3="67,71,135,25,3,127,99,96,91,61,104,36,47"/><T40/><D124/><U94/><E133/><V14/><F70/><W132/><G3/><T84/><D109/><U65/><E89/><V134/><F29/><W13/><G127/><T77/><D31/><U57/><E69/><V35/><F35/><W116/><G116/><T32/><D32/><U53/><REACH who="1" step="1"/><E51/><REACH who="1" ten="186,393,166,245" step="2"/><V55/><F134/><W73/><G91/><T8/><D39/><U19/><E19/><V11/><F122/><W93/><G71/><T117/><D117/><U28/><E28/><V21/><F123/><W101/><G36/><T83/><D66/><U0/><E0/><V43/><F100/><W72/><G101/><T110/><D110/><U119/><E119/><V102/><F102/><W33/><G67/><T78/><D42/><U106/><E106/><V4/><F43/><W97/><G104/><T131/><D131/><U27/><AGARI ba="0,1" hai="5,7,18,23,27,44,49,53,57,60,65,85,88,94" machi="27" ten="20,12000,2" yaku="1,1,0,1,7,1,8,1,54,1,53,2" doraHai="105" doraHaiUra="2" who="1" fromWho="1" sc="186,-60,393,130,166,-30,245,-30" /><INIT seed="5,0,0,0,5,33" ten="126,523,136,215" oya="1" hai0="126,44,108,94,35,92,125,77,30,22,121,10,3" hai1="62,98,80,105,11,39,24,99,90,15,8,83,34" hai2="64,38,63,54,1,88,133,93,50,107,46,104,74" hai3="36,81,0,57,113,13,29,109,114,42,87,102,66"/><U110/><E39/><V51/><F74/><W43/><G0/><T111/><D77/><U2/><E110/><V122/><F122/><W84/><G109/><N who="0" m="42059" /><D44/><U76/><E62/><V55/><F1/><W131/><G102/><T73/><D73/><U60/><E60/><V9/><F133/><W67/><G57/><T65/><D65/><U14/><E2/><V69/><F9/><W101/><G101/><T116/><D116/><U40/><E40/><V79/><F79/><W106/><G81/><T48/><D48/><U86/><E105/><V5/><F5/><W124/><G106/><T31/><D121/><U52/><E52/><V128/><F128/><W75/><G43/><T97/><D35/><U70/><E70/><V61/><F61/><W23/><G42/><T135/><D94/><U45/><E45/><V21/><F21/><W28/><G67/><T25/><D92/><U78/><E34/><V117/><F117/><W16/><G66/><T20/><D97/><U96/><E83/><V112/><F112/><W129/><G114/><T56/><D56/><U41/><E41/><V118/><F118/><W72/><G113/><T91/><D91/><U59/><E59/><N who="2" m="33239" /><F38/><W7/><G36/><T85/><D135/><U68/><E68/><V12/><F12/><W119/><G119/><T103/><D103/><U71/><E71/><V32/><F32/><W100/><G100/><T123/><D123/><U6/><E78/><V47/><F47/><W17/><G75/><T130/><D130/><U89/><E76/><V58/><F69/><W127/><G72/><T37/><D37/><RYUUKYOKU ba="0,0" sc="126,-10,523,-10,136,30,215,-10" hai2="46,51,55,58,63,64,88,93,104,107" /><INIT seed="6,1,0,2,2,61" ten="116,513,166,205" oya="2" hai0="67,113,74,103,65,10,97,86,87,26,16,91,45" hai1="22,50,41,115,82,33,54,107,72,8,64,79,116" hai2="96,111,80,117,51,135,11,76,3,52,98,108,112" hai3="43,19,95,46,59,118,132,119,92,56,9,62,120"/><V1/><F117/><W58/><G120/><T7/><D74/><U81/><E33/><V27/><F112/><W24/><G132/><T60/><D45/><U49/><E107/><V63/><F135/><W128/><G128/><T30/><D113/><U123/><E116/><V110/><F63/><W6/><G62/><T14/><D7/><U106/><E106/><V85/><F27/><W2/><G95/><N who="0" m="58815" /><D60/><U127/><E115/><V93/><F11/><W21/><REACH who="3" step="1"/><G92/><REACH who="3" ten="116,513,166,195" step="2"/><N who="0" m="54391" /><D87/><U126/><E123/><V68/><F68/><W104/><G104/><T89/><D89/><U55/><E127/><V31/><F96/><W105/><G105/><T129/><D129/><U131/><E126/><V114/><F114/><W101/><G101/><T4/><D4/><U77/><E131/><V25/><F25/><W133/><BYE who="2" /><G133/><T124/><D124/><U5/><E5/><V17/><F17/><W66/><G66/><UN n2="%E3%81%AB%E3%82%87%E3%82%8D%E3%83%BC%E3%82%93%E8%A9%A6%E4%BD%9C%E6%A9%9F" /><T20/><AGARI ba="1,1" hai="10,14,16,20,26,30,65,67" m="54391,58815" machi="20" ten="30,7900,0" yaku="8,1,52,2,54,1" doraHai="61" who="0" fromWho="0" sc="116,92,513,-21,166,-40,195,-21" /><INIT seed="7,0,0,0,1,4" ten="208,492,126,174" oya="3" hai0="1,41,18,42,129,49,119,20,125,48,72,56,21" hai1="3,126,124,84,98,64,135,128,9,8,22,51,43" hai2="58,99,37,23,63,70,24,102,118,73,111,108,79" hai3="88,76,61,53,106,101,0,97,15,86,16,34,39"/><W46/><G34/><T6/><D72/><U82/><E135/><V77/><F118/><W89/><G0/><T2/><D119/><U47/><E128/><V113/><F37/><W59/><G76/><T133/><D6/><U78/><E3/><V123/><F113/><W44/><G39/><T29/><D29/><U127/><E64/><V52/><F70/><W26/><G26/><T66/><D1/><U120/><E120/><V115/><F115/><W112/><G112/><T55/><D2/><U109/><E109/><V121/><F73/><W31/><G31/><T94/><D66/><U27/><E98/><V40/><F40/><W105/><G105/><T93/><D21/><U91/><E78/><V90/><F79/><W95/><G89/><T134/><D125/><U130/><E130/><V96/><F77/><W74/><G74/><T122/><D122/><N who="2" m="46602" /><F99/><W65/><G65/><T103/><D42/><U116/><E116/><V67/><F102/><W10/><AGARI ba="0,0" hai="10,15,16,44,46,53,59,61,86,88,95,97,101,106" machi="10" ten="20,12000,1" yaku="0,1,7,1,52,1,54,2" doraHai="4" who="3" fromWho="3" sc="208,-40,492,-40,126,-40,174,120" /><INIT seed="7,1,0,4,4,15" ten="168,452,86,294" oya="3" hai0="113,101,122,2,42,10,0,38,59,105,6,39,121" hai1="8,91,67,83,125,74,57,87,63,109,116,110,130" hai2="72,21,118,100,82,64,23,51,32,34,37,123,127" hai3="70,78,31,71,49,132,4,12,120,44,114,54,61"/><W79/><G31/><T80/><D59/><U5/><E130/><V55/><F118/><W29/><G29/><T81/><D81/><U24/><E116/><V14/><F64/><W73/><G49/><T84/><D0/><U41/><E125/><V86/><F37/><W58/><G54/><T96/><D113/><U33/><E74/><V3/><F100/><W135/><G44/><T52/><D52/><U98/><E41/><V115/><F72/><W26/><G61/><T89/><REACH who="0" step="1"/><D42/><REACH who="0" ten="158,452,86,294" step="2"/><U119/><E119/><V97/><F3/><W117/><G58/><T94/><D94/><U68/><E57/><V108/><F108/><W7/><G114/><T45/><D45/><U76/><E33/><V102/><F115/><W112/><G112/><T66/><D66/><U20/><E98/><V16/><F127/><W126/><G126/><T19/><D19/><U75/><E75/><V124/><F124/><W99/><G73/><T22/><D22/><U25/><E25/><V13/><F123/><AGARI ba="1,1" hai="2,6,10,38,39,80,84,89,96,101,105,121,122,123" machi="123" ten="40,1300,0" yaku="1,1,53,0" doraHai="15" doraHaiUra="131" who="0" fromWho="2" sc="158,26,452,0,86,-16,294,0" owari="184,-22.0,452,56.0,70,-43.0,294,9.0" /></mjloggm>