<mjloggm ver="2.3"><GO type="169" lobby="0"/><UN n0="%E9%BB%92%E3%81%84%E9%A4%8A%E5%88%86" n1="%E3%81%A1%E3%82%85%E3%83%BC%E3%82%8C%E3%82%93" n2="%E3%83%88%E3%83%88%E3%83%AA%E5%85%88%E7%94%9F%31%39%E6%AD%B3" n3="%E3%83%AD%E3%83%90%E3%83%BC%E3%83%88%E3%83%BB%E3%83%AD%E3%83%BC%E3%82%BA" dan="16,16,19,16" rate="2099.08,2089.16,2283.81,2081.94" sx="M,M,F,M"/><TAIKYOKU oya="0"/><INIT seed="0,0,0,3,0,31" ten="250,250,250,250" oya="0" hai0="95,1,63,90,58,85,67,23,48,76,88,61,8" hai1="92,15,132,29,18,22,36,103,45,97,91,35,71" hai2="80,56,75,87,9,74,79,99,102,14,100,104,20" hai3="25,41,47,98,119,77,26,30,50,124,115,81,123"/><T34/><D76/><U54/><E71/><V117/><F117/><W118/><G124/><T130/><D130/><U68/><E68/><V2/><F2/><W120/><G115/><T96/><D48/><U12/><E132/><V134/><F134/><W19/><G19/><T114/><D114/><U125/><E125/><V70/><F70/><W113/><G98/><T127/><D127/><U126/><E126/><V84/><F20/><N who="3" m="15655" /><G26/><T82/><D23/><U129/><E12/><V128/><F128/><W57/><G57/><T78/><D34/><U17/><E17/><V28/><F28/><W64/><G64/><T0/><D78/><U13/><E13/><V106/><F56/><W109/><G109/><T116/><D116/><U72/><E72/><N who="2" m="43111" /><F14/><W73/><G113/><T112/><D112/><U86/><E129/><V21/><F21/><W49/><G50/><T111/><D111/><U37/><E29/><V24/><F24/><W107/><G107/><N who="2" m="41001" /><F9/><W16/><G16/><T89/><D61/><U121/><E18/><V60/><F60/><W5/><G5/><T10/><REACH who="0" step="1"/><D90/><REACH who="0" ten="240,250,250,250" step="2"/><U133/><E22/><V7/><F74/><W101/><G119/><T83/><D83/><U105/><E133/><V62/><F62/><W43/><G118/><T53/><D53/><U44/><E54/><V46/><F75/><W27/><G49/><T4/><D4/><U69/><E35/><V110/><F7/><W39/><G73/><T108/><D108/><U3/><E91/><V52/><F110/><W135/><G77/><T122/><D122/><U93/><E121/><V42/><F52/><RYUUKYOKU ba="0,1" sc="240,30,250,-10,250,-10,250,-10" hai0="0,1,8,10,58,63,67,82,85,88,89,95,96" /><INIT seed="0,1,1,1,5,70" ten="270,240,240,240" oya="0" hai0="77,75,66,2,20,50,44,96,39,31,47,79,108" hai1="106,69,129,38,18,35,109,104,122,4,87,92,67" hai2="90,42,103,72,62,82,101,37,34,48,135,25,112" hai3="41,1,58,110,84,33,113,133,99,5,6,56,73"/><T130/><D2/><U11/><E122/><V27/><F112/><W10/><G73/><T28/><D130/><U29/><E18/><V85/><F135/><W61/><G113/><T126/><D66/><U64/><E64/><V95/><F37/><W80/><G33/><T23/><D126/><U57/><E57/><V116/><F116/><W46/><G110/><T30/><D96/><U81/><E92/><V59/><F72/><W125/><G125/><T123/><D123/><U118/><E109/><V16/><F34/><W52/><G133/><T83/><D79/><U22/><E22/><N who="2" m="13511" /><F27/><W32/><G32/><T134/><D134/><U86/><E86/><N who="2" m="52695" /><F48/><W94/><G1/><T114/><D114/><U88/><E38/><V117/><F42/><W100/><G10/><T128/><D128/><U60/><E118/><V107/><F107/><W43/><G58/><T21/><D108/><U71/><E71/><V55/><F117/><W91/><G41/><T89/><D89/><AGARI ba="1,1" hai="55,59,62,82,85,89,101,103" m="52695,13511" machi="89" ten="30,2000,0" yaku="8,1,54,1" doraHai="70" who="2" fromWho="0" sc="270,-23,240,0,240,33,240,0" /><INIT seed="1,0,0,1,1,53" ten="247,240,273,240" oya="1" hai0="12,43,39,41,0,96,60,55,76,73,130,97,118" hai1="117,132,100,34,4,13,44,105,7,120,52,68,82" hai2="134,109,54,111,77,67,127,108,81,58,46,6,31" hai3="11,19,48,38,17,94,22,126,99,51,10,18,122"/><U16/><E117/><V135/><F127/><W80/><G38/><T103/><D118/><U20/><E120/><V95/><F67/><W40/><G122/><T49/><D0/><U5/><E132/><N who="2" m="50731" /><F6/><W32/><G32/><T9/><D73/><U123/><E123/><V3/><F3/><W59/><G126/><T15/><D76/><U14/><E68/><V29/><F95/><W50/><G40/><T61/><D39/><U91/><E34/><V21/><F21/><W110/><G110/><T47/><D130/><U116/><E116/><V78/><F46/><W25/><G80/><T8/><D47/><U114/><E114/><V24/><F24/><W57/><G10/><T36/><D36/><U72/><E105/><V28/><F81/><W65/><G65/><T30/><D103/><U71/><E71/><V102/><F102/><N who="3" m="60791" /><G11/><T26/><D26/><N who="1" m="14599" /><E100/><V115/><F115/><W45/><G45/><T129/><D129/><U70/><E70/><V37/><F37/><W92/><G92/><T98/><D30/><AGARI ba="0,0" hai="17,18,19,22,25,30,48,50,51,57,59" m="60791" machi="30" ten="30,3900,0" yaku="8,1,52,2" doraHai="53" who="3" fromWho="0" sc="247,-39,240,0,273,0,240,39" /><INIT seed="2,0,0,0,4,91" ten="208,240,273,279" oya="2" hai0="76,45,65,54,109,100,106,49,131,80,132,119,64" hai1="70,73,8,127,77,116,128,123,4,86,18,12,17" hai2="58,102,28,114,69,92,42,47,35,97,9,20,15" hai3="60,107,83,66,133,34,90,39,129,31,101,3,32"/><V46/><F114/><W6/><G90/><T93/><D109/><U105/><E105/><V57/><F69/><N who="3" m="42183" /><G129/><T59/><D131/><U36/><E128/><V30/><F35/><W0/><G133/><T125/><D132/><U134/><E134/><V112/><F112/><W72/><G39/><T25/><D106/><U82/><E116/><V51/><F47/><W37/><G37/><T67/><D125/><U124/><E36/><V41/><F41/><W19/><G19/><N who="1" m="7178" /><E70/><V87/><F87/><W11/><G3/><T118/><D25/><U74/><E123/><V48/><F48/><W10/><G10/><T117/><D59/><N who="2" m="22538" /><F20/><W52/><G52/><T103/><REACH who="0" step="1"/><D93/><REACH who="0" ten="198,240,273,279" step="2"/><U135/><E135/><V122/><F122/><W85/><G107/><T120/><D120/><U53/><E124/><V98/><F98/><W104/><G104/><T23/><D23/><U113/><E127/><V111/><F111/><W55/><G32/><T95/><D95/><U33/><E33/><V71/><F71/><W38/><G34/><T50/><D50/><U79/><E113/><V22/><F22/><W2/><G38/><T99/><D99/><U61/><E61/><V24/><F24/><W56/><G56/><T44/><D44/><U5/><E82/><V1/><F51/><W89/><G83/><T13/><D13/><U26/><E12/><V43/><F1/><W115/><G0/><T62/><D62/><U121/><E26/><V81/><F81/><W14/><G2/><T29/><D29/><N who="2" m="11370" /><F46/><W94/><G115/><T16/><D16/><AGARI ba="0,1" hai="9,15,16,42,43,92,97,102" m="11370,22538" machi="16" ten="30,5800,0" yaku="8,1,52,1,54,1" doraHai="91" who="2" fromWho="0" sc="198,-58,240,0,273,68,279,0" /><INIT seed="2,1,0,1,2,114" ten="140,240,341,279" oya="2" hai0="23,103,115,121,64,70,56,58,54,78,3,130,62" hai1="104,124,33,132,80,16,60,8,51,81,92,120,116" hai2="46,125,69,9,17,66,7,134,32,112,94,39,123" hai3="61,21,36,67,91,43,119,55,37,53,29,31,133"/><V106/><F112/><W11/><G11/><T13/><D115/><U129/><E104/><V52/><F106/><W71/><G91/><T5/><D121/><U75/><E120/><V22/><F123/><W30/><G21/><T50/><D130/><U84/><E129/><V90/><F32/><W40/><G133/><T47/><D78/><U122/><E122/><V131/><F131/><W0/><G0/><T20/><D103/><U42/><E33/><V99/><F134/><W15/><G15/><T97/><D97/><U1/><E75/><V82/><F125/><W93/><G93/><T2/><D20/><U57/><E124/><V74/><F66/><W87/><G87/><T101/><D101/><U45/><E132/><V6/><F69/><W109/><G109/><T41/><D58/><U102/><E1/><V96/><F96/><W89/><G89/><T110/><D110/><U27/><E57/><V118/><F118/><W49/><G49/><T34/><D34/><U26/><E81/><V72/><F82/><W10/><G10/><T135/><D135/><U108/><E108/><V86/><F99/><W18/><G18/><N who="0" m="10703" /><D5/><N who="2" m="1546" /><F9/><W44/><REACH who="3" step="1"/><G119/><REACH who="3" ten="140,240,341,269" step="2"/><T107/><D107/><U126/><E116/><V113/><F113/><W14/><G14/><T12/><D12/><N who="1" m="7175" /><E126/><V105/><F105/><W19/><G19/><T65/><D3/><U95/><E102/><V117/><F117/><W98/><G98/><T25/><D2/><U73/><E95/><N who="2" m="54743" /><F17/><W127/><G127/><T100/><D100/><U4/><E92/><V85/><F94/><W128/><G128/><T38/><D25/><RYUUKYOKU ba="1,1" sc="140,15,240,-15,341,-15,269,15" hai0="38,41,47,50,54,56,62,64,65,70" hai3="29,30,31,36,37,40,43,44,53,55,61,67,71" /><INIT seed="3,2,1,0,4,8" ten="155,225,326,284" oya="3" hai0="121,3,31,116,9,134,92,34,106,26,49,130,84" hai1="86,55,113,47,21,52,68,59,64,93,51,128,88" hai2="60,75,127,131,115,56,53,114,16,94,29,110,39" hai3="66,30,35,5,33,135,126,119,99,37,0,95,7"/><W23/><G37/><T129/><D121/><U6/><E128/><N who="0" m="49257" /><D106/><U97/><E113/><V117/><F131/><W67/><G119/><T79/><D116/><U25/><E68/><V124/><F117/><W20/><G0/><T41/><D134/><U101/><E6/><N who="3" m="2058" /><G33/><T27/><D3/><U12/><E64/><N who="3" m="24618" /><G35/><T38/><D38/><U125/><E125/><N who="2" m="48203" /><F29/><W19/><G30/><T112/><D9/><U91/><E86/><V71/><F110/><W22/><G135/><T58/><D112/><U65/><E65/><N who="2" m="41383" /><F75/><W118/><G118/><T18/><D34/><U61/><E12/><V15/><F39/><W90/><G126/><T13/><D31/><AGARI ba="2,1" hai="21,25,31,47,51,52,55,59,61,88,91,93,97,101" machi="31" ten="30,7700,0" yaku="7,1,8,1,54,2" doraHai="8" who="1" fromWho="0" sc="155,-83,225,93,326,0,284,0" /><INIT seed="4,0,0,2,1,12" ten="72,318,326,284" oya="0" hai0="88,117,57,114,83,127,21,124,94,4,22,75,20" hai1="17,36,67,65,134,51,108,112,126,129,77,13,72" hai2="87,9,106,6,48,135,30,78,18,80,10,84,59" hai3="15,29,128,5,121,32,1,68,93,107,96,69,89"/><T85/><D117/><U19/><E36/><V82/><F106/><W116/><G116/><T125/><D114/><U3/><E108/><V34/><F135/><W111/><G111/><T24/><D4/><U37/><E37/><V92/><F34/><W113/><G113/><T66/><D75/><U100/><E3/><V91/><F30/><W39/><G39/><T2/><D2/><U86/><E112/><V110/><F110/><W115/><G115/><T109/><D109/><U44/><E134/><V52/><F6/><W46/><G46/><T26/><D83/><N who="1" m="47471" /><E72/><V99/><REACH who="2" step="1"/><F18/><REACH who="2" ten="72,318,316,284" step="2"/><N who="1" m="6665" /><E129/><V90/><AGARI ba="0,1" hai="9,10,48,52,59,78,80,82,84,87,90,91,92,99" machi="90" ten="20,12000,2" yaku="1,1,0,1,7,1,8,1,54,1,53,2" doraHai="12" doraHaiUra="81" who="2" fromWho="2" sc="72,-60,318,-30,316,130,284,-30" /><INIT seed="5,0,0,1,0,22" ten="12,288,446,254" oya="1" hai0="101,69,59,15,79,96,87,88,28,90,55,19,2" hai1="17,43,6,129,29,33,39,91,14,30,83,122,82" hai2="25,21,51,12,100,13,73,44,81,70,113,5,92" hai3="134,132,117,118,93,108,20,77,102,23,123,57,110"/><U127/><E122/><V112/><F70/><W130/><G57/><T76/><D69/><U16/><E127/><V89/><F100/><W54/><G54/><T52/><D2/><U60/><E129/><V46/><F81/><N who="1" m="30729" /><E39/><V126/><F73/><W103/><G123/><T97/><D28/><N who="1" m="10859" /><E33/><V71/><F71/><W58/><G58/><T42/><D42/><U53/><E43/><V11/><F13/><W41/><G41/><T85/><D59/><N who="1" m="34927" /><E91/><V86/><F126/><W9/><G77/><T66/><D66/><U18/><E6/><V47/><REACH who="2" step="1"/><F51/><REACH who="2" ten="12,288,436,254" step="2"/><W105/><G102/><T133/><D101/><U40/><E40/><V34/><F34/><W49/><G49/><T0/><D0/><U24/><E14/><V1/><F1/><W36/><G103/><T63/><D15/><U99/><E99/><V94/><F94/><W106/><G93/><T4/><D4/><U95/><E95/><V84/><F84/><W45/><G36/><T75/><D75/><U131/><E131/><V109/><F109/><W121/><G121/><T37/><D37/><U120/><E120/><V67/><F67/><W80/><G80/><T32/><D32/><U3/><E3/><V98/><F98/><W68/><G68/><T111/><D111/><U125/><E125/><V50/><F50/><W115/><G130/><T35/><D35/><U48/><E48/><V128/><F128/><W26/><G110/><T119/><D63/><U114/><E114/><V27/><F27/><AGARI ba="0,1" hai="16,17,18,24,27" m="34927,10859,30729" machi="27" ten="30,11600,0" yaku="8,1,52,2,54,1" doraHai="22" who="1" fromWho="2" sc="12,0,288,126,436,-116,254,0" /><INIT seed="5,1,0,0,0,20" ten="12,414,320,254" oya="1" hai0="55,94,75,51,84,132,81,92,109,85,56,114,14" hai1="126,8,91,79,5,134,116,115,74,80,38,65,54" hai2="42,63,102,110,27,120,129,130,21,43,58,99,34" hai3="90,105,60,40,41,111,113,72,64,121,118,31,83"/><U49/><E115/><V2/><F110/><W9/><G111/><T32/><D109/><U68/><E38/><V33/><F120/><W101/><G121/><T39/><D39/><U77/><E116/><V108/><F108/><W117/><G113/><T89/><D114/><U28/><E28/><V86/><F2/><W125/><G125/><T37/><D37/><U16/><E126/><V104/><F86/><N who="3" m="50527" /><G72/><T95/><D32/><U78/><E134/><V46/><F33/><W82/><G82/><T103/><D75/><U93/><E65/><V88/><F34/><W53/><G53/><T57/><D132/><U6/><E68/><V106/><F106/><W0/><G101/><T50/><D103/><U45/><E5/><V26/><F88/><W22/><G105/><T3/><D3/><U71/><E71/><V4/><F4/><N who="3" m="1159" /><G22/><T112/><D112/><U122/><E122/><V76/><F76/><W17/><G17/><T10/><D51/><U97/><E16/><N who="2" m="12583" /><F46/><W133/><G31/><T135/><D135/><U62/><E78/><V107/><F107/><W123/><G123/><T100/><D100/><U127/><E79/><V12/><F12/><W61/><G133/><T15/><D15/><N who="1" m="5527" /><E127/><V52/><F27/><W36/><G36/><T66/><D66/><U119/><E74/><V131/><AGARI ba="1,0" hai="42,43,52,58,63,99,102,104,129,130,131" m="12583" machi="131" ten="30,7900,0" yaku="19,1,52,1,54,2" doraHai="20" who="2" fromWho="2" sc="12,-21,414,-40,320,82,254,-21" owari="-9,-51.0,374,17.0,402,51.0,233,-17.0" /></mjloggm>