<mjloggm ver="2.3"><GO type="169" lobby="0"/><UN n0="%E3%81%BF%E3%81%A3%E3%81%A4%E3%81%9A%E3%81%A4" n1="%43%4C%53" n2="%E5%BE%80%E5%BE%A9%E3%83%93%E3%83%B3%E3%82%BF" n3="%E3%82%A6%E3%83%AB%E3%83%88%E3%83%A9%E7%AB%8B%E7%9B%B4" dan="17,18,16,19" rate="2162.55,2259.46,2158.18,2313.62" sx="M,M,M,M"/><TAIKYOKU oya="0"/><INIT seed="0,0,0,4,0,56" ten="250,250,250,250" oya="0" hai0="100,18,98,43,109,132,52,74,101,80,38,28,46" hai1="19,129,127,69,9,128,42,0,117,87,121,94,95" hai2="27,104,76,36,45,32,6,122,48,111,116,68,13" hai3="71,51,54,40,67,60,39,124,10,53,89,113,41"/><T37/><D132/><U79/><E117/><V21/><F116/><W99/><G10/><T110/><D37/><U14/><E121/><V57/><F68/><W126/><G99/><T33/><D18/><U7/><E69/><V77/><F104/><W31/><G89/><T84/><D74/><U105/><E105/><V106/><F106/><W61/><G31/><T55/><D28/><U70/><E70/><V115/><F122/><W108/><G113/><T59/><D33/><U58/><E42/><N who="3" m="16490" /><G39/><T133/><D133/><U47/><E47/><V135/><F36/><W11/><G11/><T3/><D3/><U75/><E75/><V114/><F32/><W16/><G16/><T22/><D22/><U25/><E25/><V73/><F73/><W4/><G4/><T62/><D55/><U86/><E79/><V2/><F6/><W112/><G112/><T119/><D119/><U102/><E0/><V130/><F77/><W66/><G108/><N who="0" m="41579" /><D98/><U85/><E19/><V78/><F2/><W93/><G54/><T65/><D65/><N who="3" m="24585" /><G71/><T44/><D44/><U96/><E7/><V29/><F29/><W26/><G26/><T5/><D5/><U125/><E9/><V83/><F27/><W81/><G53/><T23/><D23/><U72/><E72/><V64/><F21/><W1/><G1/><T97/><D97/><U30/><E30/><V92/><F135/><W12/><G12/><T118/><D118/><U91/><E14/><V90/><F114/><W82/><G51/><T24/><D24/><U50/><E96/><V15/><F115/><W17/><G17/><RYUUKYOKU ba="0,0" sc="250,30,250,-10,250,-10,250,-10" hai0="38,43,46,52,59,62,80,84,100,101" /><INIT seed="0,1,0,5,2,25" ten="280,240,240,240" oya="0" hai0="51,16,3,107,40,130,39,101,36,7,11,124,68" hai1="117,17,1,115,55,92,38,65,129,120,97,81,50" hai2="37,96,134,9,119,18,75,128,103,104,67,41,66" hai3="123,48,93,31,90,24,106,0,105,89,43,69,135"/><T116/><D116/><U60/><E117/><V74/><F119/><W27/><G69/><T63/><D130/><U95/><E120/><V34/><F128/><W121/><G0/><T122/><D122/><N who="3" m="46601" /><G135/><T47/><D124/><U85/><E38/><V26/><F134/><W72/><G72/><T6/><D6/><U12/><E1/><V13/><F41/><W22/><G43/><T118/><D118/><U2/><E2/><V23/><F37/><W54/><G27/><T44/><D101/><U28/><E115/><V57/><F34/><W126/><G126/><T91/><D107/><N who="3" m="40969" /><G93/><T5/><D5/><U110/><E95/><V53/><F74/><W19/><G19/><T77/><D77/><U88/><E129/><V78/><F78/><W42/><G42/><T84/><D16/><U32/><E17/><V8/><F75/><W58/><AGARI ba="1,0" hai="22,24,31,48,54,58,89,90" m="40969,46601" machi="58" ten="30,2000,0" yaku="13,1,52,1" doraHai="25" who="3" fromWho="3" sc="280,-11,240,-6,240,-6,240,23" /><INIT seed="1,0,0,2,2,117" ten="269,234,234,263" oya="1" hai0="82,121,78,84,0,129,64,57,11,80,39,104,43" hai1="87,127,28,69,93,35,126,56,59,90,100,34,107" hai2="74,124,48,73,1,83,58,53,16,76,7,102,27" hai3="62,113,92,42,99,118,119,31,67,120,26,79,71"/><U94/><E107/><V110/><F124/><N who="1" m="47657" /><E69/><V37/><F110/><W23/><G113/><T75/><D129/><U77/><E77/><V95/><F37/><W128/><G128/><T2/><D104/><U6/><E6/><V32/><F7/><W115/><G115/><T5/><D0/><U132/><E132/><V122/><F1/><W13/><G42/><T51/><D64/><U36/><E36/><V96/><F32/><N who="1" m="12329" /><E28/><V98/><F98/><AGARI ba="0,0" hai="56,59,87,90,93,94,98,100" m="12329,47657" machi="98" ten="30,1500,0" yaku="18,1" doraHai="117" who="1" fromWho="2" sc="269,0,234,15,234,-15,263,0" /><INIT seed="1,1,0,4,1,31" ten="269,249,219,263" oya="1" hai0="108,5,79,111,28,96,85,77,130,101,36,116,107" hai1="80,15,55,37,16,12,113,41,114,27,112,64,54" hai2="6,67,91,109,63,82,34,73,46,128,125,93,61" hai3="0,76,71,8,105,40,72,133,99,11,52,25,78"/><U23/><E64/><V65/><F128/><W83/><G78/><T89/><D36/><U129/><E129/><V87/><F125/><W38/><G133/><T48/><D130/><U92/><E80/><V126/><F126/><W98/><G11/><T60/><D116/><U121/><E121/><V115/><F115/><W84/><G84/><T70/><D5/><U39/><E92/><V30/><F6/><W97/><G71/><T17/><D48/><U56/><E54/><V127/><F127/><W59/><G25/><T117/><D117/><U43/><E39/><V135/><F135/><W20/><G20/><T13/><D28/><U100/><E100/><V62/><F46/><N who="3" m="23831" /><G105/><T9/><D60/><U53/><E53/><V81/><F109/><N who="0" m="42058" /><D70/><U44/><REACH who="1" step="1"/><E41/><REACH who="1" ten="269,239,219,263" step="2"/><V26/><F82/><AGARI ba="1,1" hai="9,13,17,77,79,82,85,89,96,101,107" m="42058" machi="82" ten="30,1000,0" yaku="14,1" doraHai="31" who="0" fromWho="2" sc="269,23,239,0,219,-13,263,0" /><INIT seed="2,0,0,3,5,76" ten="292,239,206,263" oya="2" hai0="27,19,106,113,79,41,22,48,99,123,128,37,98" hai1="94,34,75,90,31,117,88,66,102,8,5,0,97" hai2="87,20,44,7,58,122,51,68,118,70,55,23,50" hai3="71,36,4,132,17,105,135,125,109,21,2,45,65"/><V46/><F122/><W100/><G4/><T12/><D123/><U77/><E117/><V96/><F118/><W84/><G2/><T64/><D113/><U13/><E66/><V133/><F133/><W103/><G105/><T115/><D115/><U92/><E0/><V14/><F68/><W1/><G1/><T112/><D112/><U86/><E102/><V49/><F70/><W35/><G35/><T69/><D37/><U83/><E31/><V95/><F87/><W80/><G125/><T28/><D106/><U108/><REACH who="1" step="1"/><E34/><REACH who="1" ten="292,229,206,263" step="2"/><V120/><F120/><W25/><G103/><T24/><D64/><U11/><E11/><N who="2" m="4479" /><F44/><W121/><G100/><T52/><D28/><U82/><E82/><V39/><F39/><W15/><G121/><T60/><D22/><N who="2" m="8234" /><F46/><W110/><G45/><T57/><D69/><U33/><E33/><V107/><F107/><W124/><G36/><T10/><D10/><U127/><E127/><V47/><F47/><W26/><G124/><T81/><D81/><U42/><E42/><V89/><AGARI ba="0,1" hai="49,50,51,55,58,89,95,96" m="8234,4479" machi="89" ten="30,1500,0" yaku="8,1" doraHai="76" who="2" fromWho="2" sc="292,-5,229,-5,206,25,263,-5" /><INIT seed="2,1,0,1,4,104" ten="287,224,231,258" oya="2" hai0="0,108,99,21,78,66,43,41,48,17,97,95,31" hai1="72,42,40,54,89,121,9,129,26,47,19,51,22" hai2="46,132,76,39,77,74,30,130,63,8,33,29,75" hai3="57,68,13,28,58,35,36,14,113,85,120,10,127"/><V18/><F132/><W117/><G68/><T70/><D108/><U88/><E129/><V134/><F134/><W118/><G36/><T131/><D131/><U133/><E133/><V90/><F130/><W3/><G3/><T84/><D0/><U5/><E121/><V71/><F90/><W93/><G35/><T55/><D31/><U69/><E69/><V25/><F18/><W7/><G28/><T86/><D66/><U105/><E105/><V52/><F8/><W102/><G120/><T135/><D70/><U38/><E72/><V27/><F71/><W11/><G127/><T100/><D99/><U114/><E114/><V94/><F94/><W119/><G113/><T61/><D61/><U73/><E73/><V115/><F115/><W103/><G85/><N who="0" m="32875" /><D78/><U49/><E38/><V44/><F39/><W124/><G124/><T2/><D2/><U15/><REACH who="1" step="1"/><E40/><REACH who="1" ten="287,214,231,258" step="2"/><V111/><F111/><W50/><G119/><T24/><D135/><U80/><E80/><V122/><F122/><W62/><G118/><T116/><D116/><U65/><E65/><V98/><F98/><W125/><G117/><T6/><D41/><U87/><E87/><V60/><F33/><W107/><G107/><T92/><D43/><U110/><E110/><V123/><F123/><W34/><G34/><T96/><D96/><U12/><E12/><V112/><F112/><W4/><G125/><T56/><D95/><U126/><E126/><V37/><F37/><W16/><G93/><T106/><D106/><U82/><E82/><V20/><F52/><N who="3" m="31895" /><G4/><AGARI ba="1,1" hai="4,6,17,21,24,48,55,56,92,97,100" m="32875" machi="4" ten="30,1000,0" yaku="8,1" doraHai="104" who="0" fromWho="3" sc="287,23,214,0,231,0,258,-13" /><INIT seed="3,0,0,1,0,73" ten="310,214,231,245" oya="3" hai0="50,91,34,82,87,31,45,96,79,35,75,49,109" hai1="72,135,15,123,89,40,22,99,90,130,107,92,47" hai2="134,121,33,78,14,116,19,39,23,46,52,126,51" hai3="100,104,69,18,44,117,113,102,58,48,68,127,93"/><W3/><G113/><T83/><D109/><U42/><E123/><V12/><F116/><W110/><G117/><T85/><D31/><U74/><E107/><V30/><F121/><W13/><G3/><T63/><D75/><U1/><E1/><V132/><F126/><W101/><G104/><T66/><D96/><U114/><E114/><V65/><F65/><W28/><G28/><T98/><D98/><U84/><E135/><V57/><F33/><W20/><G127/><T112/><D112/><U115/><E130/><V55/><F30/><W67/><G110/><T71/><REACH who="0" step="1"/><D50/><REACH who="0" ten="300,214,231,245" step="2"/><U10/><E115/><V122/><F122/><W60/><REACH who="3" step="1"/><G93/><REACH who="3" ten="300,214,231,235" step="2"/><T38/><D38/><U125/><E125/><V88/><F39/><W131/><G131/><T64/><D64/><U76/><E92/><V118/><F118/><W81/><G81/><T77/><D77/><U53/><E76/><V120/><F120/><W36/><G36/><T106/><D106/><U9/><E72/><V97/><F78/><W17/><G17/><T94/><D94/><U129/><E74/><V70/><F134/><W7/><G7/><T80/><D80/><U8/><E129/><V6/><F132/><W124/><G124/><T119/><D119/><U56/><E89/><V103/><F88/><W5/><G5/><T4/><D4/><U24/><E90/><V95/><F6/><W41/><AGARI ba="0,2" hai="13,18,20,41,44,48,58,60,67,68,69,100,101,102" machi="41" ten="30,6000,0" yaku="1,1,0,1,53,1" doraHai="73" doraHaiUra="16" who="3" fromWho="3" sc="300,-20,214,-20,231,-20,235,80" /><INIT seed="3,1,0,0,0,12" ten="280,194,211,315" oya="3" hai0="89,117,132,124,16,109,23,130,69,82,47,111,131" hai1="65,90,118,2,58,14,80,86,103,11,104,30,119" hai2="102,4,10,70,87,106,0,41,129,33,13,9,76" hai3="20,48,71,52,43,60,62,84,36,114,113,123,125"/><W68/><G84/><N who="0" m="50327" /><D117/><U110/><E2/><V74/><F70/><N who="3" m="26667" /><G123/><T18/><D69/><U19/><E110/><N who="0" m="41993" /><D124/><U115/><E115/><N who="3" m="44042" /><G125/><T88/><D132/><U56/><E30/><V5/><F33/><W39/><G20/><T78/><D78/><U91/><E91/><V77/><F129/><N who="0" m="49162" /><D23/><U99/><REACH who="1" step="1"/><E65/><REACH who="1" ten="280,184,211,315" step="2"/><V53/><F0/><W59/><G43/><T27/><D27/><U31/><E31/><V134/><F76/><W120/><G120/><T54/><D88/><U96/><E96/><V105/><F77/><W17/><G39/><T81/><D81/><U26/><E26/><V116/><F41/><W127/><G36/><T73/><D73/><U135/><E135/><V83/><F74/><W79/><G79/><T100/><D100/><U101/><E101/><V63/><F102/><W97/><G97/><T8/><D8/><U92/><E92/><V37/><F37/><W75/><G75/><T67/><D67/><U15/><E15/><V66/><F13/><W38/><G38/><T107/><D107/><U6/><E6/><V22/><F106/><W7/><G7/><T55/><D55/><U28/><E28/><V122/><F53/><W98/><G98/><T57/><D47/><U51/><E51/><AGARI ba="1,1" hai="16,18,51,54,57" m="49162,41993,50327" machi="51" ten="30,8000,1" yaku="14,1,19,1,52,2,54,1" doraHai="12" who="0" fromWho="1" sc="280,93,184,-83,211,0,315,0" /><INIT seed="4,0,0,3,2,93" ten="373,101,211,315" oya="0" hai0="16,77,27,131,81,103,68,125,40,89,33,102,38" hai1="25,106,2,122,26,118,87,92,123,20,98,101,48" hai2="124,0,105,54,99,108,53,28,88,126,61,104,14" hai3="36,52,46,79,113,30,80,71,10,109,97,83,18"/><T63/><D131/><U62/><E118/><V66/><BYE who="0" /><F0/><W84/><G71/><T44/><D44/><U47/><E2/><V67/><F28/><W8/><G109/><T24/><D24/><U35/><E62/><V55/><F108/><W17/><G113/><T45/><D45/><U127/><E127/><N who="2" m="48683" /><F14/><W69/><G69/><T11/><D11/><U39/><E39/><V100/><F61/><W114/><G114/><T116/><D116/><U112/><E112/><V119/><F119/><W19/><G30/><T78/><D78/><U90/><E35/><V56/><F56/><W37/><G37/><T96/><D96/><U132/><E132/><V13/><F13/><W72/><G97/><T94/><D94/><U7/><E7/><V117/><F117/><W76/><REACH who="3" step="1"/><G36/><REACH who="3" ten="373,101,211,305" step="2"/><T6/><D6/><U130/><E130/><V135/><F135/><W31/><G31/><T82/><D82/><U85/><E123/><V1/><F1/><W133/><G133/><T115/><D115/><U49/><E122/><V57/><F57/><W22/><G22/><T50/><D50/><AGARI ba="0,1" hai="8,10,17,18,19,46,50,52,72,76,79,80,83,84" machi="50" ten="40,8000,1" yaku="1,1,54,1,53,2" doraHai="93" doraHaiUra="74" who="3" fromWho="0" sc="373,-80,101,0,211,0,305,90" /><INIT seed="5,0,0,0,0,119" ten="293,101,211,395" oya="1" hai0="68,113,19,30,92,97,9,3,131,117,126,35,101" hai1="25,88,82,47,134,133,39,129,0,54,83,77,109" hai2="103,70,112,94,99,81,57,67,11,14,87,62,75" hai3="124,26,116,108,6,46,17,44,34,37,32,86,93"/><U71/><E71/><V123/><F112/><W48/><G108/><T60/><D60/><U114/><E109/><V21/><F75/><W110/><G110/><T8/><D8/><U127/><E0/><V31/><F70/><W12/><G6/><T63/><D63/><U16/><E114/><V28/><F123/><W102/><G26/><T111/><D111/><U72/><E127/><V91/><REACH who="2" step="1"/><F21/><REACH who="2" ten="293,101,201,395" step="2"/><W4/><G124/><T45/><D45/><U29/><E129/><V58/><F58/><W105/><G46/><T5/><D5/><AGARI ba="0,1" hai="5,11,14,28,31,57,62,67,81,87,91,94,99,103" machi="5" ten="30,3900,0" yaku="1,1,7,1,8,1,53,0" doraHai="119" doraHaiUra="130" who="2" fromWho="0" sc="293,-39,101,0,201,49,395,0" /><INIT seed="6,0,0,0,3,19" ten="254,101,250,395" oya="2" hai0="112,102,5,20,67,18,92,132,54,61,121,57,99" hai1="60,135,117,116,59,90,83,130,79,129,109,75,88" hai2="113,63,64,77,38,55,120,65,37,36,103,115,12" hai3="106,15,104,42,73,46,13,56,52,50,96,108,30"/><V89/><F77/><W0/><G0/><T17/><D17/><U28/><E28/><V53/><F103/><W22/><G73/><T105/><D105/><U128/><E60/><V11/><F89/><N who="1" m="34409" /><E59/><N who="2" m="35327" /><F12/><W21/><G108/><T91/><D91/><U76/><E109/><V97/><F97/><W134/><G134/><T84/><D84/><N who="1" m="48231" /><E135/><V69/><F11/><W101/><G106/><T125/><D125/><U16/><E16/><V66/><F120/><W93/><G104/><T72/><D72/><U31/><E31/><V41/><F41/><W114/><G30/><T87/><D87/><U123/><E123/><V100/><F100/><W111/><G111/><T119/><D119/><U85/><E75/><V10/><F10/><W127/><G15/><T95/><D95/><U131/><N who="1" m="33280" /><DORA hai="98" /><U78/><E78/><V107/><F107/><W40/><G13/><T110/><D110/><U7/><E7/><V27/><F27/><W48/><G42/><T33/><D33/><U1/><E1/><V62/><F69/><W71/><G71/><T94/><D94/><U29/><E29/><V26/><F26/><W47/><G93/><T8/><D8/><U133/><E133/><V118/><F118/><W34/><G40/><T58/><D58/><AGARI ba="0,0" hai="36,37,38,53,58,62,64,65,66,113,115" m="35327" machi="58" ten="40,3900,0" yaku="34,2" doraHai="19,98" who="2" fromWho="0" sc="254,-39,101,0,250,39,395,0" /><INIT seed="6,1,0,5,3,71" ten="215,101,289,395" oya="2" hai0="108,37,44,10,55,67,17,61,3,58,8,96,47" hai1="25,106,117,28,105,49,65,123,39,12,89,50,110" hai2="102,103,9,125,81,15,92,93,27,41,98,82,77" hai3="31,84,134,122,76,121,130,94,1,57,85,34,7"/><V118/><F118/><W64/><G64/><T104/><D104/><U38/><E117/><V19/><F125/><W133/><G57/><T16/><D16/><U99/><E12/><V114/><F114/><W79/><G130/><T13/><D13/><U29/><E110/><V52/><F41/><W42/><G42/><T72/><D72/><U97/><E25/><V116/><F116/><W126/><G126/><T83/><D83/><U132/><E65/><V24/><F82/><N who="3" m="47175" /><G31/><T2/><D2/><U62/><E62/><V35/><F35/><W128/><G34/><T131/><D131/><U40/><E40/><V36/><F36/><W4/><G4/><T115/><D115/><U46/><E89/><V88/><F52/><W14/><G14/><T18/><D18/><U107/><E46/><V54/><F54/><W87/><G128/><T66/><D66/><U129/><E129/><V112/><F112/><W109/><G109/><T59/><D59/><U68/><E68/><V26/><REACH who="2" step="1"/><F93/><REACH who="2" ten="215,101,279,395" step="2"/><W70/><G94/><T101/><D101/><U33/><E33/><V22/><F22/><W45/><G45/><T69/><D69/><U91/><E107/><V6/><F6/><W124/><G70/><T95/><D95/><U73/><E106/><V113/><F113/><W74/><G124/><T75/><D75/><AGARI ba="1,1" hai="9,15,19,24,26,27,75,77,81,88,92,98,102,103" machi="75" ten="40,7700,0" yaku="1,1,54,1,53,1" doraHai="71" doraHaiUra="78" who="2" fromWho="0" sc="215,-80,101,0,279,90,395,0" /><INIT seed="6,2,0,3,3,119" ten="135,101,369,395" oya="2" hai0="52,17,55,20,117,116,9,97,89,111,64,74,108" hai1="133,101,61,86,100,37,120,94,33,51,13,72,23" hai2="38,88,93,76,96,125,70,18,109,1,22,59,106" hai3="46,73,31,75,16,36,62,19,60,98,0,57,44"/><V112/><F1/><W8/><G31/><T83/><D83/><U41/><E72/><V53/><F70/><W84/><G98/><T54/><D54/><U123/><E33/><V121/><F38/><W11/><G84/><T43/><D43/><U50/><E37/><V124/><F109/><W132/><G36/><T113/><D113/><U65/><E133/><V28/><F28/><W26/><G57/><T10/><D10/><U82/><E23/><V63/><F112/><W7/><G26/><T91/><D91/><N who="1" m="51671" /><E13/><V56/><F106/><W35/><G7/><T135/><D135/><U24/><E24/><N who="2" m="14423" /><F76/><W105/><G105/><T103/><D103/><N who="1" m="39499" /><E41/><V92/><F92/><W122/><G132/><T115/><D115/><U87/><E87/><V77/><F77/><W39/><G39/><T78/><D78/><U95/><E95/><V12/><F59/><W110/><G35/><T134/><D134/><U129/><E94/><V80/><F80/><W104/><G104/><T4/><D4/><U128/><E51/><V25/><F25/><W58/><G0/><T118/><D118/><U47/><E50/><V99/><F99/><W102/><G102/><T49/><D49/><U90/><E47/><V27/><F27/><W3/><G3/><T126/><D126/><N who="2" m="48746" /><F12/><W114/><G58/><T45/><D45/><U6/><E90/><V69/><F69/><W67/><G114/><T85/><D85/><U21/><E65/><V68/><F68/><W34/><G67/><T48/><D48/><U15/><E15/><V42/><F42/><W2/><G2/><T30/><D30/><RYUUKYOKU ba="2,0" sc="135,-10,101,-10,369,30,395,-10" hai2="53,56,63,88,93,96,121" /><INIT seed="6,3,0,1,0,127" ten="125,91,399,385" oya="2" hai0="98,95,31,89,46,107,81,54,44,62,135,66,50" hai1="56,112,87,68,90,34,8,133,21,22,70,77,126" hai2="47,82,14,83,2,134,12,0,57,97,60,11,120" hai3="43,41,109,119,115,132,116,79,105,125,130,52,28"/><V86/><F120/><W45/><G105/><T101/><D101/><U4/><E34/><V74/><F134/><W48/><G79/><T32/><D32/><U75/><E133/><V61/><F47/><N who="3" m="27679" /><G28/><T69/><D69/><U38/><E126/><V53/><F97/><W102/><G102/><T76/><D76/><U114/><E38/><V110/><F110/><W17/><G17/><T129/><D129/><U63/><E77/><V23/><F74/><W9/><G9/><T39/><D39/><U29/><E75/><V25/><F61/><W67/><G132/><T108/><D108/><U71/><E29/><V6/><F0/><W19/><G19/><T7/><D7/><U99/><E99/><V121/><F121/><W30/><G30/><T51/><D51/><U58/><E87/><V1/><F1/><W78/><G78/><T92/><D92/><U33/><E90/><V91/><REACH who="2" step="1"/><F83/><REACH who="2" ten="125,91,389,385" step="2"/><W16/><G109/><T100/><D100/><U13/><E63/><V103/><F103/><W59/><G125/><T96/><D96/><U131/><E131/><V40/><F40/><W124/><G130/><T113/><D113/><U111/><E111/><V10/><F10/><W84/><G115/><T93/><D93/><U117/><E112/><V18/><AGARI ba="3,1" hai="2,6,11,12,14,18,23,25,53,57,60,82,86,91" machi="18" ten="20,7800,0" yaku="1,1,0,1,7,1,53,1" doraHai="127" doraHaiUra="49" who="2" fromWho="2" sc="125,-29,91,-29,389,97,385,-29" /><INIT seed="6,4,0,4,5,124" ten="96,62,486,356" oya="2" hai0="102,0,18,36,29,135,111,128,92,103,110,45,130" hai1="90,5,82,115,134,71,60,67,44,39,48,127,88" hai2="99,49,26,68,100,73,125,10,33,64,87,75,61" hai3="120,109,1,126,70,132,80,86,42,72,89,46,30"/><V22/><F125/><W20/><G126/><T105/><D105/><U113/><E127/><V65/><F65/><W93/><G109/><T119/><D119/><U54/><E134/><V121/><F121/><W53/><G120/><T24/><D24/><U56/><E5/><V28/><F87/><W69/><G1/><T27/><D27/><U17/><E17/><V76/><F76/><W50/><G132/><T112/><D112/><N who="1" m="43083" /><E82/><V31/><F31/><W19/><G30/><T59/><D59/><U11/><E11/><V98/><F98/><W38/><G80/><T37/><D37/><U117/><E117/><V77/><F77/><W91/><G91/><T85/><D85/><U16/><E16/><V96/><F96/><W14/><REACH who="3" step="1"/><G72/><REACH who="3" ten="96,62,486,346" step="2"/><T62/><D62/><U34/><E34/><V78/><F78/><W13/><G13/><T41/><D41/><AGARI ba="4,1" hai="39,41,44,48,54,56,60,67,71,88,90" m="43083" machi="41" ten="30,3900,0" yaku="24,1,15,1,54,1" doraHai="124" who="1" fromWho="0" sc="96,-51,62,61,486,0,346,0" /><INIT seed="7,0,0,4,0,130" ten="45,123,486,346" oya="3" hai0="37,62,78,133,127,75,123,109,64,89,108,74,90" hai1="65,88,16,27,82,71,19,50,70,77,69,60,46" hai2="73,10,31,76,14,47,104,124,126,48,87,56,0" hai3="106,135,80,45,91,66,81,115,57,131,118,120,72"/><W12/><G118/><T96/><D96/><U39/><E39/><V23/><F104/><W102/><G120/><T105/><D105/><U26/><E26/><N who="2" m="16863" /><F73/><W36/><G131/><T21/><D21/><U53/><E88/><V8/><F0/><W122/><G122/><T114/><D114/><U38/><E38/><V117/><F117/><W1/><G1/><T116/><D116/><U3/><E3/><V84/><F56/><W111/><G115/><T121/><D121/><U85/><E27/><V86/><F76/><W129/><G129/><T30/><D30/><U59/><AGARI ba="0,0" hai="16,19,46,50,53,59,60,65,69,70,71,77,82,85" machi="59" ten="30,2000,0" yaku="0,1,54,1" doraHai="130" who="1" fromWho="1" sc="45,-5,123,20,486,-5,346,-10" owari="40,-46.0,143,-26.0,481,58.0,336,14.0" /></mjloggm>