<mjloggm ver="2.3"><GO type="169" lobby="0"/><UN n0="%E3%82%86%E3%81%8B%E3%82%8A%E3%81%95%E3%82%93" n1="%E3%81%BB%E3%81%A8%E3%81%B0%E3%81%97%E3%82%8B%E3%81%8B%E3%81%95%E3%81%94" n2="%E9%9D%92%E6%B5%B7%E3%81%AE%E9%A8%8E%E5%A3%AB" n3="%E3%82%A6%E3%83%AB%E3%83%88%E3%83%A9%E7%AB%8B%E7%9B%B4" dan="17,16,16,18" rate="2164.96,2119.74,2076.30,2230.57" sx="F,M,M,M"/><TAIKYOKU oya="0"/><INIT seed="0,0,0,0,5,28" ten="250,250,250,250" oya="0" hai0="108,42,51,13,122,73,107,118,70,92,93,7,131" hai1="35,36,44,101,19,89,82,65,69,125,3,132,56" hai2="80,94,91,112,17,81,32,43,87,79,4,76,111" hai3="22,127,10,63,90,14,99,100,62,15,103,109,25"/><T64/><D107/><U34/><E3/><V0/><F112/><W121/><G109/><T11/><D118/><U16/><E101/><V106/><F106/><W61/><G127/><T104/><D104/><U59/><E89/><V27/><F111/><W48/><G121/><T114/><D108/><U72/><E59/><V105/><F105/><W26/><G48/><T46/><D114/><U130/><E56/><V119/><F119/><W78/><G78/><T110/><D110/><U33/><E125/><V5/><F43/><W115/><G115/><T18/><D73/><U134/><E130/><V74/><F0/><W133/><G133/><N who="1" m="51306" /><E72/><V8/><F8/><W85/><G99/><T75/><D75/><U113/><E82/><V123/><F123/><W45/><G90/><T38/><D131/><U66/><E113/><V124/><F124/><W67/><G103/><T53/><D122/><U20/><E69/><V1/><F1/><W116/><G100/><T39/><D39/><U40/><E19/><V117/><F17/><W57/><G57/><N who="0" m="32959" /><D18/><U55/><E55/><V102/><F74/><W31/><G116/><T97/><D97/><U12/><AGARI ba="0,0" hai="12,16,20,33,34,35,36,40,44,65,66" m="51306" machi="12" ten="40,8000,1" yaku="20,1,52,3,54,1" doraHai="28" who="1" fromWho="1" sc="250,-40,250,80,250,-20,250,-20" /><INIT seed="1,0,0,5,1,111" ten="210,330,230,230" oya="1" hai0="112,78,26,131,116,115,50,92,84,49,63,73,126" hai1="125,101,8,105,130,88,61,96,16,132,10,4,25" hai2="41,98,104,91,119,44,75,94,48,86,60,97,7" hai3="14,42,64,40,81,20,99,68,69,108,71,30,83"/><U23/><E130/><V122/><F119/><W124/><G108/><T121/><D116/><U110/><E110/><V113/><F122/><W24/><G124/><T52/><D73/><U56/><E125/><V120/><F120/><W39/><G64/><T18/><D126/><U45/><E132/><V12/><F75/><W123/><G123/><T67/><D121/><U74/><E74/><V5/><F104/><W134/><G134/><T32/><D50/><U54/><E4/><V95/><F113/><W21/><G99/><T87/><D131/><U29/><E45/><V11/><F60/><W13/><G39/><T107/><D84/><U93/><E29/><V133/><F133/><W114/><G114/><T27/><D27/><U103/><E105/><V3/><F3/><W33/><G33/><T28/><D18/><U9/><AGARI ba="0,0" hai="8,9,10,16,23,25,54,56,61,88,93,96,101,103" machi="9" ten="30,18000,2" yaku="0,1,25,2,8,1,54,2" doraHai="111" who="1" fromWho="1" sc="210,-60,330,180,230,-60,230,-60" /><INIT seed="1,1,0,2,5,92" ten="150,510,170,170" oya="1" hai0="98,50,89,15,13,58,17,9,107,111,18,3,31" hai1="22,60,71,10,77,86,1,74,30,124,52,125,90" hai2="59,87,95,94,41,39,105,54,65,134,78,42,48" hai3="119,123,5,12,8,99,76,88,84,130,100,53,55"/><U45/><E74/><V69/><F105/><W51/><G123/><T81/><D111/><U38/><E77/><V114/><F134/><W46/><G130/><T104/><D3/><U67/><E30/><V131/><F131/><W27/><G119/><T64/><D31/><U43/><E22/><V91/><F78/><W72/><G72/><T47/><D64/><U126/><E10/><V115/><F95/><N who="3" m="58495" /><G27/><T25/><D25/><U116/><E1/><V14/><F14/><W129/><G129/><T101/><D58/><U4/><E4/><V113/><REACH who="2" step="1"/><F39/><REACH who="2" ten="150,510,160,170" step="2"/><W122/><G122/><T97/><D81/><U135/><E135/><V16/><F16/><W34/><G76/><T83/><D83/><N who="1" m="49503" /><E116/><V121/><F121/><W11/><G11/><T49/><D9/><U40/><E38/><V61/><AGARI ba="1,1" hai="41,42,48,54,59,61,65,69,87,91,94,113,114,115" machi="61" ten="40,12000,2" yaku="1,1,0,1,11,1,53,3" doraHai="92" doraHaiUra="109" who="2" fromWho="2" sc="150,-31,510,-61,160,133,170,-31" /><INIT seed="2,0,0,2,3,36" ten="119,449,293,139" oya="2" hai0="110,9,81,75,103,104,58,41,23,83,134,97,62" hai1="15,79,42,109,124,17,4,18,59,99,31,116,28" hai2="3,112,25,65,33,57,78,48,130,127,14,46,29" hai3="7,34,10,117,129,56,35,19,128,11,30,2,86"/><V22/><F112/><W80/><G117/><T108/><D134/><U105/><E116/><V61/><F127/><W77/><G56/><T125/><D125/><U49/><E124/><V119/><F130/><N who="3" m="50283" /><G30/><T111/><D75/><U50/><E105/><V39/><F119/><W16/><G11/><T95/><D9/><N who="1" m="4519" /><E79/><V53/><F3/><W72/><G72/><T122/><D122/><U13/><E109/><V133/><F133/><W12/><G2/><T24/><D104/><U47/><E99/><V88/><F78/><W64/><G64/><T102/><D102/><U74/><E74/><V60/><F39/><W135/><G135/><T70/><D70/><U87/><E87/><V120/><F120/><W85/><G85/><T132/><D132/><U114/><E114/><V84/><F61/><W106/><G106/><T98/><D98/><U32/><E18/><AGARI ba="0,0" hai="7,10,12,16,18,19,34,35,77,80,86" m="50283" machi="18" ten="30,2000,0" yaku="19,1,54,1" doraHai="36" who="3" fromWho="1" sc="119,0,449,-20,293,0,139,20" /><INIT seed="3,0,0,3,4,90" ten="119,429,293,159" oya="3" hai0="130,124,5,119,18,70,96,103,102,97,64,15,2" hai1="74,23,35,62,0,118,21,20,105,82,84,126,122" hai2="14,56,107,13,12,67,109,123,40,11,7,3,129" hai3="60,26,72,48,39,101,52,99,93,68,135,128,36"/><W71/><G72/><T111/><D119/><U50/><E122/><V47/><F107/><W65/><G128/><T104/><D130/><U49/><E35/><V27/><F129/><W110/><G135/><T28/><D111/><U98/><E0/><V87/><F109/><W117/><G110/><T75/><D124/><U76/><E126/><V55/><F123/><W83/><G117/><T131/><D131/><U57/><E118/><V9/><F27/><W89/><G71/><T69/><D75/><U100/><REACH who="1" step="1"/><E74/><REACH who="1" ten="119,419,293,159" step="2"/><V134/><F134/><W88/><G26/><T78/><D2/><U25/><E25/><V32/><F32/><W127/><G127/><T22/><D15/><U116/><E116/><V81/><F12/><W91/><REACH who="3" step="1"/><G83/><REACH who="3" ten="119,419,293,149" step="2"/><T63/><D70/><U61/><E61/><V24/><F24/><W80/><G80/><T6/><D63/><U33/><E33/><V1/><F81/><W34/><G34/><T8/><D69/><U45/><E45/><AGARI ba="0,2" hai="36,39,45,48,52,60,65,68,88,89,91,93,99,101" machi="45" ten="40,12000,1" yaku="1,1,52,1,54,2,53,0" doraHai="90" doraHaiUra="31" who="3" fromWho="1" sc="119,0,419,-120,293,0,149,140" /><INIT seed="3,1,0,5,4,28" ten="119,299,293,289" oya="3" hai0="32,13,18,49,127,53,27,131,76,84,40,125,9" hai1="95,0,92,12,35,130,36,2,19,21,115,8,33" hai2="69,72,110,134,62,16,65,132,94,123,108,66,104" hai3="79,124,29,98,64,48,51,67,103,57,135,37,68"/><W93/><G37/><T99/><D131/><U17/><E36/><V20/><F104/><W34/><G124/><T31/><D40/><U15/><E130/><V60/><F72/><W61/><G135/><N who="2" m="51753" /><F94/><W77/><G67/><T81/><REACH who="0" step="1"/><D99/><REACH who="0" ten="109,299,293,289" step="2"/><U24/><E115/><V52/><F123/><W47/><G68/><T128/><D128/><U41/><E41/><V55/><F108/><W3/><G3/><N who="1" m="1066" /><E92/><V23/><F110/><W96/><G96/><T38/><D38/><U42/><E42/><V6/><F6/><W105/><G93/><T1/><D1/><U100/><E95/><V11/><F55/><W4/><G98/><T126/><D126/><U119/><E100/><V7/><F52/><W58/><G103/><T122/><D122/><U101/><E101/><V120/><F120/><W26/><G105/><T75/><D75/><U133/><E133/><V97/><F97/><W56/><G4/><T50/><D50/><U63/><E63/><V129/><F7/><W106/><G106/><T112/><D112/><U111/><E111/><V71/><F129/><W91/><G51/><T107/><D107/><U59/><E119/><V74/><F74/><W46/><G48/><T109/><D109/><U54/><E54/><V39/><F39/><W89/><G61/><T114/><D114/><U87/><E87/><V30/><F62/><W70/><G70/><T118/><D118/><U5/><E5/><V45/><F69/><W10/><G64/><T83/><D83/><U121/><E121/><V43/><F66/><W78/><G10/><T25/><D25/><U82/><E24/><RYUUKYOKU ba="1,1" sc="109,15,299,-15,293,-15,289,15" hai0="9,13,18,27,31,32,49,53,76,81,84,125,127" hai3="26,29,34,46,47,56,57,58,77,78,79,89,91" /><INIT seed="3,2,1,4,1,25" ten="124,284,278,304" oya="3" hai0="84,22,47,121,77,76,83,50,15,119,24,94,97" hai1="46,21,58,104,43,72,132,99,73,87,135,123,67" hai2="116,34,57,12,69,29,40,74,32,60,61,65,55" hai3="37,80,124,17,91,63,64,23,44,5,2,128,19"/><W66/><G128/><T53/><D119/><U92/><E123/><V105/><F116/><W45/><G124/><T100/><D121/><U16/><E104/><V115/><F115/><W108/><G108/><T30/><REACH who="0" step="1"/><D15/><REACH who="0" ten="114,284,278,304" step="2"/><U82/><E135/><V112/><F12/><W20/><G2/><T101/><D101/><U33/><E132/><V85/><F112/><W129/><G129/><T62/><D62/><U103/><E103/><V81/><F61/><W39/><G63/><T93/><D93/><U14/><E92/><V13/><F13/><W9/><G80/><T95/><D95/><U75/><E14/><V11/><F81/><W56/><G9/><T127/><D127/><U26/><E82/><V130/><F11/><W106/><G106/><T18/><D18/><U6/><E16/><V96/><F105/><W120/><G120/><T117/><D117/><U107/><E107/><V113/><F113/><W114/><G114/><T118/><D118/><U102/><E102/><V4/><F130/><W89/><REACH who="3" step="1"/><G56/><REACH who="3" ten="114,284,278,294" step="2"/><T79/><AGARI ba="2,3" hai="22,24,30,47,50,53,76,77,79,83,84,94,97,100" machi="79" ten="20,8000,1" yaku="1,1,0,1,7,1,8,1,52,1,53,0" doraHai="25" doraHaiUra="3" who="0" fromWho="0" sc="114,116,284,-22,278,-22,294,-42" /><INIT seed="4,0,0,1,1,14" ten="230,262,256,252" oya="0" hai0="95,77,93,3,71,100,12,37,84,122,99,90,92" hai1="66,54,129,49,131,102,57,115,123,98,79,30,4" hai2="11,83,65,96,121,29,41,78,124,111,116,55,8" hai3="106,45,133,34,2,46,6,68,56,104,74,22,86"/><T31/><D3/><U81/><E123/><V135/><F121/><W82/><G34/><T53/><D122/><U52/><E115/><V69/><F111/><W1/><G68/><T109/><D37/><U119/><E119/><V32/><F41/><W126/><G74/><T26/><D109/><U5/><E30/><V47/><F55/><W89/><G126/><T127/><D127/><U60/><E54/><V36/><F11/><W58/><G133/><T105/><D53/><U61/><E61/><V17/><F17/><W44/><G22/><T16/><D71/><U27/><E27/><N who="2" m="18495" /><F8/><W18/><G18/><T62/><D77/><U9/><E98/><V35/><F96/><W94/><G6/><T64/><D64/><U128/><E102/><V110/><F110/><W59/><REACH who="3" step="1"/><G94/><REACH who="3" ten="230,262,256,242" step="2"/><T70/><D70/><N who="1" m="42311" /><E9/><V120/><F120/><W114/><G114/><T40/><D62/><U112/><E112/><V97/><F124/><W10/><G10/><T101/><D101/><U50/><E5/><V28/><F35/><W118/><G118/><T75/><D75/><N who="1" m="43263" /><E4/><V85/><F69/><W15/><G15/><T39/><D12/><U67/><E129/><V91/><F116/><W38/><G38/><T33/><D16/><U24/><E128/><V76/><F36/><W132/><G132/><T88/><D39/><U107/><E131/><V63/><F135/><W80/><G80/><T19/><D19/><U72/><E72/><V23/><F83/><W130/><G130/><T117/><D117/><U134/><E134/><V125/><F125/><W113/><G113/><T73/><D73/><RYUUKYOKU ba="0,1" sc="230,-10,262,-10,256,-10,242,30" hai3="1,2,44,45,46,56,58,59,82,86,89,104,106" /><INIT seed="5,1,1,3,3,135" ten="220,252,246,272" oya="1" hai0="91,71,29,124,130,33,50,69,106,47,10,93,97" hai1="72,60,7,16,94,59,66,0,82,17,18,19,133" hai2="62,122,6,64,132,78,15,26,22,134,114,30,111" hai3="77,40,51,85,107,87,103,102,109,84,3,4,89"/><U43/><E133/><N who="2" m="51307" /><F122/><W34/><G34/><T73/><D73/><U45/><E94/><V123/><F78/><W92/><G109/><T5/><D130/><U90/><E0/><V53/><F53/><W104/><G3/><T56/><D56/><U52/><E7/><V81/><F81/><N who="3" m="47151" /><G51/><T9/><D9/><U121/><E121/><V14/><F123/><W96/><G40/><T118/><D118/><U48/><E19/><V12/><F111/><W83/><G4/><T41/><D106/><N who="3" m="40489" /><G87/><T35/><D35/><U42/><E72/><V76/><F6/><W80/><G80/><T98/><D33/><U28/><E28/><V74/><F62/><W58/><G58/><T127/><D29/><U101/><E43/><V55/><F64/><W61/><G61/><T44/><D44/><U126/><E42/><V37/><F55/><W125/><G125/><N who="0" m="48203" /><D71/><U46/><E126/><V31/><F31/><W75/><G75/><T120/><D120/><U128/><E46/><V115/><F74/><W131/><G131/><T2/><D69/><U13/><E128/><V86/><F37/><W110/><G110/><T39/><D39/><U108/><E108/><V1/><F30/><W27/><G27/><T116/><D116/><U8/><E82/><V88/><F26/><W79/><AGARI ba="1,1" hai="79,83,85,89,92,96,102,103" m="40489,47151" machi="79" ten="30,8000,1" yaku="35,5" doraHai="135" who="3" fromWho="3" sc="220,-21,252,-41,246,-21,272,93" /><INIT seed="6,0,0,2,5,119" ten="199,211,225,365" oya="2" hai0="128,98,49,39,92,111,37,58,0,66,79,3,55" hai1="97,48,72,90,94,80,5,47,117,124,12,126,129" hai2="63,28,44,4,16,36,71,81,61,54,134,74,1" hai3="14,20,99,76,116,108,52,34,60,11,13,46,69"/><V120/><F28/><W73/><G34/><T31/><D111/><U101/><E117/><V17/><F134/><W100/><G108/><T18/><D128/><U32/><E32/><V121/><F63/><W64/><G116/><T50/><D79/><N who="1" m="44135" /><E12/><V53/><F71/><W70/><G70/><T83/><D83/><U29/><E5/><V25/><F54/><W15/><G20/><T33/><D66/><U89/><E29/><V132/><F53/><W109/><G109/><T65/><D65/><U91/><E47/><V95/><F61/><W45/><G76/><T59/><D59/><U75/><E48/><V93/><F93/><W127/><G73/><T19/><D49/><U62/><E62/><V86/><F95/><W7/><G52/><T105/><D37/><U133/><E129/><V130/><F86/><W2/><G46/><T115/><D39/><U23/><E23/><N who="2" m="13543" /><F132/><W107/><G45/><T84/><D31/><U106/><E133/><V40/><F17/><W57/><G69/><T77/><D105/><U68/><E68/><V125/><F130/><W21/><G60/><T104/><D104/><U9/><E75/><V24/><F24/><W135/><G64/><T67/><D67/><U123/><E106/><V82/><F74/><W85/><G135/><T41/><D19/><U51/><E51/><V8/><F4/><W88/><G57/><T114/><D18/><U27/><E27/><V113/><F1/><N who="0" m="586" /><D41/><U38/><E38/><V96/><F40/><W22/><G15/><T43/><D43/><U131/><E131/><V87/><F36/><W30/><G107/><RYUUKYOKU ba="0,0" sc="199,0,211,0,225,0,365,0" /><INIT seed="7,1,0,0,4,100" ten="199,211,225,365" oya="3" hai0="132,104,43,102,44,118,103,71,57,125,124,52,40" hai1="7,13,35,47,38,56,106,19,32,72,28,78,83" hai2="1,126,24,86,129,55,10,66,91,112,135,5,16" hai3="113,37,90,46,109,54,92,9,117,42,63,70,128"/><W26/><G117/><T60/><D132/><U84/><E106/><V50/><F112/><W12/><G26/><T59/><D118/><U33/><E7/><V34/><F135/><W110/><G128/><T120/><D120/><U131/><E131/><V21/><F129/><W68/><G113/><T122/><D122/><U79/><E56/><V45/><F66/><W14/><G14/><T80/><D71/><U108/><E108/><V81/><REACH who="2" step="1"/><F34/><REACH who="2" ten="199,211,215,365" step="2"/><W96/><G109/><T94/><D124/><AGARI ba="1,1" hai="1,5,10,16,21,24,45,50,55,81,86,91,124,126" machi="124" ten="40,5200,0" yaku="1,1,2,1,54,1,53,0" doraHai="100" doraHaiUra="67" who="2" fromWho="0" sc="199,-55,211,0,215,65,365,0" owari="144,-36.0,211,-19.0,280,8.0,365,47.0" /></mjloggm>