<mjloggm ver="2.3"><GO type="169" lobby="0"/><UN n0="%E3%83%88%E3%83%88%E3%83%AA%E5%85%88%E7%94%9F%31%39%E6%AD%B3" n1="%E9%BB%84%E9%BE%8D%E5%85%84%E8%B2%B4" n2="%74%6F%6D%75%74%6F%6D%69" n3="%E3%81%A1%E3%82%85%E3%82%89" dan="19,16,17,16" rate="2310.94,2175.68,2147.56,2089.61" sx="F,M,M,M"/><TAIKYOKU oya="0"/><INIT seed="0,0,0,2,1,134" ten="250,250,250,250" oya="0" hai0="91,21,128,30,10,87,42,9,74,4,16,127,25" hai1="77,120,40,118,32,124,80,116,92,1,51,28,8" hai2="46,95,93,54,5,82,3,59,114,26,96,103,102" hai3="62,70,22,27,0,55,11,90,111,73,76,45,60"/><T52/><D127/><U53/><E40/><V35/><F114/><W123/><G111/><T84/><D74/><U113/><E92/><V20/><F35/><W64/><G90/><T81/><D128/><U13/><E1/><V101/><F82/><W38/><G55/><T29/><D42/><U23/><E32/><V126/><F126/><W36/><G60/><T58/><D84/><U125/><E113/><V105/><F46/><W106/><G106/><T130/><D130/><U33/><E33/><V78/><F78/><W56/><G56/><T50/><REACH who="0" step="1"/><D10/><REACH who="0" ten="240,250,250,250" step="2"/><U47/><E120/><V39/><F105/><W119/><G11/><T133/><D133/><U63/><E116/><V71/><F39/><W48/><G73/><T17/><D17/><U83/><E118/><V43/><F43/><W57/><G38/><T66/><D66/><U135/><E135/><V14/><F5/><W68/><G36/><T85/><D85/><U122/><E122/><V72/><F72/><W129/><G129/><T132/><D132/><U94/><E124/><V131/><F131/><W65/><G123/><T117/><D117/><U88/><E125/><V121/><F121/><W37/><G65/><T6/><D6/><U31/><E8/><V99/><F3/><AGARI ba="0,1" hai="3,4,9,16,21,25,29,30,50,52,58,81,87,91" machi="3" ten="30,12000,1" yaku="1,1,7,1,54,2,53,1" doraHai="134" doraHaiUra="18" who="0" fromWho="2" sc="240,130,250,0,250,-120,250,0" /><INIT seed="0,1,0,5,0,40" ten="370,250,130,250" oya="0" hai0="107,4,2,18,129,36,132,116,3,31,91,39,122" hai1="27,109,74,99,16,81,46,128,130,123,131,24,45" hai2="37,35,106,22,70,86,90,55,52,92,17,47,43" hai3="61,102,28,6,101,59,97,29,54,72,9,15,117"/><T5/><D31/><N who="3" m="11849" /><G72/><T7/><D18/><U118/><E118/><V121/><F121/><W26/><G117/><T98/><D116/><U57/><E123/><V30/><F70/><W8/><G26/><T133/><D122/><U53/><E109/><V105/><F30/><W84/><G97/><T125/><D129/><U56/><E99/><V83/><F35/><W1/><G1/><N who="0" m="11" /><D91/><U60/><E57/><V78/><F106/><W23/><G84/><T42/><D42/><U95/><E95/><V79/><F79/><W135/><G135/><N who="0" m="51787" /><D125/><U75/><E27/><V51/><F37/><N who="0" m="14410" /><D98/><U41/><E41/><V111/><F111/><W67/><G6/><T88/><D88/><U100/><E100/><V50/><F105/><AGARI ba="1,0" hai="4,5,7,105,107" m="14410,51787,11" machi="105" ten="40,7700,0" yaku="28,2,20,1" doraHai="40" who="0" fromWho="2" sc="370,80,250,0,130,-80,250,0" /><INIT seed="0,2,0,3,3,20" ten="450,250,50,250" oya="0" hai0="87,129,120,55,82,6,127,98,73,135,7,118,37" hai1="50,35,125,29,57,91,122,99,16,64,76,40,8" hai2="81,48,56,95,72,32,60,19,111,103,85,130,12" hai3="39,53,104,132,15,92,112,54,108,89,88,115,44"/><T77/><D118/><U105/><E76/><V1/><F111/><W93/><G104/><T46/><D120/><U31/><E35/><V2/><F130/><W68/><G68/><T11/><D129/><U61/><E105/><V13/><F72/><W43/><G132/><T113/><D113/><U23/><E8/><V21/><F32/><W25/><G15/><T33/><D33/><U84/><E99/><V36/><F36/><W17/><G108/><T24/><D135/><U101/><E101/><V34/><F34/><W10/><G10/><T96/><D127/><U9/><E9/><V134/><F48/><W42/><G17/><T59/><D24/><N who="1" m="14439" /><E125/><V45/><F45/><W0/><G44/><T116/><D87/><U26/><E26/><N who="2" m="14655" /><F1/><W27/><REACH who="3" step="1"/><G39/><REACH who="3" ten="450,250,50,240" step="2"/><T79/><D7/><U102/><E122/><V5/><F2/><AGARI ba="2,1" hai="0,2,25,27,42,43,53,54,88,89,92,93,112,115" machi="2" ten="25,12000,2" yaku="1,1,2,1,22,2,52,2,54,1,53,0" doraHai="20" doraHaiUra="107" who="3" fromWho="2" sc="450,0,250,0,50,-126,240,136" owari="450,55.0,250,-15.0,-76,-58.0,376,18.0" /></mjloggm>