<mjloggm ver="2.3"><GO type="169" lobby="0"/><UN n0="%E3%83%88%E3%83%88%E3%83%AA%E5%85%88%E7%94%9F%31%39%E6%AD%B3" n1="%E3%82%B7%E3%83%B3%E3%83%97%E3%83%AB%E3%81%AA%E3%83%AF%E3%82%AD%E3%82%AC" n2="%E3%82%A2%E3%83%8B%E3%82%AA%E3%83%B3" n3="%E3%81%B2%E3%81%90%E3%81%A1" dan="19,18,16,16" rate="2263.70,2251.82,2041.41,2115.98" sx="F,M,M,M"/><TAIKYOKU oya="0"/><INIT seed="0,0,0,1,3,96" ten="250,250,250,250" oya="0" hai0="127,18,85,20,61,42,129,132,126,50,41,55,9" hai1="80,114,113,35,68,56,117,89,97,39,90,123,130" hai2="44,82,66,46,119,53,27,36,54,60,93,135,104" hai3="70,83,51,103,87,63,98,13,124,110,71,59,108"/><T62/><D9/><U105/><E68/><V22/><F104/><W7/><G51/><T116/><D116/><U29/><E39/><V6/><F119/><W21/><G7/><T75/><D75/><U86/><E117/><V88/><F6/><W33/><G33/><T24/><D129/><U77/><E123/><V5/><F5/><W8/><G21/><T10/><D132/><U32/><E130/><V43/><F82/><W74/><G74/><T101/><D10/><U78/><E56/><V81/><F81/><W3/><G3/><T64/><D85/><U118/><E118/><V95/><F46/><W57/><G13/><T1/><D1/><U67/><E67/><V134/><F95/><N who="3" m="58847" /><G8/><T25/><D25/><N who="1" m="18479" /><E35/><V69/><F134/><W107/><G107/><T121/><D121/><U100/><E77/><V17/><REACH who="2" step="1"/><F135/><REACH who="2" ten="250,250,240,250" step="2"/><W28/><G83/><T122/><D122/><U40/><E40/><V23/><F23/><W91/><G108/><T45/><D41/><U65/><E78/><V120/><F120/><W99/><G110/><T131/><D131/><U52/><E80/><V111/><F111/><W15/><G124/><T73/><D73/><U2/><E105/><V92/><F92/><W4/><G4/><T30/><D42/><U0/><E0/><V12/><F12/><W38/><G15/><N who="0" m="9311" /><D127/><U58/><E2/><V16/><F16/><W76/><G76/><T125/><D125/><U106/><E106/><V109/><F109/><W19/><G19/><T112/><D126/><U26/><E113/><V37/><F37/><W14/><G38/><T31/><D112/><RYUUKYOKU ba="0,1" sc="250,-10,250,-10,240,30,250,-10" hai2="17,22,27,36,43,44,53,54,60,66,69,88,93" /><INIT seed="1,1,1,1,0,27" ten="240,240,270,240" oya="1" hai0="103,38,86,5,98,77,18,59,119,117,105,107,56" hai1="19,9,135,92,82,84,54,111,118,23,52,123,31" hai2="62,95,109,67,64,79,113,45,35,43,104,96,49" hai3="37,24,101,70,102,97,26,36,131,85,130,129,126"/><U12/><E118/><V17/><F109/><W21/><G70/><T128/><D38/><N who="3" m="14953" /><G126/><T4/><D128/><U133/><E123/><V76/><F104/><W122/><G122/><T83/><D107/><U6/><E92/><V134/><F134/><N who="1" m="51209" /><E111/><V68/><F113/><W65/><G65/><T63/><D59/><U121/><E121/><V80/><F35/><W78/><G97/><T114/><D114/><U112/><E112/><V51/><F64/><W94/><G94/><T53/><REACH who="0" step="1"/><D18/><REACH who="0" ten="230,240,270,240" step="2"/><U87/><E31/><V46/><F17/><W34/><G130/><T115/><D115/><U116/><E116/><AGARI ba="1,2" hai="4,5,53,56,63,77,83,86,98,103,105,116,117,119" machi="116" ten="40,1300,0" yaku="1,1,53,0" doraHai="27" doraHaiUra="120" who="0" fromWho="1" sc="230,36,240,-16,270,0,240,0" /><INIT seed="2,0,0,3,4,108" ten="266,224,270,240" oya="2" hai0="15,116,63,83,133,93,65,112,76,11,27,0,17" hai1="5,74,111,119,39,114,47,42,18,13,34,60,124" hai2="32,4,115,14,46,130,7,69,56,33,22,41,58" hai3="122,40,107,73,129,6,23,25,106,1,110,87,79"/><V52/><F69/><W72/><G122/><T9/><D133/><U101/><E119/><V75/><F75/><W61/><G110/><T10/><D116/><U84/><E111/><V64/><F130/><W51/><G129/><T12/><D0/><U82/><E124/><V50/><F115/><W28/><G73/><T49/><D112/><U95/><E34/><V121/><F121/><W26/><G72/><T2/><D2/><U128/><E128/><V55/><F64/><W135/><G135/><T80/><D76/><U20/><E114/><V100/><F100/><W70/><G6/><N who="2" m="2089" /><F32/><W105/><G1/><T81/><D49/><U45/><E74/><V127/><F33/><W48/><G40/><T85/><D27/><U125/><E125/><V120/><F120/><W67/><REACH who="3" step="1"/><G26/><REACH who="3" ten="266,224,270,230" step="2"/><T96/><D12/><U117/><E117/><V31/><F127/><W88/><G88/><T89/><REACH who="0" step="1"/><D85/><REACH who="0" ten="256,224,270,230" step="2"/><U123/><E123/><V98/><F14/><W59/><G59/><AGARI ba="0,2" hai="9,10,11,15,17,59,63,65,80,81,83,89,93,96" machi="59" ten="40,5200,0" yaku="1,1,2,1,8,1,53,0" doraHai="108" doraHaiUra="43" who="0" fromWho="3" sc="256,72,224,0,270,0,230,-52" /><INIT seed="3,0,0,3,0,4" ten="328,224,270,178" oya="3" hai0="25,65,38,59,84,18,3,34,8,94,49,28,103" hai1="32,6,35,61,58,110,113,46,37,114,68,57,53" hai2="134,36,131,73,112,76,99,107,69,93,120,122,118" hai3="17,117,75,108,21,44,22,86,56,89,81,10,104"/><W121/><G117/><T14/><D38/><U101/><E110/><V43/><RYUUKYOKU type="yao9" ba="0,0" sc="328,0,224,0,270,0,178,0" hai2="36,43,69,73,76,93,99,107,112,118,120,122,131,134" /><INIT seed="3,1,0,4,1,78" ten="328,224,270,178" oya="3" hai0="76,29,102,98,116,27,111,117,59,83,73,67,22" hai1="72,135,6,123,128,125,47,15,43,26,3,14,75" hai2="20,127,110,13,77,8,95,18,129,80,101,79,122" hai3="9,17,121,61,124,33,0,87,131,21,34,88,81"/><W66/><G121/><T100/><D111/><U42/><E123/><V46/><F122/><W106/><G106/><T45/><D100/><U58/><E3/><V39/><F110/><W12/><G124/><T37/><D37/><U134/><E125/><V54/><F127/><W24/><G0/><T91/><D91/><U119/><E128/><V103/><F129/><W84/><G84/><T113/><D113/><U89/><E119/><V60/><F39/><W52/><G131/><T28/><D45/><U30/><E58/><N who="2" m="34903" /><F46/><W55/><G34/><T105/><D28/><U44/><E89/><V57/><F57/><N who="3" m="37167" /><G33/><T71/><D71/><U7/><E30/><AGARI ba="1,0" hai="9,12,17,21,24,30,52,55,81,87,88" m="37167" machi="30" ten="30,11600,0" yaku="8,1,52,1,54,2" doraHai="78" who="3" fromWho="1" sc="328,0,224,-119,270,0,178,119" /><INIT seed="3,2,0,4,2,120" ten="328,105,270,297" oya="3" hai0="61,34,51,49,28,76,1,128,80,81,132,13,71" hai1="105,95,59,104,41,44,29,66,15,103,52,64,130" hai2="109,40,72,48,24,38,121,122,20,35,74,47,32" hai3="83,84,25,117,73,2,135,98,21,53,12,27,124"/><W36/><G117/><T16/><D1/><U30/><E130/><V75/><F48/><W63/><G2/><T17/><D128/><U39/><E95/><V119/><F119/><W78/><G124/><T65/><D132/><U5/><E66/><V54/><F54/><W33/><G135/><T127/><D127/><U102/><E64/><V86/><F86/><W118/><G118/><T60/><D80/><U8/><E103/><V90/><F90/><W69/><G36/><T7/><D7/><U111/><E111/><V110/><F20/><W115/><G115/><T89/><D89/><U113/><E113/><V45/><F45/><W62/><G69/><T134/><D61/><U101/><E102/><V108/><REACH who="2" step="1"/><F24/><REACH who="2" ten="328,105,260,297" step="2"/><W85/><G85/><T14/><D51/><U126/><E126/><V9/><F9/><W112/><G84/><T57/><D49/><U10/><E8/><V82/><F82/><W93/><G83/><T56/><D81/><U31/><REACH who="1" step="1"/><E101/><REACH who="1" ten="328,95,260,297" step="2"/><V0/><F0/><W131/><G112/><T125/><D125/><U55/><E55/><V77/><F77/><W92/><G53/><T88/><D76/><U22/><E22/><V37/><F37/><W97/><G21/><T107/><D134/><U3/><E3/><V46/><F46/><W18/><G78/><T11/><D88/><U116/><E116/><V68/><F68/><W91/><G91/><T43/><D71/><U87/><E87/><V50/><F50/><AGARI ba="2,2" hai="5,10,15,29,30,31,39,41,44,50,52,59,104,105" machi="50" ten="40,2600,0" yaku="1,1,54,1,53,0" doraHai="120" doraHaiUra="79" who="1" fromWho="2" sc="328,0,95,52,260,-32,297,0" /><INIT seed="4,0,0,0,0,85" ten="328,147,228,297" oya="0" hai0="87,84,0,120,109,48,127,65,39,96,13,24,60" hai1="105,27,117,30,66,78,81,88,22,42,75,45,100" hai2="69,73,35,7,70,8,99,104,71,125,128,122,32" hai3="80,2,86,53,11,72,64,47,95,101,111,92,74"/><T43/><D120/><U12/><E117/><V46/><F122/><W113/><G111/><T6/><D0/><U23/><E66/><V79/><F125/><W34/><G34/><T56/><D39/><U28/><E100/><N who="2" m="62495" /><F46/><W135/><G113/><T50/><D127/><U133/><E105/><V21/><F21/><W119/><G119/><T93/><D109/><U3/><E133/><V102/><F102/><W41/><G64/><T89/><D24/><U83/><E3/><N who="2" m="127" /><F128/><W9/><G135/><T98/><D87/><U15/><E28/><V94/><F94/><W52/><G11/><N who="0" m="4343" /><D43/><U37/><REACH who="1" step="1"/><E23/><REACH who="1" ten="328,137,228,297" step="2"/><V90/><F32/><W110/><G101/><N who="0" m="60559" /><D98/><U59/><E59/><V19/><F35/><W16/><G2/><T118/><D118/><U126/><E126/><V20/><F69/><W107/><G107/><T54/><D65/><U114/><E114/><V10/><F70/><W25/><G110/><T18/><D18/><U108/><E108/><V4/><F19/><W134/><G134/><T129/><D129/><U91/><E91/><V63/><F90/><W55/><G16/><T132/><D132/><U26/><E26/><V36/><F71/><W112/><G25/><T121/><D121/><U123/><E123/><V115/><F115/><W14/><G112/><T106/><D106/><U49/><E49/><V77/><F36/><W38/><G38/><T116/><D116/><U82/><E82/><AGARI ba="0,1" hai="48,50,54,56,60,82,84,89" m="60559,4343" machi="82" ten="30,2900,0" yaku="8,1,52,1" doraHai="85" who="0" fromWho="1" sc="328,39,137,-29,228,0,297,0" /><INIT seed="4,1,0,4,3,120" ten="367,108,228,297" oya="0" hai0="105,61,38,50,21,72,104,132,67,125,49,6,86" hai1="54,93,112,113,23,119,7,131,88,36,70,14,16" hai2="42,44,96,51,0,103,92,71,47,124,107,12,11" hai3="26,111,73,128,40,77,10,8,87,91,79,43,29"/><T90/><D38/><U126/><E119/><V45/><F71/><W69/><G69/><T117/><D117/><U27/><E126/><V13/><F124/><W80/><G128/><T135/><D72/><U108/><E108/><V130/><F130/><W116/><G116/><T56/><D125/><U62/><E131/><V60/><F60/><W89/><G111/><T114/><D6/><U39/><E7/><V48/><F107/><W82/><G26/><T110/><D110/><U102/><E102/><V76/><F76/><W19/><G29/><T32/><D32/><U122/><E122/><V121/><F121/><W123/><G123/><T5/><D114/><N who="1" m="44139" /><E14/><V57/><F0/><W133/><G19/><T63/><D5/><U9/><E9/><V85/><F85/><W98/><G98/><T99/><D99/><N who="1" m="57767" /><E54/><N who="2" m="31943" /><F12/><W129/><G129/><T52/><D105/><U75/><E75/><V22/><F22/><W134/><G73/><T55/><D21/><U20/><E23/><V64/><F64/><AGARI ba="1,0" hai="16,20,27,36,39,62,64,70" m="57767,44139" machi="64" ten="30,7700,0" yaku="15,1,11,1,54,2" doraHai="120" who="1" fromWho="2" sc="367,0,108,80,228,-80,297,0" /><INIT seed="5,0,0,4,5,60" ten="367,188,148,297" oya="1" hai0="41,74,62,59,52,72,1,17,8,70,126,34,10" hai1="98,116,45,125,51,21,27,54,91,129,135,100,82" hai2="130,121,40,107,55,38,43,9,101,68,36,15,99" hai3="2,112,12,109,24,64,30,81,93,32,65,3,73"/><U63/><E116/><V20/><F121/><W37/><G109/><T71/><D34/><U89/><E135/><V86/><F130/><W28/><G112/><T7/><D126/><U31/><E125/><V80/><F68/><W18/><G37/><T102/><D41/><U122/><E129/><V22/><F55/><W6/><G28/><T4/><D17/><U90/><E122/><V88/><F40/><W33/><G33/><T66/><D102/><U39/><E39/><V113/><F113/><W97/><G73/><T14/><REACH who="0" step="1"/><D71/><REACH who="0" ten="357,188,148,297" step="2"/><U132/><E132/><V105/><F38/><W79/><G18/><T118/><D118/><U134/><E134/><V94/><F43/><W50/><G32/><T61/><AGARI ba="0,1" hai="1,4,7,8,10,14,52,59,61,62,66,70,72,74" machi="61" ten="20,8000,1" yaku="1,1,0,1,7,1,52,1,54,1,53,0" doraHai="60" doraHaiUra="128" who="0" fromWho="0" sc="357,90,188,-40,148,-20,297,-20" /><INIT seed="6,0,0,4,5,39" ten="447,148,128,277" oya="2" hai0="46,131,12,111,10,83,26,27,122,102,87,17,68" hai1="107,133,67,65,31,2,13,127,51,90,36,8,97" hai2="132,3,99,30,118,20,110,92,100,128,19,32,115" hai3="126,29,89,35,91,98,135,50,120,69,11,119,85"/><V101/><F118/><W43/><G120/><T9/><D111/><U94/><E36/><V96/><F3/><W66/><G119/><T62/><D122/><U84/><E2/><V6/><F110/><W38/><G38/><T86/><D131/><U63/><E133/><V76/><F132/><W21/><G135/><T75/><D75/><U124/><E31/><V108/><F108/><W109/><G35/><T59/><D68/><U93/><E51/><V72/><F128/><W0/><G126/><N who="1" m="48170" /><E107/><V95/><F6/><W73/><G73/><T7/><D102/><N who="1" m="60719" /><E63/><V40/><F40/><W78/><G43/><T24/><D46/><U123/><E123/><V134/><F134/><W116/><G50/><T57/><D57/><U47/><E47/><V56/><F56/><W106/><G29/><T130/><D130/><U70/><E70/><V103/><F115/><W129/><G106/><T49/><D49/><U48/><E48/><V77/><F72/><W28/><G28/><T79/><D87/><U16/><AGARI ba="0,0" hai="8,13,16,65,67,84,90,94" m="60719,48170" machi="16" ten="30,2000,0" yaku="18,1,54,1" doraHai="39" who="1" fromWho="1" sc="447,-5,148,20,128,-10,277,-5" /><INIT seed="7,0,0,4,2,117" ten="442,168,118,272" oya="3" hai0="14,4,74,10,33,68,86,96,73,106,47,124,128" hai1="113,125,126,39,92,55,69,83,114,43,50,27,101" hai2="95,56,57,112,38,12,134,36,119,130,67,30,80" hai3="81,25,132,20,127,24,66,42,94,102,87,45,19"/><W29/><G127/><N who="1" m="48650" /><E69/><V59/><F119/><W61/><G132/><T0/><D68/><U91/><E39/><V123/><F134/><W76/><G102/><T35/><D124/><U16/><E43/><V129/><F112/><W82/><G94/><T26/><D86/><N who="1" m="50655" /><E92/><V52/><F80/><W93/><G93/><T44/><D14/><U135/><E101/><V85/><F30/><W1/><G1/><T40/><D47/><N who="1" m="28127" /><E135/><V34/><F34/><W17/><G82/><T131/><D10/><U98/><E98/><V110/><F110/><W60/><G66/><T90/><D4/><U13/><E27/><V15/><F67/><W88/><G76/><T121/><D33/><U84/><E84/><V64/><F64/><W122/><G19/><T5/><D5/><U79/><E79/><V78/><F123/><W46/><G122/><T111/><D121/><U62/><E62/><V23/><F52/><W104/><G104/><T53/><D53/><U6/><E6/><V99/><F23/><AGARI ba="0,0" hai="13,16,23,113,114" m="28127,50655,48650" machi="23" ten="30,2000,0" yaku="18,1,54,1" doraHai="117" who="1" fromWho="2" sc="442,0,168,20,118,-20,272,0" owari="442,54.0,188,-21.0,98,-40.0,272,7.0" /></mjloggm>