<mjloggm ver="2.3"><GO type="169" lobby="0"/><UN n0="%E3%83%97%E3%83%A9%E3%83%81%E3%83%8A%E3%83%A0" n1="%E5%A4%A7%E5%92%8C%E7%94%B0%E5%B0%82%E5%8B%99" n2="%E3%82%A6%E3%83%AB%E3%83%88%E3%83%A9%E7%AB%8B%E7%9B%B4" n3="%E7%BD%B5%E3%81%A3%E3%81%A6%EF%BC%81%E3%82%82%E3%81%A3%E3%81%A8%EF%BC%81" dan="16,18,18,16" rate="2123.77,2197.66,2244.42,2148.17" sx="M,M,M,F"/><TAIKYOKU oya="0"/><INIT seed="0,0,0,0,0,1" ten="250,250,250,250" oya="0" hai0="98,47,18,51,101,17,6,89,100,110,33,52,88" hai1="53,108,28,78,65,49,43,61,76,70,118,54,130" hai2="92,82,104,58,90,95,133,38,9,7,2,55,34" hai3="64,35,106,131,41,94,119,83,102,48,36,129,27"/><T56/><D33/><U103/><E118/><V74/><F133/><W73/><G119/><T22/><D110/><U29/><E108/><V39/><F104/><W77/><G94/><T81/><D81/><U46/><E103/><N who="0" m="39497" /><D98/><U62/><E130/><V67/><F67/><W126/><G126/><T114/><D114/><U13/><E13/><V16/><F34/><W14/><G64/><T117/><D117/><U109/><E109/><V3/><F3/><W20/><G36/><T66/><D6/><U97/><E97/><V122/><F95/><W26/><G35/><T134/><D134/><U37/><E61/><V135/><F135/><W87/><G73/><T19/><D22/><U123/><E123/><V59/><F82/><W57/><G102/><T115/><D115/><U91/><E91/><N who="0" m="34889" /><D66/><U75/><E75/><V113/><F74/><W116/><G106/><T23/><D23/><U105/><E105/><V12/><F113/><W15/><G116/><T10/><D10/><U120/><E120/><V93/><F93/><W40/><G20/><T30/><D30/><U127/><E28/><V71/><F122/><W99/><G99/><T4/><D4/><U72/><E29/><V42/><F7/><W45/><G131/><T32/><D32/><U44/><E72/><V31/><F31/><W96/><G96/><T132/><D132/><U63/><E127/><V112/><F112/><W24/><G129/><T121/><D121/><U85/><E85/><V8/><F92/><W60/><G41/><T84/><D84/><U111/><E111/><V128/><F128/><W0/><G0/><RYUUKYOKU ba="0,0" sc="250,10,250,10,250,-30,250,10" hai0="17,18,19,47,51,52,56" hai1="37,43,44,46,49,53,54,62,63,65,70,76,78" hai3="14,15,24,26,27,40,45,48,57,60,77,83,87" /><INIT seed="0,1,0,2,3,27" ten="260,260,220,260" oya="0" hai0="71,45,105,75,58,37,63,39,128,68,70,131,90" hai1="84,52,94,86,67,0,120,8,108,4,42,125,16" hai2="2,9,87,93,44,114,51,109,20,25,119,24,102" hai3="88,36,59,129,115,78,3,112,101,100,26,23,17"/><T13/><D75/><U46/><E108/><V15/><F2/><W99/><G36/><N who="0" m="13899" /><D105/><U47/><E125/><V43/><F114/><W110/><G110/><T104/><D104/><U121/><E67/><V41/><F109/><W35/><G129/><N who="0" m="49739" /><D90/><U83/><E94/><V19/><F119/><W53/><G3/><T33/><D13/><U7/><E7/><V81/><F43/><W30/><G78/><T122/><D33/><U134/><E134/><V106/><F106/><W32/><G32/><T31/><D31/><U73/><E73/><V54/><F41/><W57/><G115/><T82/><D82/><U77/><E86/><V55/><F55/><W133/><G133/><T124/><D124/><U28/><E28/><V130/><F130/><W107/><G112/><T22/><D22/><U40/><E40/><V5/><F93/><W1/><G101/><T48/><D122/><U80/><E80/><V135/><F102/><W10/><G88/><T127/><D127/><U49/><REACH who="1" step="1"/><E16/><REACH who="1" ten="260,250,220,260" step="2"/><V69/><F135/><W74/><G74/><T62/><D58/><U72/><E72/><V111/><F111/><W66/><G59/><T11/><D11/><U113/><E113/><V76/><F69/><W12/><G10/><T34/><D34/><U56/><E56/><V64/><F25/><W95/><G107/><T38/><D38/><AGARI ba="1,1" hai="0,4,8,38,42,46,47,49,52,77,83,84,120,121" machi="38" ten="30,3900,0" yaku="1,1,7,1,54,1,53,0" doraHai="27" doraHaiUra="98" who="1" fromWho="0" sc="260,-42,250,52,220,0,260,0" /><INIT seed="1,0,0,3,5,0" ten="218,302,220,260" oya="1" hai0="79,66,1,35,59,108,14,110,29,113,49,71,84" hai1="52,75,106,17,97,107,24,114,90,87,99,23,60" hai2="76,61,85,128,50,47,126,123,111,9,58,19,31" hai3="115,45,131,41,36,2,5,65,6,112,4,100,120"/><U33/><E114/><V8/><F123/><W74/><G120/><T118/><D118/><U64/><E75/><V43/><F111/><N who="0" m="42538" /><D1/><U34/><E99/><V18/><F31/><W101/><G2/><T105/><D105/><U98/><E98/><V13/><F128/><W83/><G131/><T130/><D130/><U89/><E89/><V20/><F126/><W25/><G65/><T54/><D71/><U81/><E52/><N who="2" m="33991" /><F19/><W22/><G74/><T135/><D66/><U133/><E133/><V94/><F94/><W103/><REACH who="3" step="1"/><G83/><AGARI ba="0,0" hai="8,9,13,18,20,43,47,50,76,83,85" m="33991" machi="83" ten="30,2000,0" yaku="8,1,54,1" doraHai="0" who="2" fromWho="3" sc="218,0,302,0,220,20,260,-20" /><INIT seed="2,0,0,3,3,91" ten="218,302,240,240" oya="2" hai0="114,94,124,93,63,56,11,22,117,88,8,21,17" hai1="65,107,109,1,59,69,49,116,45,50,75,74,4" hai2="105,34,98,96,26,23,110,14,43,47,129,44,18" hai3="48,33,2,38,120,62,12,101,36,54,24,6,64"/><V28/><F129/><W67/><G2/><T5/><D114/><U71/><E107/><V70/><F70/><W53/><G120/><T95/><D124/><U40/><E1/><V83/><F110/><W112/><G112/><T72/><D72/><U121/><E4/><V42/><F83/><W73/><G73/><T30/><D117/><U111/><E116/><V134/><F134/><W66/><G101/><T52/><D5/><U61/><E75/><V0/><F0/><W119/><G119/><T90/><D30/><U92/><E92/><N who="0" m="35433" /><D22/><U51/><E74/><V15/><F15/><W126/><G126/><T35/><D35/><U9/><E9/><N who="0" m="3657" /><D95/><U27/><E121/><V89/><F105/><W76/><G6/><T135/><D135/><U84/><E27/><AGARI ba="0,0" hai="17,21,27,52,56,63,88,90" m="3657,35433" machi="27" ten="30,12000,2" yaku="8,1,52,3,54,2" doraHai="91" who="0" fromWho="1" sc="218,120,302,-120,240,0,240,0" /><INIT seed="3,0,0,3,3,26" ten="338,182,240,240" oya="3" hai0="131,25,3,60,78,21,90,135,88,17,99,68,9" hai1="14,95,2,64,112,43,46,115,103,11,28,120,13" hai2="47,97,19,5,102,54,96,41,4,49,24,123,89" hai3="86,52,32,50,48,73,29,39,133,83,81,134,84"/><W27/><G39/><T59/><D68/><U30/><E120/><V87/><F123/><W76/><G50/><T106/><D131/><U126/><E64/><V100/><F41/><W38/><G38/><T37/><D37/><U109/><E2/><V70/><F70/><W117/><G117/><T114/><D135/><N who="3" m="51721" /><G83/><T105/><D78/><U124/><E95/><V61/><F61/><W130/><G130/><T72/><D72/><U127/><E103/><V20/><F100/><W0/><G0/><T22/><D22/><U107/><E107/><V63/><F63/><W125/><G125/><T104/><D114/><N who="1" m="43563" /><E109/><V62/><F62/><W67/><G67/><T55/><REACH who="0" step="1"/><D99/><REACH who="0" ten="328,182,240,240" step="2"/><U77/><E77/><V121/><F121/><W40/><G40/><T98/><D98/><U45/><E43/><V79/><F79/><W74/><G73/><T111/><D111/><U71/><E71/><V129/><F129/><W118/><G118/><T12/><D12/><N who="1" m="4715" /><E11/><V80/><REACH who="2" step="1"/><F97/><REACH who="2" ten="328,182,230,240" step="2"/><W18/><G74/><T53/><D53/><U116/><E116/><V110/><F110/><W82/><G76/><T36/><D36/><U92/><E127/><V51/><F51/><W69/><G69/><T119/><D119/><U6/><E126/><V128/><F128/><W66/><G66/><T42/><D42/><U58/><E124/><V16/><F16/><W10/><G48/><T93/><D93/><AGARI ba="0,2" hai="4,5,19,20,24,47,49,54,80,87,89,93,96,102" machi="93" ten="30,3900,0" yaku="1,1,7,1,8,1,53,0" doraHai="26" doraHaiUra="75" who="2" fromWho="0" sc="328,-39,182,0,230,59,240,0" /><INIT seed="4,0,0,1,4,110" ten="289,182,289,240" oya="0" hai0="57,100,112,63,26,79,72,93,28,24,11,65,64" hai1="38,7,115,98,103,134,22,102,15,43,47,42,30" hai2="124,132,127,92,9,131,126,36,99,117,105,48,78" hai3="88,77,130,51,12,71,133,52,2,41,31,76,84"/><T74/><D65/><U97/><E134/><V90/><F36/><W104/><G2/><T116/><D116/><U37/><E30/><V19/><F48/><W56/><G133/><T118/><D118/><U83/><E83/><V120/><F132/><W35/><G104/><T29/><D79/><U25/><E25/><V18/><F117/><W113/><G71/><T27/><D11/><U125/><E125/><V59/><F120/><W135/><G135/><T121/><D121/><U86/><E86/><V81/><F131/><W82/><G130/><T53/><D74/><U34/><E34/><V21/><F59/><W17/><G113/><T128/><D112/><U60/><E60/><V6/><F21/><W80/><G80/><T8/><D8/><U20/><E15/><N who="2" m="5559" /><F105/><W58/><G41/><T89/><D72/><AGARI ba="0,0" hai="18,19,72,78,81,90,92,99,124,126,127" m="5559" machi="72" ten="30,1000,0" yaku="18,1" doraHai="110" who="2" fromWho="0" sc="289,-10,182,0,289,10,240,0" /><INIT seed="5,0,0,0,4,76" ten="279,182,299,240" oya="1" hai0="51,27,43,28,133,8,40,20,101,113,48,33,50" hai1="4,53,41,102,19,117,111,34,115,96,72,124,11" hai2="69,60,46,95,77,1,54,134,123,64,131,17,78" hai3="6,71,65,59,83,68,91,129,120,52,66,70,58"/><U57/><E117/><V25/><F1/><W127/><G6/><T37/><D113/><U23/><E34/><V5/><F5/><W114/><G120/><T56/><D133/><U10/><E115/><V3/><F3/><W47/><G114/><T36/><D101/><U106/><E124/><V16/><F123/><W87/><G127/><T119/><D119/><U73/><E41/><V15/><F131/><W80/><G129/><T130/><D130/><U35/><E35/><V122/><F134/><W112/><G112/><T97/><D97/><U99/><E99/><V39/><F95/><W22/><G22/><T44/><D33/><U18/><E111/><V42/><F122/><W32/><G32/><T29/><D8/><U14/><E11/><V118/><F118/><W108/><G108/><T30/><D56/><U2/><REACH who="1" step="1"/><E19/><REACH who="1" ten="279,172,299,240" step="2"/><V74/><F16/><W125/><G125/><T38/><D38/><U132/><E132/><V110/><F17/><W135/><G135/><T45/><AGARI ba="0,1" hai="20,27,28,29,30,36,37,40,43,44,45,48,50,51" machi="45" ten="30,2000,0" yaku="0,1,9,1" doraHai="76" who="0" fromWho="0" sc="279,30,172,-10,299,-5,240,-5" /><INIT seed="6,0,0,3,2,54" ten="309,162,294,235" oya="2" hai0="4,55,42,96,3,85,72,93,104,114,115,100,18" hai1="133,132,19,5,14,33,58,32,17,84,91,13,75" hai2="45,97,61,56,35,119,76,51,124,129,28,106,16" hai3="107,127,98,34,92,81,31,50,15,83,37,30,11"/><V2/><F2/><W69/><G37/><T90/><D72/><U78/><E78/><V103/><F119/><W64/><G107/><T22/><D42/><U121/><E75/><V74/><F129/><W23/><G34/><N who="1" m="13418" /><E91/><V108/><F124/><W44/><G127/><T63/><D4/><U105/><E84/><V109/><F28/><N who="3" m="10795" /><G23/><T41/><D3/><U27/><E58/><V20/><F35/><W123/><G123/><T48/><D63/><U120/><E105/><V39/><F39/><W6/><G64/><T112/><D41/><U111/><E27/><N who="2" m="14727" /><F76/><W46/><G69/><T71/><D71/><U126/><E126/><V89/><F74/><W10/><G10/><T125/><D125/><U116/><E116/><V80/><F80/><N who="3" m="30795" /><G50/><T134/><D48/><U122/><E111/><V87/><F109/><W52/><G52/><T99/><D55/><U1/><E1/><V43/><F108/><W49/><G49/><T29/><D104/><U57/><E57/><V117/><F56/><W62/><G62/><T38/><D115/><U25/><E25/><V12/><F61/><W9/><G46/><T128/><D114/><U59/><E59/><V70/><F70/><W77/><G44/><T65/><D112/><U101/><E101/><V40/><F117/><W47/><G47/><T86/><D100/><U67/><E67/><V68/><F68/><W88/><G77/><T131/><D65/><U53/><E53/><V94/><F43/><W118/><G118/><T26/><D131/><U82/><E82/><N who="2" m="49399" /><F106/><W73/><G73/><T66/><D128/><U113/><E113/><RYUUKYOKU ba="0,0" sc="309,-15,162,-15,294,15,235,15" hai2="12,40,45,51,94,97,103" hai3="6,9,11,15,88,92,98" /><INIT seed="6,1,0,4,2,113" ten="294,147,309,250" oya="2" hai0="76,20,74,13,1,25,133,93,119,92,11,47,29" hai1="90,7,109,71,65,34,42,121,128,117,81,72,120" hai2="58,51,48,2,0,124,18,130,38,82,78,12,39" hai3="105,24,5,9,91,97,89,15,86,110,49,96,63"/><V17/><F130/><W87/><G110/><T131/><D1/><U41/><E34/><V118/><F118/><W100/><G49/><T27/><D133/><U80/><E7/><V123/><F123/><W40/><G40/><T52/><D119/><U73/><E65/><V95/><F95/><W55/><G24/><T3/><D3/><U53/><E71/><V115/><F115/><W99/><G105/><T111/><D111/><U37/><E109/><V43/><F124/><W83/><G100/><T132/><D132/><U116/><E90/><V135/><F135/><W57/><REACH who="3" step="1"/><G99/><REACH who="3" ten="294,147,309,240" step="2"/><T4/><D27/><U16/><E37/><V8/><F51/><W59/><G59/><T98/><D98/><U28/><E28/><V127/><F58/><W46/><G46/><T30/><D47/><U44/><E44/><V36/><F48/><W104/><G104/><T69/><D30/><U23/><E128/><V79/><F43/><W85/><G85/><T67/><D131/><U35/><E35/><V108/><F108/><W45/><G45/><T22/><D29/><U84/><E84/><V125/><F39/><W61/><G61/><T134/><D134/><U70/><E70/><V64/><F38/><W88/><G88/><T60/><D25/><U14/><E53/><V10/><F36/><W50/><G50/><T94/><D52/><U26/><E26/><V31/><F31/><W114/><G114/><T56/><D69/><U32/><E32/><V102/><F102/><W101/><G101/><T103/><D103/><U129/><E129/><V66/><F12/><W21/><G21/><RYUUKYOKU ba="1,1" sc="294,10,147,-30,309,10,240,10" hai0="4,11,13,20,22,56,60,67,74,76,92,93,94" hai2="0,2,8,10,17,18,64,66,78,79,82,125,127" hai3="5,9,15,55,57,63,83,86,87,89,91,96,97" /><INIT seed="6,2,1,5,1,34" ten="304,117,319,250" oya="2" hai0="43,78,105,24,55,45,93,11,52,103,18,86,95" hai1="131,135,33,64,3,53,84,89,69,94,1,66,122" hai2="116,9,20,100,31,25,96,50,113,133,79,99,117" hai3="14,29,97,17,10,72,8,49,44,87,102,42,134"/><V54/><F113/><W109/><G72/><T58/><D105/><U123/><E33/><V110/><F133/><W4/><G109/><T28/><D103/><U88/><E135/><V48/><F110/><W132/><G29/><T2/><D78/><U39/><E39/><V126/><F126/><W59/><G87/><T108/><D108/><U56/><E131/><V81/><F9/><W85/><G85/><T23/><D86/><U13/><E13/><V32/><F32/><W106/><REACH who="3" step="1"/><G59/><REACH who="3" ten="304,117,319,240" step="2"/><T114/><D58/><U104/><E104/><N who="2" m="63495" /><F31/><W107/><G107/><T74/><D74/><U70/><E84/><V61/><F99/><W75/><G75/><T83/><D28/><U90/><E94/><V30/><F116/><W101/><G101/><T41/><D93/><U22/><E22/><V21/><F21/><W77/><G77/><T76/><D95/><U91/><N who="1" m="22528" /><DORA hai="112" /><U38/><E38/><V12/><F117/><W118/><G118/><T121/><D76/><U16/><E70/><V119/><F119/><W57/><G57/><T127/><D114/><U60/><E16/><V125/><F79/><W92/><G92/><T124/><D18/><U36/><E36/><V128/><F20/><W98/><G98/><T63/><D23/><U19/><E19/><V15/><F30/><W7/><G7/><T73/><D73/><U120/><REACH who="1" step="1"/><E66/><REACH who="1" ten="304,107,319,240" step="2"/><V26/><F25/><W67/><G67/><T62/><D24/><U68/><E68/><V27/><F26/><W6/><G6/><T111/><D111/><U80/><E80/><V37/><F81/><W115/><G115/><RYUUKYOKU ba="2,3" sc="304,-15,107,15,319,-15,240,15" hai1="1,3,53,56,60,64,69,120,122,123" hai3="4,8,10,14,17,42,44,49,97,102,106,132,134" /><INIT seed="7,3,3,3,3,5" ten="289,122,304,255" oya="3" hai0="68,67,55,39,20,91,79,74,2,133,53,56,26" hai1="72,114,96,83,103,15,23,48,118,135,40,63,62" hai2="131,101,31,28,134,44,85,43,112,117,92,0,7" hai3="104,89,94,126,12,105,78,46,125,88,21,38,97"/><W98/><G78/><T34/><D34/><U9/><E114/><V93/><F117/><W86/><G38/><T106/><D106/><N who="3" m="41065" /><G46/><T27/><D2/><U8/><E135/><V51/><F112/><W87/><G12/><T52/><D133/><U108/><E108/><V90/><F131/><W115/><G21/><T1/><D1/><U13/><E118/><V121/><F134/><W100/><G115/><T122/><D122/><U41/><E72/><V47/><F121/><W82/><G98/><T123/><D39/><U75/><E75/><V19/><F0/><W30/><G30/><N who="2" m="11305" /><F7/><W127/><G127/><T58/><D68/><U54/><E83/><AGARI ba="3,3" hai="82,83,86,87,88,89,94,97,100,125,126" m="41065" machi="83" ten="30,5800,0" yaku="34,2,54,1" doraHai="5" who="3" fromWho="1" sc="289,0,122,-67,304,0,255,97" owari="289,-11.0,55,-44.0,304,10.0,352,45.0" /></mjloggm>