<mjloggm ver="2.3"><GO type="169" lobby="0"/><UN n0="%41%6D%69%63%68%61%6E" n1="%E3%83%88%E3%83%88%E3%83%AA%E5%85%88%E7%94%9F%31%39%E6%AD%B3" n2="%E3%82%AB%E3%83%9D%E3%83%8D%E5%9B%A3%E3%81%AE%E5%85%84%E8%B2%B4" n3="%E3%81%AD%E3%81%8D%E3%81%9B%40" dan="16,19,18,17" rate="2174.62,2301.02,2230.46,2130.97" sx="F,F,M,M"/><TAIKYOKU oya="0"/><INIT seed="0,0,0,0,3,79" ten="250,250,250,250" oya="0" hai0="32,96,55,75,44,17,1,60,24,71,28,8,90" hai1="56,49,43,102,11,123,66,64,88,51,134,37,106" hai2="89,95,108,133,40,111,83,25,114,5,105,48,112" hai3="129,58,54,121,86,33,69,22,63,94,10,62,26"/><T77/><D71/><U124/><E123/><V107/><F5/><W9/><G121/><T6/><D96/><U126/><E134/><V125/><F25/><W109/><G33/><T65/><D90/><U91/><E37/><V104/><F40/><W2/><G2/><T85/><D75/><U53/><E102/><V78/><F48/><W127/><G109/><N who="2" m="42057" /><F125/><N who="1" m="48233" /><E106/><V68/><F68/><W118/><G118/><T50/><D17/><U93/><E91/><V92/><F133/><W73/><G73/><T52/><D60/><U87/><E11/><V38/><F38/><W97/><G10/><T100/><D65/><U84/><E84/><N who="2" m="48247" /><F95/><W101/><G94/><T81/><REACH who="0" step="1"/><D100/><REACH who="0" ten="240,250,250,250" step="2"/><U130/><E64/><V20/><F20/><W98/><G101/><T34/><D34/><U76/><E66/><V67/><F67/><W30/><G22/><T13/><D13/><U21/><E21/><V19/><F19/><W128/><G127/><T120/><D120/><U14/><E14/><V110/><F110/><W103/><G103/><T35/><D35/><U122/><E122/><V70/><F70/><W80/><G69/><T131/><D131/><U15/><E130/><V132/><F132/><W135/><G135/><T117/><D117/><U12/><E15/><V36/><F36/><W99/><G62/><T41/><AGARI ba="0,1" hai="1,6,8,24,28,32,41,44,50,52,55,77,81,85" machi="41" ten="20,18000,2" yaku="1,1,0,1,7,1,52,1,54,1,53,1" doraHai="79" doraHaiUra="46" who="0" fromWho="0" sc="240,190,250,-60,250,-60,250,-60" /><INIT seed="0,1,0,3,5,30" ten="430,190,190,190" oya="0" hai0="12,84,38,42,108,128,71,133,22,70,76,104,19" hai1="64,44,93,29,79,112,88,3,117,121,106,51,90" hai2="96,10,124,101,120,82,46,95,52,102,57,54,41" hai3="4,37,105,69,16,123,83,65,8,110,53,135,0"/><T32/><D104/><U87/><E112/><V23/><F124/><W60/><G105/><T40/><D133/><U63/><E106/><V39/><F120/><W115/><G115/><T81/><D128/><U126/><E126/><V130/><F130/><W127/><G127/><T59/><D59/><U97/><E117/><V72/><F23/><W125/><G125/><T13/><D13/><U28/><E79/><V7/><F102/><W55/><G135/><T131/><D131/><U25/><E3/><V68/><F68/><W100/><G100/><T94/><D94/><U18/><E18/><V20/><F20/><W67/><G37/><T113/><D113/><U92/><E25/><V43/><F43/><W91/><G67/><T85/><D85/><U61/><E121/><V34/><F34/><W15/><G110/><T114/><D114/><U73/><E73/><V129/><F57/><W48/><G123/><T11/><D108/><U56/><REACH who="1" step="1"/><E61/><REACH who="1" ten="430,180,190,190" step="2"/><V103/><F129/><W116/><G116/><T6/><D19/><U35/><E35/><V109/><F109/><W132/><G132/><T45/><D32/><U80/><E80/><V99/><F82/><W118/><G118/><T66/><D81/><U31/><E31/><V47/><F72/><W9/><G83/><T107/><D76/><U111/><E111/><V14/><F47/><W17/><G17/><T24/><D45/><U5/><E5/><V119/><F119/><W27/><G27/><T62/><D6/><U98/><E98/><V50/><F39/><W122/><G122/><T134/><D38/><U21/><E21/><RYUUKYOKU ba="1,1" sc="430,-15,180,15,190,15,190,-15" hai1="28,29,44,51,56,63,64,87,88,90,92,93,97" hai2="7,10,14,41,46,50,52,54,95,96,99,101,103" /><INIT seed="1,2,1,4,4,80" ten="415,195,205,175" oya="1" hai0="26,24,135,75,102,58,120,70,48,76,127,16,27" hai1="119,96,77,17,6,78,124,116,55,39,68,2,95" hai2="18,11,93,9,104,97,14,115,51,108,21,73,107" hai3="125,63,57,67,134,60,65,28,31,34,109,8,132"/><U7/><E68/><V19/><F73/><W56/><G34/><T47/><D70/><U110/><E39/><V23/><F108/><W72/><G72/><T129/><D120/><U71/><E71/><V106/><F51/><W83/><G109/><T64/><D127/><U22/><E110/><V112/><F93/><W44/><G44/><T121/><D121/><U33/><E33/><V98/><F104/><W133/><G125/><T111/><D111/><U85/><E124/><V87/><F14/><W1/><REACH who="3" step="1"/><G83/><REACH who="3" ten="415,195,205,165" step="2"/><T130/><D75/><U79/><E116/><V90/><REACH who="2" step="1"/><F90/><REACH who="2" ten="415,195,195,165" step="2"/><W100/><G100/><T81/><D102/><N who="1" m="60703" /><E77/><V10/><F10/><W41/><G41/><T42/><D76/><U46/><E78/><V30/><F30/><W49/><G49/><T94/><D48/><U25/><E79/><V37/><F37/><W69/><G69/><T86/><D42/><U66/><E46/><V131/><F131/><W35/><G35/><T128/><D47/><U50/><E50/><V101/><F101/><W29/><G29/><T84/><D130/><U82/><E82/><V89/><F89/><W74/><G74/><T88/><D81/><U4/><E2/><V38/><F38/><W113/><G113/><T105/><D129/><U15/><E22/><V12/><F12/><W92/><G92/><T61/><D94/><U32/><E15/><V126/><F126/><W40/><G40/><T91/><D128/><U36/><E36/><V62/><F62/><W114/><G114/><T45/><D61/><U99/><E32/><V103/><F103/><W20/><G20/><RYUUKYOKU ba="2,3" sc="415,-15,195,-15,195,15,165,15" hai2="9,11,18,19,21,23,87,97,98,106,107,112,115" hai3="1,8,28,31,56,57,60,63,65,67,132,133,134" /><INIT seed="2,3,3,2,3,98" ten="400,180,210,180" oya="2" hai0="94,49,70,56,63,87,65,97,39,50,99,16,55" hai1="23,131,79,41,128,42,89,125,135,66,108,44,101" hai2="2,35,126,106,134,17,118,37,100,45,22,48,60" hai3="130,73,114,18,15,53,88,109,0,86,38,4,29"/><V104/><F118/><W28/><G73/><T123/><D39/><U71/><E108/><V129/><F35/><W105/><G105/><T9/><D123/><U3/><E3/><V12/><F37/><W19/><G38/><T58/><D70/><U102/><E135/><V14/><F2/><W116/><G116/><T93/><D50/><U47/><E125/><V6/><F129/><N who="1" m="49737" /><E79/><V24/><F126/><W64/><G64/><T46/><D46/><N who="1" m="17451" /><E89/><V21/><F134/><W90/><G130/><T10/><D87/><U67/><E23/><V127/><F127/><W61/><G0/><T25/><D94/><U92/><E92/><V95/><F106/><W132/><G132/><T80/><D80/><U52/><E52/><N who="2" m="29711" /><F104/><W33/><G33/><T121/><D121/><U11/><E11/><N who="0" m="4105" /><D93/><U78/><E78/><V26/><F60/><W112/><G61/><T85/><D85/><U51/><E51/><V69/><F69/><W96/><G86/><T120/><D120/><U77/><E77/><V115/><F115/><W1/><G1/><T117/><D117/><U5/><E5/><V40/><F6/><W34/><G4/><T107/><D107/><U82/><E82/><V31/><F40/><N who="1" m="15465" /><E71/><V122/><F122/><W7/><G7/><T113/><D113/><U84/><E84/><V103/><F95/><W91/><G114/><T62/><D62/><U8/><E8/><V81/><F81/><W72/><G112/><T30/><D99/><U59/><E59/><V13/><AGARI ba="3,3" hai="12,13,14,17,21,22,24,26,31,100,103" m="29711" machi="13" ten="30,11700,0" yaku="8,1,52,2,54,1" doraHai="98" who="2" fromWho="2" sc="400,-42,180,-42,210,156,180,-42" /><INIT seed="2,4,0,2,3,82" ten="358,138,366,138" oya="2" hai0="33,18,131,32,65,134,70,63,104,89,17,71,39" hai1="66,46,42,29,38,88,99,92,72,67,57,129,45" hai2="31,119,135,106,1,124,107,26,9,37,12,14,10" hai3="16,85,64,21,120,60,28,53,79,5,8,122,125"/><V75/><F75/><W50/><G125/><T91/><D39/><U30/><E72/><V109/><F37/><W108/><G108/><T96/><D71/><U133/><E129/><V48/><F119/><W56/><G28/><T130/><D134/><U13/><E133/><V27/><F135/><W76/><G120/><T112/><D112/><U58/><E46/><V4/><F124/><W127/><G127/><T111/><D111/><U84/><E66/><V11/><F48/><W23/><G122/><T114/><D114/><U69/><E69/><V118/><F109/><W116/><G116/><T52/><D70/><U19/><E57/><V98/><F98/><W78/><G85/><T90/><D33/><U87/><E87/><V94/><F94/><W0/><REACH who="3" step="1"/><G16/><REACH who="3" ten="358,138,366,128" step="2"/><T86/><D130/><U3/><E99/><V22/><F118/><W83/><G83/><T121/><D121/><U126/><E126/><V80/><F80/><W51/><G51/><T59/><D32/><U100/><E30/><V105/><F27/><W43/><G43/><T15/><D131/><U115/><E29/><V49/><F49/><W2/><G2/><T44/><D18/><U81/><E3/><V77/><F77/><W117/><G117/><T40/><D17/><U97/><E115/><V35/><F35/><W101/><G101/><T110/><D40/><U47/><E42/><V73/><F73/><W68/><AGARI ba="4,1" hai="0,5,8,21,23,50,53,56,60,64,68,76,78,79" machi="68" ten="30,2000,0" yaku="1,1,0,1,53,0" doraHai="82" doraHaiUra="113" who="3" fromWho="3" sc="358,-9,138,-9,366,-14,128,42" /><INIT seed="3,0,0,4,1,38" ten="349,129,352,170" oya="3" hai0="58,86,92,116,108,69,82,90,122,5,50,119,52" hai1="115,104,15,36,27,16,111,8,7,33,35,68,34" hai2="130,120,73,91,117,87,95,88,28,46,133,6,13" hai3="84,0,12,85,48,2,22,17,39,97,44,124,123"/><W53/><G123/><T41/><D108/><U66/><E104/><V114/><F117/><W109/><G109/><T23/><D122/><U89/><E111/><V3/><F114/><W72/><G72/><T60/><D5/><U79/><E115/><V18/><F120/><W134/><G134/><T26/><D82/><U1/><E36/><V57/><F73/><W43/><G124/><T37/><D37/><U10/><E79/><V14/><F28/><W102/><G0/><T121/><D121/><U77/><E77/><V63/><F130/><W4/><G4/><T59/><D69/><U49/><E89/><N who="2" m="53695" /><F3/><W51/><G2/><T25/><D25/><U113/><E113/><V30/><F30/><W105/><REACH who="3" step="1"/><G39/><REACH who="3" ten="349,129,352,160" step="2"/><T75/><D75/><U131/><E131/><V98/><F6/><W9/><G9/><T81/><D119/><U31/><E68/><V71/><F71/><W32/><G32/><T55/><D116/><U96/><E35/><V78/><F133/><W132/><G132/><T67/><D23/><U80/><E34/><V45/><F98/><W94/><G94/><T56/><D92/><U40/><E96/><V99/><F99/><W62/><G62/><T101/><D60/><U93/><E93/><V100/><F63/><W127/><G127/><T61/><D81/><U112/><E80/><V103/><F103/><W54/><G54/><T126/><D101/><U20/><E112/><V65/><F100/><W135/><G135/><T70/><D126/><U129/><E129/><V107/><F107/><W106/><G106/><T74/><D74/><U128/><E128/><RYUUKYOKU ba="0,1" sc="349,-10,129,-10,352,-10,160,30" hai3="12,17,22,43,44,48,51,53,84,85,97,102,105" /><INIT seed="3,1,1,5,3,84" ten="339,119,342,190" oya="3" hai0="22,45,106,85,100,11,63,58,92,121,18,125,64" hai1="79,43,124,53,105,127,88,133,24,44,46,41,65" hai2="107,39,48,3,55,36,62,30,95,103,119,114,47" hai3="80,32,122,71,75,9,83,104,108,96,82,97,78"/><W7/><G32/><T74/><D74/><U37/><E105/><V34/><F3/><W4/><G71/><T49/><D121/><U109/><E79/><V14/><F114/><W117/><G122/><T0/><D125/><N who="1" m="48203" /><E109/><V1/><F1/><W66/><G117/><T123/><D123/><U115/><E115/><V35/><F107/><W60/><G108/><T130/><D130/><U51/><E133/><V19/><F119/><W31/><G31/><T87/><D106/><U59/><E24/><V93/><F39/><W101/><G97/><N who="0" m="59431" /><D11/><U135/><E135/><V52/><F36/><W26/><G26/><N who="0" m="14679" /><D0/><U10/><E65/><V76/><F30/><W86/><G75/><T8/><D8/><U20/><E10/><V118/><F35/><W70/><REACH who="3" step="1"/><G4/><REACH who="3" ten="339,119,342,180" step="2"/><T102/><D102/><U28/><E28/><V29/><F103/><W98/><G98/><T111/><D111/><U81/><E20/><N who="2" m="11383" /><F29/><W69/><G69/><T2/><D2/><AGARI ba="1,2" hai="2,7,9,60,66,70,78,80,82,83,86,96,101,104" machi="2" ten="30,2900,0" yaku="1,1,7,1,53,0" doraHai="84" doraHaiUra="54" who="3" fromWho="0" sc="339,-32,119,0,342,0,180,52" /><INIT seed="3,2,0,4,4,39" ten="307,119,342,232" oya="3" hai0="84,27,19,90,36,45,77,41,52,15,110,20,70" hai1="53,68,38,112,65,113,103,75,130,119,89,54,13" hai2="0,44,18,48,23,47,12,22,102,115,91,49,80" hai3="62,43,73,106,26,40,74,63,10,79,58,124,61"/><W60/><G106/><T105/><D110/><U95/><E75/><V104/><F0/><W117/><G117/><T82/><D105/><U97/><E119/><V3/><F3/><W85/><G124/><T107/><D107/><U66/><E130/><V16/><F104/><W92/><G74/><T9/><D70/><U101/><E38/><V118/><F102/><N who="1" m="38921" /><E68/><V33/><F33/><W28/><G73/><T57/><D77/><U100/><E112/><V51/><F115/><W81/><G92/><T42/><D45/><U37/><E37/><V72/><F118/><W71/><G10/><T29/><D36/><U32/><E32/><V30/><F30/><W93/><G93/><T78/><D78/><U69/><E69/><V96/><F72/><W14/><G14/><T127/><D127/><U129/><E129/><V94/><F80/><W25/><G71/><T135/><D135/><U59/><E100/><V21/><F21/><N who="3" m="15407" /><G26/><AGARI ba="2,0" hai="12,16,18,22,23,26,44,47,48,49,51,91,94,96" machi="26" ten="40,2600,0" yaku="8,1,54,1" doraHai="39" who="2" fromWho="3" sc="307,0,119,0,342,32,232,-32" /><INIT seed="4,0,0,4,0,80" ten="307,119,374,200" oya="0" hai0="50,4,78,57,104,114,108,16,81,68,14,118,41" hai1="72,88,130,31,3,10,1,82,25,116,35,53,103" hai2="84,128,87,93,89,21,115,92,123,120,69,111,76" hai3="85,66,94,30,37,86,46,7,133,99,20,39,5"/><T51/><D118/><U33/><E116/><V105/><F69/><W125/><G125/><T36/><D68/><U28/><E130/><V107/><F21/><W23/><G133/><T34/><D34/><U97/><E53/><V11/><F11/><W109/><G109/><T47/><D108/><U12/><E72/><V119/><F119/><W132/><G132/><T70/><D70/><U45/><E45/><V62/><F62/><W100/><G66/><T58/><D104/><N who="2" m="40010" /><F111/><W124/><G124/><T56/><D4/><N who="3" m="1609" /><G39/><T79/><D114/><U65/><E103/><V90/><F128/><W71/><G37/><T106/><D106/><U117/><E65/><V61/><F61/><W15/><G71/><T135/><D135/><U64/><E64/><V131/><F131/><W26/><G46/><T112/><D112/><U43/><E43/><V17/><F17/><AGARI ba="0,0" hai="15,17,20,23,26,30,85,86,94,99,100" m="1609" machi="17" ten="30,3900,0" yaku="8,1,52,2" doraHai="80" who="3" fromWho="2" sc="307,0,119,0,374,-39,200,39" /><INIT seed="5,0,0,4,3,132" ten="307,119,335,239" oya="1" hai0="44,123,108,12,31,92,41,64,33,113,2,54,117" hai1="76,70,96,110,119,15,4,26,67,66,82,3,13" hai2="32,58,48,118,72,125,78,16,10,6,102,42,131" hai3="65,104,60,35,81,9,14,69,94,19,45,39,29"/><U109/><E119/><V8/><F118/><W40/><G104/><T61/><D108/><N who="1" m="41579" /><E3/><V116/><F116/><W34/><G29/><T55/><D2/><U36/><E36/><V49/><F32/><W46/><G94/><T111/><D111/><U80/><E70/><V114/><F58/><W103/><G103/><T98/><D123/><U51/><E51/><V100/><F78/><W89/><G89/><T85/><D31/><U107/><E26/><V28/><F28/><W99/><G99/><T43/><D33/><U112/><E112/><V101/><F72/><W27/><G81/><N who="1" m="31338" /><E76/><V11/><F114/><W86/><G27/><T17/><D113/><U124/><E124/><V135/><F125/><W50/><G86/><T21/><D85/><U120/><E120/><V91/><F48/><W73/><G73/><T23/><D23/><U22/><E22/><V75/><F49/><W62/><G62/><T71/><D117/><U56/><E56/><V53/><F75/><W5/><G5/><T79/><D79/><U20/><E20/><V59/><F59/><W126/><G126/><T93/><D43/><AGARI ba="0,0" hai="9,14,19,34,35,39,40,43,45,46,50,60,65,69" machi="43" ten="30,1000,0" yaku="7,1" doraHai="132" who="3" fromWho="0" sc="307,-10,119,0,335,0,239,10" /><INIT seed="6,0,0,3,2,94" ten="297,119,335,249" oya="2" hai0="99,117,63,0,14,123,27,2,89,66,83,24,64" hai1="92,21,93,34,105,86,126,19,103,79,100,82,15" hai2="116,70,112,35,91,78,36,96,37,101,17,106,42" hai3="57,125,119,20,81,7,30,73,39,11,107,22,52"/><V62/><F116/><W9/><G119/><T32/><D117/><U69/><E69/><V102/><F112/><W46/><G107/><T98/><D123/><U108/><E108/><V75/><F42/><N who="3" m="22879" /><G11/><T118/><D118/><U132/><E34/><V115/><F115/><W109/><G30/><T71/><D66/><U29/><E132/><V41/><F41/><W131/><G131/><T135/><D135/><U88/><E105/><V45/><F45/><W5/><G5/><T50/><D50/><U134/><E134/><V59/><F101/><W68/><G68/><T87/><D14/><U110/><E110/><V16/><F91/><W54/><G54/><T127/><D127/><U26/><E92/><V104/><F104/><W4/><G4/><T97/><REACH who="0" step="1"/><D32/><REACH who="0" ten="287,119,335,249" step="2"/><U40/><E126/><V13/><F35/><W56/><G109/><T55/><D55/><U58/><E40/><V3/><F13/><W10/><G52/><T8/><D8/><N who="1" m="6631" /><E58/><V129/><F59/><W77/><G125/><T84/><D84/><AGARI ba="0,1" hai="21,26,29,79,82,84,86,88,93,100,103" m="6631" machi="84" ten="30,2000,0" yaku="8,1,54,1" doraHai="94" who="1" fromWho="0" sc="287,-20,119,30,335,0,249,0" /><INIT seed="7,0,0,1,1,118" ten="267,149,335,249" oya="3" hai0="94,1,119,58,2,56,106,18,75,112,60,125,47" hai1="38,53,85,121,104,27,123,90,134,14,113,128,109" hai2="79,12,83,89,19,5,30,67,105,107,93,92,33" hai3="54,34,133,25,74,42,52,72,26,21,35,66,15"/><W86/><G66/><T28/><D106/><U95/><E38/><V135/><F92/><W41/><G86/><T88/><D75/><U68/><E68/><V39/><F39/><W40/><G15/><T0/><D119/><U127/><E27/><N who="3" m="10250" /><G21/><T81/><D28/><U129/><E104/><V131/><F67/><W61/><G61/><T98/><D18/><U73/><E73/><N who="3" m="28266" /><G133/><T13/><D13/><U6/><E134/><V96/><F135/><W124/><G124/><T115/><D125/><U111/><E127/><V17/><F17/><W16/><G16/><T50/><D81/><U84/><E53/><AGARI ba="0,0" hai="34,35,40,41,42,52,53,54" m="28266,10250" machi="53" ten="40,7700,0" yaku="28,2,54,1" doraHai="118" who="3" fromWho="1" sc="267,0,149,-77,335,0,249,77" /><INIT seed="7,1,0,3,1,106" ten="267,72,335,326" oya="3" hai0="51,25,93,66,120,70,87,26,2,113,92,40,84" hai1="91,115,102,63,68,31,65,53,29,15,6,74,37" hai2="21,99,105,119,8,76,124,16,7,132,48,69,126" hai3="94,4,30,83,104,62,45,122,60,78,88,86,24"/><W64/><G122/><T96/><D120/><U19/><E115/><V127/><F119/><W97/><G4/><T36/><D2/><U11/><E37/><V3/><F132/><W111/><G111/><T42/><D36/><U59/><E102/><N who="2" m="62687" /><F76/><W52/><G104/><T34/><D96/><U109/><E109/><V131/><F48/><N who="3" m="28687" /><G64/><T35/><D51/><U95/><E68/><V0/><F69/><W112/><G112/><T100/><D70/><U50/><E65/><V43/><F43/><W20/><AGARI ba="1,0" hai="20,24,30,60,62,78,83,86,88,94,97" m="28687" machi="20" ten="30,6000,0" yaku="8,1,54,2" doraHai="106" who="3" fromWho="3" sc="267,-21,72,-21,335,-21,326,63" owari="246,-15.0,51,-45.0,314,11.0,389,49.0" /></mjloggm>