<mjloggm ver="2.3"><GO type="169" lobby="0"/><UN n0="%77%69%69%69%69%6E" n1="%E3%83%88%E3%83%88%E3%83%AA%E5%85%88%E7%94%9F%31%39%E6%AD%B3" n2="%E3%82%89%E3%82%93%E6%96%97" n3="%E3%81%B5%E3%81%BF%4B%55%4E" dan="16,19,18,16" rate="2155.79,2286.86,2260.41,2117.05" sx="M,F,M,M"/><TAIKYOKU oya="0"/><INIT seed="0,0,0,0,3,0" ten="250,250,250,250" oya="0" hai0="29,11,125,58,95,35,21,104,61,46,110,70,50" hai1="28,134,30,63,4,101,72,131,133,96,71,83,23" hai2="1,45,42,26,13,64,91,39,6,53,8,52,93" hai3="20,5,66,19,88,118,100,62,34,38,43,97,54"/><T89/><D125/><U73/><E131/><V130/><F130/><W77/><G34/><T117/><D117/><U3/><E71/><V123/><F123/><W32/><G32/><T92/><D104/><U24/><E30/><V121/><F121/><W36/><G77/><T40/><D35/><U84/><E63/><V124/><F124/><W12/><G54/><T14/><D70/><U33/><E23/><V106/><F106/><W119/><G119/><T116/><D116/><U87/><E87/><V2/><F26/><W57/><G43/><T44/><D46/><U59/><E59/><V79/><F64/><W65/><G65/><T75/><D75/><U60/><E60/><V81/><F13/><W67/><G67/><N who="0" m="39351" /><D89/><U107/><E84/><N who="2" m="52455" /><F1/><W48/><G48/><T113/><D110/><U90/><E90/><V51/><F51/><W94/><G118/><T126/><D113/><U122/><E122/><V31/><F31/><W128/><G128/><T85/><D85/><U135/><REACH who="1" step="1"/><E83/><REACH who="1" ten="250,240,250,250" step="2"/><V7/><F81/><W10/><REACH who="3" step="1"/><G100/><REACH who="3" ten="250,240,250,240" step="2"/><T27/><D126/><U129/><E129/><V108/><F79/><W109/><G109/><T127/><D127/><U114/><E114/><V55/><F108/><W80/><G80/><T68/><D68/><U103/><E103/><V78/><F78/><W22/><G22/><T25/><D25/><AGARI ba="0,2" hai="5,10,12,19,20,25,36,38,57,62,66,88,94,97" machi="25" ten="30,7700,0" yaku="1,1,7,1,52,1,54,1,53,0" doraHai="0" doraHaiUra="82" who="3" fromWho="0" sc="250,-77,240,0,250,0,240,97" /><INIT seed="1,0,0,4,2,126" ten="173,240,250,337" oya="1" hai0="86,50,40,55,13,25,119,110,92,81,12,18,35" hai1="53,114,16,59,132,103,48,113,129,22,24,63,30" hai2="6,80,57,27,90,62,106,60,94,118,9,31,78" hai3="5,2,124,98,45,89,33,56,32,77,0,87,69"/><U128/><E132/><V42/><F42/><W93/><G69/><T99/><D119/><U116/><E116/><V72/><F106/><W44/><G124/><T65/><D110/><U15/><E103/><V85/><F57/><W91/><G77/><T96/><D35/><U112/><REACH who="1" step="1"/><E63/><REACH who="1" ten="173,230,250,337" step="2"/><V100/><F118/><W121/><G121/><T54/><D40/><U1/><E1/><V76/><F100/><W123/><G123/><T21/><D65/><U111/><E111/><V82/><F62/><W109/><G109/><T73/><D55/><U67/><E67/><V102/><F102/><W97/><G2/><T79/><D73/><U49/><E49/><V84/><F60/><W68/><G0/><T10/><D54/><U19/><E19/><V105/><F105/><W39/><G39/><T75/><D50/><U135/><E135/><V127/><F127/><W34/><G34/><AGARI ba="0,1" hai="15,16,22,24,30,34,48,53,59,112,113,114,128,129" machi="34" ten="40,12000,1" yaku="1,1,52,2,54,1,53,0" doraHai="126" doraHaiUra="70" who="1" fromWho="3" sc="173,0,230,130,250,0,337,-120" /><INIT seed="1,1,0,1,5,34" ten="173,360,250,217" oya="1" hai0="102,73,72,61,129,130,105,62,91,124,12,36,100" hai1="75,82,15,54,50,47,46,31,29,23,88,94,131" hai2="57,86,74,0,65,120,79,132,109,4,103,56,77" hai3="87,133,126,44,35,59,33,104,27,10,39,63,22"/><U66/><E131/><N who="0" m="50185" /><D36/><U21/><E66/><V53/><F132/><W85/><G133/><T25/><D12/><U80/><E47/><V76/><F109/><W41/><G104/><T8/><D8/><U99/><E75/><N who="0" m="28745" /><D91/><U5/><E5/><V37/><F37/><W108/><G108/><T115/><D105/><U68/><E68/><V96/><F86/><W45/><G126/><T51/><D51/><U97/><E97/><V92/><F74/><W67/><G44/><T122/><D25/><N who="1" m="16559" /><E31/><V30/><F30/><W117/><G117/><T71/><D71/><U116/><E116/><V84/><F84/><W107/><G107/><T60/><D115/><U32/><E32/><V6/><F120/><W78/><G85/><T135/><D135/><U43/><E43/><V28/><F28/><W16/><REACH who="3" step="1"/><G10/><REACH who="3" ten="173,360,250,207" step="2"/><T125/><D122/><U118/><E118/><V89/><F77/><W123/><G123/><T64/><D64/><U106/><E106/><V101/><F79/><W110/><G110/><T11/><D11/><U113/><E113/><V119/><F76/><W69/><G69/><T9/><D9/><U98/><E98/><V2/><F96/><W81/><AGARI ba="1,1" hai="16,22,27,33,35,39,41,45,59,63,67,78,81,87" machi="81" ten="30,4000,0" yaku="1,1,0,1,54,1,53,0" doraHai="34" doraHaiUra="49" who="3" fromWho="3" sc="173,-11,360,-21,250,-11,207,53" /><INIT seed="2,0,0,0,1,115" ten="162,339,239,260" oya="2" hai0="40,133,3,63,4,99,124,45,97,41,51,12,10" hai1="54,9,85,42,88,69,122,111,110,64,17,113,129" hai2="131,67,108,19,117,135,90,84,105,43,112,22,74" hai3="101,83,57,102,47,46,123,25,82,103,92,107,49"/><V127/><F74/><W61/><G123/><T36/><D124/><U14/><E113/><V59/><F105/><W30/><G107/><T8/><D133/><U1/><E122/><V104/><F104/><W68/><G68/><T15/><D3/><U118/><E129/><V126/><F135/><W119/><G119/><T81/><D63/><N who="1" m="40095" /><E1/><V55/><F67/><W5/><G5/><T73/><D40/><U38/><E42/><V106/><F106/><W16/><G92/><T120/><D120/><U100/><E100/><V75/><F43/><W114/><G114/><T132/><D132/><U31/><E31/><V78/><F112/><W130/><G130/><T86/><D73/><U23/><E38/><V33/><F33/><W62/><G30/><T6/><REACH who="0" step="1"/><D36/><REACH who="0" ten="152,339,239,260" step="2"/><U20/><E111/><V121/><F108/><W80/><G62/><T24/><D24/><U39/><E39/><V11/><F131/><W53/><G61/><T65/><D65/><U58/><E110/><V34/><F121/><W52/><G53/><T27/><D27/><U32/><E54/><V60/><F126/><W7/><G25/><T71/><D71/><U35/><E14/><V70/><F70/><W98/><G52/><T93/><D93/><U116/><E116/><V26/><F55/><W48/><G48/><T66/><D66/><U128/><E118/><V94/><F117/><W134/><G49/><T76/><AGARI ba="0,1" hai="4,6,8,10,12,15,41,45,51,76,81,86,97,99" machi="76" ten="20,16000,3" yaku="1,1,0,1,7,1,9,1,25,2,8,1,53,1" doraHai="115" doraHaiUra="44" who="0" fromWho="0" sc="152,170,339,-40,239,-80,260,-40" /><INIT seed="3,0,0,1,3,24" ten="322,299,159,220" oya="3" hai0="66,68,35,99,21,128,41,115,63,110,78,52,127" hai1="101,49,95,107,125,92,126,103,38,97,132,114,19" hai2="20,55,60,6,71,76,50,12,89,32,79,18,17" hai3="91,26,9,102,7,5,22,87,72,16,104,54,90"/><W82/><G72/><T130/><D35/><U23/><E38/><V77/><F32/><W135/><G135/><T29/><D110/><U58/><E114/><V81/><F6/><W112/><G112/><T80/><D115/><U94/><E132/><V0/><F0/><W111/><G111/><T116/><D41/><U98/><E58/><V131/><F131/><N who="0" m="50218" /><D99/><U28/><E49/><V2/><F2/><W121/><G121/><T119/><D127/><N who="1" m="48651" /><E28/><V69/><F60/><W10/><G54/><T40/><D40/><U106/><E19/><V122/><F18/><W134/><G134/><T36/><D36/><U30/><E30/><V118/><F118/><W113/><G113/><T85/><D52/><U53/><E23/><V27/><F122/><W11/><REACH who="3" step="1"/><G90/><REACH who="3" ten="322,299,159,210" step="2"/><T44/><D119/><U42/><E53/><V14/><F89/><W88/><G88/><T83/><D116/><U48/><E42/><V33/><F69/><W13/><G13/><T133/><D133/><U47/><E47/><V123/><F71/><W43/><G43/><T56/><D44/><U59/><E48/><V51/><F51/><W4/><G4/><T74/><D68/><U62/><E59/><N who="2" m="33271" /><F123/><W25/><G25/><T39/><D39/><U96/><E62/><V86/><F12/><W57/><G57/><T75/><D56/><U117/><E117/><V3/><F3/><W67/><G67/><T120/><D63/><U105/><AGARI ba="0,1" hai="92,94,95,96,97,98,101,103,105,106,107" m="48651" machi="105" ten="50,12000,2" yaku="29,2,28,2,18,1,34,2" doraHai="24" who="1" fromWho="1" sc="322,-30,299,130,159,-30,210,-60" /><INIT seed="4,0,0,2,1,57" ten="292,429,129,150" oya="0" hai0="112,126,105,74,29,89,84,71,122,94,65,46,27" hai1="38,99,91,118,123,114,21,6,44,72,93,2,80" hai2="43,16,70,50,68,26,19,1,100,18,56,9,23" hai3="59,92,95,63,61,119,32,106,88,64,79,11,127"/><T30/><D122/><U53/><E123/><V8/><F68/><W12/><G119/><T104/><D112/><U58/><E118/><V110/><F70/><W96/><G32/><T133/><D126/><U47/><E114/><V132/><F132/><W4/><G127/><T42/><D74/><U13/><E38/><V111/><F43/><W31/><G31/><T67/><D133/><U90/><E2/><V14/><F50/><W69/><G79/><T121/><D121/><U7/><E72/><V3/><F56/><W15/><G95/><T75/><D75/><U76/><E76/><V83/><F83/><W124/><G124/><T102/><D102/><U10/><E7/><N who="2" m="1135" /><F100/><W52/><G106/><T17/><D17/><N who="2" m="6762" /><F3/><AGARI ba="0,0" hai="3,4,11,12,15,52,59,61,63,64,69,88,92,96" machi="3" ten="30,8000,1" yaku="7,1,52,2,54,2" doraHai="57" who="3" fromWho="2" sc="292,0,429,0,129,-80,150,80" /><INIT seed="5,0,0,0,0,106" ten="292,429,49,230" oya="1" hai0="135,24,10,108,16,33,83,32,116,60,57,120,130" hai1="114,98,94,103,36,23,34,50,80,87,132,48,43" hai2="97,30,81,119,14,61,92,56,85,41,84,27,51" hai3="53,88,52,104,46,26,63,91,73,89,99,101,6"/><U47/><E34/><V62/><F14/><W0/><G26/><T100/><D116/><U22/><E114/><V122/><F122/><W77/><G0/><T128/><D108/><U90/><E132/><V40/><F119/><W15/><G63/><T125/><D135/><U7/><E7/><V65/><F61/><W112/><G112/><T111/><D111/><U49/><AGARI ba="0,0" hai="22,23,36,43,47,48,49,50,80,87,90,94,98,103" machi="49" ten="30,1500,0" yaku="0,1" doraHai="106" who="1" fromWho="1" sc="292,-5,429,15,49,-5,230,-5" /><INIT seed="5,1,0,5,2,54" ten="287,444,44,225" oya="1" hai0="42,6,129,76,118,100,12,71,101,48,123,89,91" hai1="39,84,126,59,125,103,23,83,7,8,116,81,3" hai2="29,107,24,72,127,70,5,17,108,43,58,96,134" hai3="13,16,67,0,56,117,62,115,132,61,78,102,82"/><U10/><E116/><V90/><F127/><N who="1" m="48649" /><E39/><V130/><F134/><W65/><G115/><T121/><D118/><U92/><E8/><V73/><F70/><W94/><G132/><T120/><D71/><U122/><E122/><V37/><F108/><W87/><G0/><T21/><D129/><U27/><E103/><N who="0" m="39497" /><D76/><U74/><E74/><V95/><F130/><W45/><G45/><N who="0" m="25655" /><D21/><U75/><E75/><V1/><F17/><W30/><G30/><T14/><D6/><U31/><E92/><V38/><F107/><W35/><G35/><T33/><D33/><U20/><E20/><V93/><F93/><W9/><G117/><T111/><D111/><U110/><E110/><V97/><F97/><W49/><G102/><T106/><D106/><U124/><E124/><V36/><F43/><W57/><G94/><T51/><D51/><AGARI ba="1,0" hai="9,13,16,49,51,56,57,61,62,65,67,78,82,87" machi="51" ten="40,8000,1" yaku="9,1,8,1,52,2,54,1" doraHai="54" who="3" fromWho="0" sc="287,-83,444,0,44,0,225,83" /><INIT seed="6,0,0,5,1,22" ten="204,444,44,308" oya="2" hai0="47,60,95,13,126,131,18,105,111,33,116,112,66" hai1="78,36,46,65,102,85,109,92,4,28,73,127,81" hai2="21,62,125,83,40,110,5,69,20,71,26,67,74" hai3="119,101,97,107,104,37,48,61,1,17,27,93,23"/><V132/><F125/><W32/><G37/><T53/><D105/><U64/><E109/><V52/><F132/><W91/><G119/><T31/><D111/><U43/><E127/><V63/><F40/><W8/><G48/><T39/><D126/><U11/><E28/><V45/><F20/><W89/><G89/><T12/><D12/><U75/><E75/><V130/><F5/><W29/><G61/><T50/><D112/><U10/><E10/><V98/><F98/><W94/><G94/><T77/><D131/><U108/><E108/><V41/><F130/><W120/><G120/><T6/><D39/><U42/><E42/><V19/><F110/><W38/><G38/><T24/><D116/><U103/><E85/><V114/><F114/><W68/><G68/><T106/><D106/><U87/><E87/><V96/><F96/><W118/><G118/><T88/><D6/><U58/><E58/><V128/><F128/><W122/><G122/><T84/><D77/><U90/><E90/><V100/><F100/><N who="1" m="38441" /><E92/><V70/><F83/><W86/><G104/><T3/><D3/><AGARI ba="0,0" hai="3,4,11,36,43,46,64,65,73,78,81" m="38441" machi="3" ten="30,1000,0" yaku="25,1" doraHai="22" who="1" fromWho="0" sc="204,-10,444,10,44,0,308,0" /><INIT seed="7,0,0,4,2,83" ten="194,454,44,308" oya="3" hai0="48,7,8,86,118,34,47,128,104,93,76,5,50" hai1="87,4,82,99,132,24,35,92,91,79,31,9,130" hai2="116,13,19,135,89,20,72,3,126,94,16,70,30" hai3="125,74,41,38,108,129,105,44,40,55,57,2,75"/><W85/><G105/><T21/><D118/><U1/><REACH who="1" step="1"/><E130/><REACH who="1" ten="194,444,44,308" step="2"/><V107/><F135/><AGARI ba="0,1" hai="1,4,9,24,31,35,79,82,87,91,92,99,132,135" machi="135" ten="40,8000,1" yaku="21,2,2,1,52,1,53,1" doraHai="83" doraHaiUra="33" who="1" fromWho="2" sc="194,0,444,90,44,-80,308,0" owari="194,-21.0,534,64.0,-36,-54.0,308,11.0" /></mjloggm>