<mjloggm ver="2.3"><GO type="169" lobby="0"/><UN n0="%E3%83%9F%E3%82%B9%E3%83%88%E3%83%A9%E3%83%AB%E2%98%85" n1="%E3%81%A1%E3%82%85%E3%82%89" n2="%E8%9B%99%E3%81%AE%E7%8E%8B" n3="%E3%82%A6%E3%83%AB%E3%83%88%E3%83%A9%E7%AB%8B%E7%9B%B4" dan="16,16,16,18" rate="2063.16,2082.02,2123.93,2208.12" sx="F,M,M,M"/><TAIKYOKU oya="0"/><INIT seed="0,0,0,1,4,8" ten="250,250,250,250" oya="0" hai0="132,4,10,135,87,68,99,78,26,106,38,57,120" hai1="83,71,102,130,7,19,128,32,2,100,95,98,61" hai2="97,63,17,35,13,108,50,94,84,133,11,44,12" hai3="110,65,28,96,37,1,121,105,74,18,82,25,131"/><T76/><D38/><U127/><E32/><V116/><F35/><W3/><G110/><T48/><D68/><U117/><E117/><V89/><F108/><W70/><G18/><T31/><D120/><U72/><E127/><V42/><F133/><N who="0" m="51274" /><D106/><U104/><E19/><V21/><F116/><W118/><G37/><T58/><D99/><U73/><E61/><V22/><F63/><N who="3" m="40255" /><G118/><T16/><D87/><U5/><E71/><V23/><F84/><W91/><G91/><T49/><D49/><U111/><E98/><V53/><F42/><W62/><G62/><T59/><D48/><U113/><E104/><V51/><F51/><W125/><G121/><T46/><D46/><U69/><E69/><V20/><F20/><W47/><G47/><T52/><D52/><U33/><E33/><V88/><F89/><W81/><G96/><T41/><D41/><U66/><E66/><V36/><F36/><W77/><G105/><T115/><D115/><U103/><E113/><V112/><F112/><W123/><G123/><T107/><D107/><U126/><E103/><V56/><F44/><W24/><G77/><T109/><D109/><U64/><E64/><V85/><F97/><W14/><G82/><T79/><D79/><U27/><E83/><V93/><F93/><W124/><G81/><T0/><D16/><AGARI ba="0,0" hai="11,12,13,16,17,21,22,23,50,53,56,85,88,94" machi="16" ten="30,16000,3" yaku="7,1,25,2,8,1,52,2,54,2" doraHai="8" who="2" fromWho="0" sc="250,-160,250,0,250,160,250,0" /><INIT seed="1,0,0,1,2,15" ten="90,250,410,250" oya="1" hai0="107,71,120,18,105,70,1,79,21,11,29,122,129" hai1="103,6,9,92,24,73,89,67,90,54,106,133,117" hai2="63,20,72,55,57,10,109,83,95,25,50,42,3" hai3="49,124,61,2,115,43,60,35,17,116,98,88,80"/><U31/><E73/><V96/><F109/><W91/><G35/><T108/><D108/><U128/><E117/><V125/><F125/><W36/><G2/><T7/><D129/><U121/><E121/><N who="0" m="46697" /><D79/><U130/><E106/><N who="0" m="40457" /><D29/><U102/><E67/><V126/><F126/><W119/><G36/><T112/><D112/><U94/><E54/><V101/><F72/><W4/><G4/><T82/><D82/><U26/><E9/><V12/><F3/><W69/><G124/><T39/><D39/><U135/><E6/><N who="2" m="3159" /><F83/><W66/><G115/><T77/><D77/><U59/><E59/><V78/><F78/><W118/><G80/><T68/><D68/><U51/><E51/><V134/><F134/><W84/><G49/><T74/><D74/><U5/><E5/><V23/><F25/><AGARI ba="0,0" hai="1,7,11,18,21,25,70,71" m="40457,46697" machi="25" ten="30,2000,0" yaku="13,1,52,1" doraHai="15" who="0" fromWho="2" sc="90,20,250,0,410,-20,250,0" /><INIT seed="2,0,0,4,0,54" ten="110,250,390,250" oya="2" hai0="50,76,70,91,40,18,19,60,111,65,4,122,83" hai1="64,128,16,124,12,94,118,121,37,82,31,123,46" hai2="72,13,93,130,24,134,8,85,17,113,67,41,119" hai3="77,87,108,11,106,1,98,63,29,45,110,125,36"/><V112/><F119/><W30/><G63/><T9/><D122/><U58/><E118/><V135/><F72/><W99/><G125/><T0/><D111/><U96/><E31/><V114/><F130/><W57/><G87/><T78/><D78/><U102/><E128/><V56/><F41/><W51/><G77/><T97/><D97/><U33/><E33/><V73/><F73/><W115/><G36/><T39/><D39/><U10/><E82/><V105/><F105/><W32/><G45/><T129/><D91/><U81/><E81/><V126/><F24/><W103/><G98/><T44/><REACH who="0" step="1"/><D129/><REACH who="0" ten="100,250,390,250" step="2"/><U59/><E37/><V116/><F116/><W79/><G99/><T86/><AGARI ba="0,1" hai="0,4,9,18,19,40,44,50,60,65,70,76,83,86" machi="86" ten="20,5200,0" yaku="1,1,2,1,0,1,7,1,53,0" doraHai="54" doraHaiUra="48" who="0" fromWho="0" sc="100,62,250,-13,390,-26,250,-13" /><INIT seed="3,0,0,0,3,4" ten="162,237,364,237" oya="3" hai0="34,91,28,108,83,118,77,74,44,17,3,46,84" hai1="107,0,70,19,110,78,29,102,40,8,43,15,99" hai2="25,127,1,122,23,50,47,71,58,49,33,119,54" hai3="73,133,88,96,5,114,39,56,89,101,12,45,32"/><W11/><G114/><T98/><D3/><U79/><E70/><V2/><F119/><W38/><G32/><T68/><D68/><U100/><E0/><V7/><F71/><W9/><G133/><T87/><D118/><U21/><E110/><V109/><F109/><W116/><G116/><T129/><D108/><U57/><E57/><V62/><F33/><W61/><G73/><T92/><D129/><U55/><E55/><V14/><F127/><W93/><G11/><T64/><D64/><U41/><E102/><V135/><F122/><W42/><REACH who="3" step="1"/><G39/><REACH who="3" ten="162,237,364,227" step="2"/><T94/><D34/><U124/><E124/><V6/><BYE who="1" /><F135/><W128/><G128/><T36/><D36/><U10/><E10/><V27/><F2/><W53/><AGARI ba="0,1" hai="5,9,12,38,42,45,53,56,61,88,89,93,96,101" machi="53" ten="20,18000,2" yaku="1,1,0,1,7,1,52,1,54,1,53,1" doraHai="4" doraHaiUra="95" who="3" fromWho="3" sc="162,-60,237,-60,364,-60,227,190" /><INIT seed="3,1,0,0,0,58" ten="102,177,304,417" oya="3" hai0="28,113,135,105,68,118,112,37,74,40,134,107,15" hai1="96,109,57,12,104,44,121,70,95,47,114,29,92" hai2="110,11,22,94,17,81,20,100,19,117,23,48,78" hai3="111,69,34,62,53,54,26,4,66,8,55,102,13"/><W27/><G111/><T60/><D15/><U122/><E122/><V77/><F117/><W101/><REACH who="3" step="1"/><G34/><REACH who="3" ten="102,177,304,407" step="2"/><T49/><D118/><U7/><E7/><V76/><F110/><W83/><G83/><T24/><D113/><U2/><E2/><V18/><F81/><W115/><G115/><T133/><D112/><U130/><E130/><V30/><F30/><W87/><G87/><T67/><D28/><U124/><E124/><V89/><F100/><AGARI ba="1,1" hai="4,8,13,26,27,53,54,55,62,66,69,100,101,102" machi="100" ten="40,3900,0" yaku="1,1,52,1,53,0" doraHai="58" doraHaiUra="91" who="3" fromWho="2" sc="102,0,177,0,304,-42,407,52" /><INIT seed="3,2,0,4,2,121" ten="102,177,262,459" oya="3" hai0="11,134,91,21,135,18,35,127,43,17,53,1,94" hai1="9,133,63,126,71,34,90,10,32,120,83,117,89" hai2="44,41,66,20,48,15,12,45,128,40,100,24,38" hai3="28,110,27,72,97,5,65,88,6,77,132,22,118"/><W57/><G118/><T80/><D35/><U46/><E46/><V113/><F113/><UN n1="%E3%81%A1%E3%82%85%E3%82%89" /><W104/><G132/><N who="0" m="50731" /><D127/><U73/><E120/><V62/><F100/><W54/><G65/><T51/><D43/><U81/><E117/><V23/><F128/><W67/><G67/><T131/><D131/><U7/><E133/><V116/><F116/><W26/><G72/><T98/><D80/><U16/><E63/><V29/><REACH who="2" step="1"/><F23/><REACH who="2" ten="102,177,252,459" step="2"/><W56/><G22/><T95/><D21/><U102/><E102/><V8/><F8/><W25/><G25/><T64/><D11/><U39/><E10/><V61/><F61/><W60/><G27/><T74/><D1/><U93/><E9/><V99/><F99/><W115/><G26/><T68/><D18/><U123/><E16/><V109/><F109/><W124/><G110/><T4/><D17/><U31/><E32/><V108/><F108/><W3/><G97/><T85/><D4/><U119/><E7/><V101/><F101/><W30/><G60/><N who="0" m="39943" /><D98/><U52/><E34/><V49/><F49/><W122/><G6/><T55/><D51/><U125/><E119/><V50/><F50/><W87/><G5/><T42/><D42/><U76/><E123/><V59/><AGARI ba="2,1" hai="12,15,20,24,29,38,40,41,44,45,48,59,62,66" machi="59" ten="20,2700,0" yaku="1,1,0,1,7,1,53,0" doraHai="121" doraHaiUra="129" who="2" fromWho="2" sc="102,-9,177,-9,252,43,459,-15" /><INIT seed="4,0,0,4,4,110" ten="93,168,295,444" oya="0" hai0="16,31,115,49,15,107,99,58,60,101,11,111,4" hai1="118,23,30,12,18,106,7,86,53,66,0,123,94" hai2="59,72,83,75,40,54,33,114,28,130,55,79,37" hai3="134,46,32,96,128,56,34,20,38,45,27,100,81"/><T41/><D111/><U42/><E106/><V63/><F114/><W82/><G128/><T61/><D31/><U51/><E123/><V102/><F130/><W64/><G134/><T112/><D4/><U133/><E133/><V97/><F75/><W44/><G38/><T50/><D41/><U68/><E42/><V9/><F9/><W70/><G70/><T92/><D107/><U132/><E118/><V77/><F77/><W122/><G32/><T91/><D101/><U113/><E113/><N who="0" m="43593" /><D60/><U5/><E132/><V29/><F33/><W121/><G34/><T116/><D116/><U1/><E30/><V36/><F36/><W48/><G100/><T90/><D91/><N who="1" m="53623" /><E0/><V87/><F37/><W89/><G89/><T85/><D99/><U14/><E1/><V57/><F40/><W22/><G122/><T131/><D131/><U104/><E104/><V62/><F28/><W25/><G96/><T93/><D93/><U98/><E98/><V10/><F29/><W3/><G3/><T43/><D43/><U67/><E5/><V129/><F129/><W120/><G120/><T124/><D124/><U2/><E2/><V65/><F97/><W125/><G125/><T69/><D69/><U135/><E68/><V117/><F117/><W78/><G121/><T47/><D47/><N who="1" m="27903" /><E135/><V126/><F102/><W95/><G45/><T8/><D8/><AGARI ba="0,0" hai="7,8,12,14,18,23,66,67" m="27903,53623" machi="8" ten="30,1000,0" yaku="8,1" doraHai="110" who="1" fromWho="0" sc="93,-10,168,10,295,0,444,0" /><INIT seed="5,0,0,4,2,96" ten="83,178,295,444" oya="1" hai0="50,93,59,61,63,29,132,124,71,130,85,88,83" hai1="87,82,81,0,58,46,12,37,42,72,39,90,103" hai2="19,101,65,11,121,10,28,20,55,79,119,92,66" hai3="68,128,94,6,41,3,7,123,25,47,111,62,40"/><U35/><E35/><V89/><F119/><W73/><G111/><T60/><D132/><U109/><E109/><V2/><F121/><W98/><G123/><T30/><D130/><U21/><E0/><V131/><F131/><W24/><G73/><T54/><D124/><U105/><E58/><V115/><F115/><W99/><G128/><T51/><D71/><U36/><E72/><V122/><F122/><W108/><G108/><T44/><REACH who="0" step="1"/><D83/><REACH who="0" ten="73,178,295,444" step="2"/><U133/><E82/><V1/><F1/><W26/><G68/><T4/><D4/><U67/><E133/><V102/><F2/><W80/><G7/><T38/><D38/><U107/><E37/><V34/><F34/><W23/><G6/><T84/><D84/><U97/><E39/><V32/><F32/><W17/><G80/><T33/><D33/><U75/><E75/><V77/><F77/><W91/><G3/><T112/><D112/><U78/><E78/><V16/><F79/><W110/><G110/><T45/><D45/><U22/><E81/><V52/><F20/><W70/><G23/><T117/><D117/><U120/><E22/><V114/><F114/><W43/><G70/><T15/><D15/><U49/><E21/><V118/><F118/><W5/><G25/><T13/><D13/><U113/><E12/><V56/><F56/><W76/><G26/><T127/><D127/><U14/><E14/><V134/><F134/><W95/><G24/><T27/><D27/><U69/><E113/><V116/><F116/><W104/><G5/><T125/><D125/><U106/><E120/><V9/><F9/><RYUUKYOKU ba="0,1" sc="73,30,178,-10,295,-10,444,-10" hai0="29,30,44,50,51,54,59,60,61,63,85,88,93" /><INIT seed="6,1,1,1,5,64" ten="103,168,285,434" oya="2" hai0="80,56,3,129,20,109,117,100,107,57,124,121,99" hai1="10,48,103,17,60,119,6,53,51,122,95,74,9" hai2="135,46,13,81,24,70,132,87,118,15,42,71,67" hai3="86,130,123,106,59,21,110,83,127,61,45,115,0"/><V58/><F118/><W11/><G106/><T75/><D3/><U73/><E119/><V22/><F58/><W37/><G21/><T102/><D109/><U50/><E122/><V77/><F67/><W25/><G25/><T30/><D121/><U92/><E6/><V28/><F15/><W43/><G110/><T97/><D129/><U125/><E125/><V91/><F13/><W54/><G123/><T23/><D124/><U112/><E112/><V68/><REACH who="2" step="1"/><F77/><REACH who="2" ten="103,168,275,434" step="2"/><W79/><G127/><T39/><D117/><U113/><E113/><V120/><F120/><W85/><G115/><T55/><D57/><U69/><E10/><V2/><F2/><W35/><G130/><T62/><D39/><AGARI ba="1,2" hai="22,24,28,39,42,46,68,70,71,81,87,91,132,135" machi="39" ten="40,18000,2" yaku="1,1,52,3,53,2" doraHai="64" doraHaiUra="128" who="2" fromWho="0" sc="103,-183,168,0,275,203,434,0" owari="-80,-58.0,168,-23.0,478,58.0,434,23.0" /></mjloggm>