<mjloggm ver="2.3"><GO type="169" lobby="0"/><UN n0="%E3%81%B5%E3%81%8B%E3%81%A4%E3%81%81%E3%83%BC" n1="%E3%82%A6%E3%83%AB%E3%83%88%E3%83%A9%E7%AB%8B%E7%9B%B4" n2="%E2%80%A0%E3%82%B7%E3%83%A3%E3%83%AB%E3%83%AD%E3%83%83%E3%83%88" n3="%E3%83%AA%E3%83%84%E3%83%9F%E3%82%B5%E3%83%B3" dan="16,19,16,17" rate="2034.11,2291.87,2139.67,2145.33" sx="M,M,F,M"/><TAIKYOKU oya="0"/><INIT seed="0,0,0,2,5,103" ten="250,250,250,250" oya="0" hai0="96,98,53,80,84,13,5,59,35,26,102,86,135" hai1="90,79,81,23,30,0,107,20,55,41,115,62,48" hai2="58,15,105,42,69,25,18,17,124,51,66,61,114" hai3="111,71,104,12,49,65,134,46,37,52,32,85,99"/><T75/><D135/><U88/><E0/><V122/><F114/><W56/><G32/><T106/><D75/><U29/><E41/><V7/><F122/><W83/><G134/><T94/><D35/><U21/><E62/><V31/><F124/><W11/><G111/><T121/><D121/><U92/><E107/><V93/><F93/><W24/><G24/><T44/><D26/><U132/><E132/><V109/><F109/><W10/><G71/><T2/><D2/><U76/><E115/><V16/><F105/><W117/><G117/><T126/><D126/><U133/><E133/><V118/><F118/><W119/><G119/><T45/><D5/><U113/><E113/><V63/><F42/><W116/><G116/><T73/><D13/><U50/><E81/><V97/><F97/><W125/><G125/><T129/><D129/><U28/><E92/><V14/><F51/><N who="1" m="19497" /><E55/><V3/><F3/><W64/><G11/><T33/><D33/><U57/><E57/><V131/><F7/><W40/><G99/><T123/><D123/><U110/><E110/><V8/><F8/><W72/><G104/><T54/><D54/><U38/><E38/><V60/><F131/><W34/><G72/><T4/><D4/><U39/><E39/><V95/><F95/><W101/><G101/><N who="0" m="60567" /><D73/><U127/><E127/><V77/><F77/><AGARI ba="0,0" hai="20,21,23,28,29,30,76,77,79,88,90" m="19497" machi="77" ten="40,8000,1" yaku="28,2,8,1,54,1" doraHai="103" who="1" fromWho="2" sc="250,0,250,80,250,-80,250,0" /><INIT seed="1,0,0,2,5,48" ten="250,330,170,250" oya="1" hai0="78,53,25,30,103,29,128,36,24,31,114,98,4" hai1="82,9,3,6,130,52,56,109,47,112,121,60,27" hai2="105,132,50,54,10,100,110,38,18,32,7,58,73" hai3="28,46,41,55,115,104,63,97,83,1,86,120,106"/><U51/><E112/><V81/><F32/><W85/><G1/><T40/><D114/><U12/><E121/><V76/><F110/><W126/><G115/><T57/><D128/><U67/><E130/><V80/><F132/><W0/><G0/><T22/><D78/><U91/><E109/><V74/><F38/><W70/><G126/><T77/><D77/><U135/><E135/><V69/><F69/><W134/><G134/><T72/><D72/><U124/><E124/><V68/><F68/><W131/><G120/><T113/><D113/><U65/><E3/><V111/><F111/><W79/><G28/><T11/><D36/><U93/><E27/><V61/><F18/><W89/><G97/><T45/><D45/><U44/><E82/><V17/><F17/><W2/><G2/><T87/><D40/><N who="1" m="24967" /><E47/><V95/><F105/><W119/><G119/><T43/><D43/><U39/><E39/><V90/><F100/><W34/><G34/><T49/><D25/><U117/><E117/><V16/><F81/><W118/><G118/><T21/><D24/><U133/><E133/><V23/><F73/><W127/><G131/><T96/><D87/><AGARI ba="0,0" hai="6,9,12,52,56,60,65,67,87,91,93" m="24967" machi="87" ten="30,5800,0" yaku="8,1,52,1,54,1" doraHai="48" who="1" fromWho="0" sc="250,-58,330,58,170,0,250,0" /><INIT seed="1,1,0,0,1,12" ten="192,388,170,250" oya="1" hai0="2,16,78,50,100,47,119,134,132,85,39,74,107" hai1="44,98,102,34,52,26,95,32,127,23,28,69,13" hai2="45,54,113,80,59,61,125,70,73,5,124,133,67" hai3="76,20,58,116,48,104,93,68,66,11,81,18,97"/><U118/><E69/><V77/><F133/><N who="0" m="51306" /><D119/><U29/><E118/><V1/><F113/><W4/><G104/><T27/><D2/><U123/><E123/><V129/><F129/><W41/><G68/><T65/><D74/><U17/><E127/><V56/><F56/><W131/><G131/><T75/><D75/><U31/><REACH who="1" step="1"/><E26/><REACH who="1" ten="192,378,170,250" step="2"/><V71/><F71/><W72/><G116/><T130/><D27/><U82/><E82/><V84/><F124/><W55/><G66/><T9/><D130/><U86/><E86/><V53/><F125/><W111/><G111/><T109/><D85/><U14/><E14/><V87/><F70/><W38/><G81/><T92/><D109/><U22/><E22/><V49/><F87/><W106/><G20/><T88/><D9/><U10/><E10/><V101/><F84/><W6/><G11/><T135/><D135/><U43/><E43/><V37/><F80/><W105/><G41/><T96/><D96/><U114/><E114/><V60/><F73/><W21/><G21/><T33/><D33/><U57/><E57/><V8/><F59/><W117/><G58/><T7/><D47/><U0/><E0/><V122/><F1/><W91/><G97/><T19/><D78/><U25/><E25/><V30/><F77/><W115/><G72/><T126/><D126/><U108/><E108/><V79/><F79/><W62/><G76/><T40/><D40/><U110/><E110/><V90/><F122/><W120/><G115/><T103/><D103/><U99/><E99/><V24/><F101/><W94/><G117/><T36/><D100/><RYUUKYOKU ba="1,1" sc="192,-10,378,30,170,-10,250,-10" hai1="13,17,23,28,29,31,32,34,44,52,95,98,102" /><INIT seed="1,2,1,1,4,64" ten="182,408,160,240" oya="1" hai0="49,41,16,70,85,121,80,101,95,127,55,42,40" hai1="58,56,23,74,61,113,120,108,100,43,68,35,29" hai2="109,133,14,5,135,99,18,2,30,94,24,98,69" hai3="86,83,87,96,132,112,0,102,126,81,53,34,7"/><U15/><E74/><V72/><F72/><W82/><G34/><T31/><D31/><U77/><E77/><V1/><F109/><W52/><G112/><T73/><D73/><U115/><E120/><V13/><F69/><W17/><G126/><T76/><D121/><U32/><E43/><V3/><F99/><W12/><G132/><N who="2" m="50761" /><F98/><W103/><G7/><T50/><D127/><U89/><E100/><N who="3" m="38442" /><G96/><N who="0" m="59551" /><D70/><U104/><E68/><V117/><F94/><W48/><G0/><T9/><D55/><N who="3" m="21065" /><G48/><T21/><D9/><AGARI ba="2,1" hai="9,12,17,81,82,83,86,87" m="21065,38442" machi="9" ten="30,2000,0" yaku="8,1,54,1" doraHai="64" who="3" fromWho="0" sc="182,-26,408,0,160,0,240,36" /><INIT seed="2,0,0,2,1,83" ten="156,408,160,276" oya="2" hai0="55,75,133,95,125,9,44,100,28,130,26,39,35" hai1="56,110,29,124,10,123,66,93,113,102,126,128,72" hai2="18,5,43,0,92,16,27,122,51,17,45,60,82" hai3="80,117,101,61,127,49,50,118,31,90,34,63,33"/><V78/><F122/><W74/><G101/><T8/><D75/><U36/><E72/><V71/><F92/><W6/><G6/><T132/><D130/><U1/><E36/><V38/><F51/><W40/><G74/><T4/><D125/><U42/><E42/><V79/><F27/><W121/><G31/><T98/><D55/><U53/><E53/><V105/><F105/><W19/><G19/><T67/><D67/><U15/><E66/><V87/><F78/><W134/><G134/><N who="0" m="51819" /><D4/><U73/><E73/><V59/><F71/><W81/><G90/><T111/><D111/><U115/><E110/><V97/><F97/><W107/><G107/><T25/><D25/><U106/><E106/><V64/><REACH who="2" step="1"/><F5/><REACH who="2" ten="156,408,150,276" step="2"/><W32/><G50/><T135/><D135/><U11/><E93/><V76/><F76/><W30/><G49/><T85/><D85/><U129/><E123/><V69/><F69/><W77/><G121/><T57/><D57/><U37/><E56/><V94/><F94/><W20/><G77/><T114/><D114/><U104/><E115/><V91/><F91/><W103/><G81/><T22/><D35/><U41/><E113/><V14/><F14/><W65/><G34/><T2/><D2/><AGARI ba="0,1" hai="0,2,16,17,18,38,43,45,59,60,64,79,82,87" machi="2" ten="40,7700,0" yaku="1,1,52,1,54,1,53,0" doraHai="83" doraHaiUra="48" who="2" fromWho="0" sc="156,-77,408,0,150,87,276,0" /><INIT seed="2,1,0,5,0,38" ten="79,408,237,276" oya="2" hai0="81,82,88,21,70,42,129,44,94,71,105,112,117" hai1="74,19,101,111,130,39,127,0,31,135,89,132,7" hai2="14,67,72,30,128,10,11,116,133,36,43,41,85" hai3="59,18,32,68,54,123,8,62,35,91,6,23,4"/><V131/><F116/><W3/><G123/><T25/><D117/><U114/><E89/><V64/><F72/><W121/><G121/><T52/><D105/><U28/><E101/><V46/><F133/><W125/><G125/><T12/><D12/><U83/><E83/><V102/><F102/><W24/><G68/><T49/><D112/><U29/><E39/><V69/><F30/><W76/><G76/><T56/><D129/><N who="2" m="49738" /><F85/><W16/><G4/><T20/><D71/><U134/><E74/><V110/><F110/><W84/><REACH who="3" step="1"/><G18/><REACH who="3" ten="79,408,237,266" step="2"/><N who="0" m="12439" /><D70/><U1/><E130/><V5/><F69/><W126/><G126/><T97/><D21/><U51/><E127/><V34/><F34/><W37/><G37/><T124/><D124/><U99/><E132/><V63/><F36/><W122/><G122/><T90/><D90/><U106/><E134/><V53/><F11/><W107/><G107/><T96/><D96/><U45/><E99/><V79/><F79/><W47/><G47/><T48/><AGARI ba="1,1" hai="42,44,48,49,52,56,81,82,88,94,97" m="12439" machi="48" ten="30,7900,0" yaku="8,1,52,1,54,2" doraHai="38" who="0" fromWho="0" sc="79,92,408,-21,237,-40,266,-21" /><INIT seed="3,0,0,3,4,95" ten="171,387,197,245" oya="3" hai0="98,68,105,39,15,85,134,40,130,69,44,9,102" hai1="122,42,65,32,135,100,93,22,119,46,92,121,21" hai2="30,47,70,10,0,97,124,41,83,87,14,33,29" hai3="67,19,52,116,78,26,20,82,112,66,117,51,2"/><W50/><G2/><T43/><D43/><U56/><E32/><V3/><F70/><W113/><G51/><T77/><D134/><U115/><E115/><V38/><F124/><W18/><G113/><T79/><D130/><U62/><E135/><V99/><F0/><W54/><G54/><T109/><D109/><U1/><E1/><V110/><F3/><W59/><G112/><T94/><D77/><U58/><E119/><V27/><F30/><W31/><G116/><T49/><D39/><U103/><E62/><V17/><REACH who="2" step="1"/><F110/><REACH who="2" ten="171,387,187,245" step="2"/><W75/><REACH who="3" step="1"/><G117/><REACH who="3" ten="171,387,187,235" step="2"/><T7/><REACH who="0" step="1"/><D105/><REACH who="0" ten="161,387,187,235" step="2"/><U23/><E122/><V16/><F16/><AGARI ba="0,3" hai="16,18,19,20,26,31,50,52,59,66,67,75,78,82" machi="16" ten="40,12000,1" yaku="1,1,2,1,54,2,53,1" doraHai="95" doraHaiUra="53" who="3" fromWho="2" sc="161,0,387,0,187,-120,235,150" /><INIT seed="3,1,0,5,4,83" ten="161,387,67,385" oya="3" hai0="66,123,22,48,88,117,98,23,39,107,101,89,76" hai1="90,125,80,110,51,121,73,21,124,68,9,108,122" hai2="94,13,95,69,2,52,46,32,100,129,130,57,102" hai3="59,4,70,15,19,63,10,81,99,67,33,37,114"/><W71/><G114/><T60/><D123/><N who="1" m="47115" /><E68/><V30/><F2/><W56/><G37/><T134/><D39/><U112/><E51/><V1/><F1/><W61/><G33/><T128/><D134/><U111/><E21/><V26/><F69/><W133/><G133/><T105/><D128/><U18/><E18/><V126/><F126/><N who="1" m="48745" /><E9/><V97/><F13/><W77/><G99/><T34/><D76/><N who="1" m="44047" /><E90/><V120/><F120/><W119/><G119/><T16/><D34/><U75/><E75/><V104/><F46/><W28/><G28/><T62/><D48/><U86/><E86/><V6/><F6/><W11/><G10/><T31/><D31/><U115/><AGARI ba="1,0" hai="108,110,111,112,115" m="44047,48745,47115" machi="115" ten="40,8000,1" yaku="14,1,18,1,23,1,34,2" doraHai="83" who="1" fromWho="1" sc="161,-21,387,83,67,-21,385,-41" /><INIT seed="4,0,0,1,4,86" ten="140,470,46,344" oya="0" hai0="53,12,101,127,29,63,91,42,114,81,68,112,14" hai1="7,125,119,48,92,33,0,95,98,1,23,135,40" hai2="51,30,25,31,50,113,59,57,24,71,17,56,38" hai3="11,22,94,19,118,69,8,62,20,4,35,85,111"/><T96/><D127/><U47/><E33/><V123/><F123/><W60/><G35/><T104/><D42/><U124/><E119/><V64/><F38/><W34/><G34/><T97/><D29/><U79/><E79/><V105/><F105/><W133/><G111/><T27/><D27/><N who="2" m="10314" /><F71/><W80/><G133/><T52/><D68/><U126/><E135/><V121/><F121/><W102/><G118/><T65/><D65/><U54/><E23/><V99/><F99/><W36/><G36/><T89/><D104/><U44/><E7/><V37/><F37/><W26/><G94/><N who="1" m="35882" /><E98/><V75/><F75/><W131/><G102/><T129/><D81/><U87/><E87/><V107/><F107/><W66/><G4/><T3/><D63/><U116/><E116/><V55/><F113/><W9/><G20/><T77/><D77/><U58/><E47/><V61/><F17/><W46/><G46/><T103/><REACH who="0" step="1"/><D3/><REACH who="0" ten="130,470,46,344" step="2"/><U122/><E122/><V83/><F83/><W16/><G62/><AGARI ba="0,1" hai="0,1,40,44,48,54,58,62,124,125,126" m="35882" machi="62" ten="30,1000,0" yaku="18,1" doraHai="86" who="1" fromWho="3" sc="130,0,470,20,46,0,344,-10" /><INIT seed="5,0,0,5,1,129" ten="130,490,46,334" oya="1" hai0="35,77,89,53,59,128,21,0,74,118,41,75,3" hai1="60,106,30,12,55,36,131,76,24,90,32,103,34" hai2="112,39,134,114,13,46,125,71,97,14,47,51,45" hai3="52,113,6,25,58,135,133,100,87,73,68,95,11"/><U9/><E36/><V110/><F110/><W101/><G73/><T117/><D35/><U104/><E76/><V20/><F71/><W56/><G68/><T111/><D41/><U22/><E131/><V115/><F125/><W88/><G25/><T98/><D111/><U123/><E123/><V38/><F97/><W15/><G58/><T96/><D21/><U43/><E43/><V92/><F92/><W82/><G113/><T18/><D18/><U1/><E90/><V50/><F20/><W130/><G130/><T93/><D93/><U19/><E103/><V99/><F99/><W61/><REACH who="3" step="1"/><G95/><REACH who="3" ten="130,490,46,324" step="2"/><T4/><D59/><N who="1" m="34943" /><E34/><V64/><F64/><W26/><G26/><T85/><D75/><U62/><E62/><V27/><F27/><W121/><G121/><T31/><D74/><U83/><E24/><V10/><F134/><AGARI ba="0,1" hai="6,11,15,52,56,61,82,87,88,100,101,133,134,135" machi="134" ten="40,12000,2" yaku="1,1,20,1,52,3,54,2,53,0" doraHai="129" doraHaiUra="126" who="3" fromWho="2" sc="130,0,490,0,46,-120,324,130" owari="130,-27.0,490,59.0,-74,-57.0,454,25.0" /></mjloggm>