<mjloggm ver="2.3"><GO type="169" lobby="0"/><UN n0="%E3%83%95%E3%83%BC%E3%82%AC" n1="%E3%81%8B%E3%82%93%E3%82%8D" n2="%E3%83%88%E3%83%88%E3%83%AA%E5%85%88%E7%94%9F%31%39%E6%AD%B3" n3="%E3%82%AB%E3%83%9C%E3%83%81%E3%83%A3%E3%82%BF%E3%83%8D" dan="17,16,19,17" rate="2228.21,2177.54,2277.94,2220.18" sx="M,F,F,M"/><TAIKYOKU oya="0"/><INIT seed="0,0,0,4,3,81" ten="250,250,250,250" oya="0" hai0="15,92,94,132,25,11,82,84,50,4,13,27,60" hai1="19,48,75,110,45,20,65,63,34,98,93,54,125" hai2="134,56,41,130,101,87,112,88,133,44,86,83,7" hai3="23,52,46,97,33,8,22,70,68,47,10,121,1"/><T69/><D132/><N who="2" m="50794" /><F112/><W123/><G97/><T106/><D106/><U114/><E110/><V90/><F101/><W96/><G96/><T74/><D74/><U105/><E125/><V0/><F56/><W72/><G72/><T14/><D50/><U51/><E75/><V42/><F130/><W5/><G33/><T18/><D60/><U102/><E114/><V66/><F66/><W6/><G1/><T127/><D69/><U64/><E34/><V120/><F120/><W31/><G31/><T21/><D127/><U28/><E28/><V122/><F122/><W77/><G77/><T59/><D59/><U16/><E63/><V91/><F83/><W30/><G30/><T118/><D118/><U17/><E20/><V78/><F78/><W80/><G80/><T62/><D62/><U32/><E32/><V39/><F42/><W37/><G37/><T53/><D53/><AGARI ba="0,0" hai="5,6,8,10,22,23,46,47,52,53,68,70,121,123" machi="53" ten="25,3200,0" yaku="22,2,54,1" doraHai="81" who="3" fromWho="0" sc="250,-32,250,0,250,0,250,32" /><INIT seed="1,0,0,4,1,102" ten="218,250,250,282" oya="1" hai0="103,20,28,131,125,73,80,81,4,33,10,124,93" hai1="105,7,42,91,115,133,119,68,58,132,98,54,3" hai2="85,66,87,99,69,9,106,50,5,40,128,62,36" hai3="108,56,74,21,32,122,12,6,48,57,19,52,13"/><U75/><E68/><V109/><F109/><W2/><G122/><T130/><D73/><U45/><E75/><V37/><F128/><N who="0" m="49194" /><D93/><N who="1" m="56639" /><E115/><V65/><F65/><W1/><G108/><T97/><D97/><U30/><E30/><V44/><F85/><W110/><G32/><T63/><D103/><U29/><E29/><V61/><F61/><W77/><G110/><T67/><D63/><N who="1" m="36311" /><E7/><V34/><F34/><W92/><G92/><T120/><D67/><U43/><E119/><V94/><F106/><W23/><G57/><T39/><D39/><U31/><E31/><V84/><F84/><W82/><REACH who="3" step="1"/><G6/><REACH who="3" ten="218,250,250,272" step="2"/><T116/><D120/><U51/><E105/><V104/><F104/><W111/><G111/><T71/><D71/><U41/><E3/><V47/><F94/><W127/><G127/><T24/><D33/><U114/><E114/><V14/><F99/><W89/><G89/><T96/><D96/><U100/><E100/><V0/><F0/><W35/><G35/><T126/><D116/><U70/><E70/><V49/><F5/><W101/><G101/><T78/><D78/><U86/><E86/><V121/><F87/><W26/><G26/><T64/><D64/><U11/><E45/><V18/><REACH who="2" step="1"/><F121/><REACH who="2" ten="218,250,240,272" step="2"/><W15/><G15/><AGARI ba="0,2" hai="4,10,15,20,24,28,80,81,124,125,126" m="49194" machi="15" ten="40,2600,0" yaku="18,1,19,1" doraHai="102" who="0" fromWho="3" sc="218,46,250,0,240,0,272,-26" /><INIT seed="2,0,0,4,4,81" ten="264,250,240,246" oya="2" hai0="134,118,54,100,120,70,72,106,132,110,12,121,133" hai1="57,1,108,41,9,25,66,21,107,49,10,47,79" hai2="116,52,34,98,90,104,32,51,126,33,131,3,71" hai3="86,45,112,26,15,135,95,17,61,85,60,109,27"/><V114/><F114/><W73/><G109/><T7/><D70/><U92/><E107/><V128/><F116/><W93/><G135/><T46/><D46/><U5/><E108/><V16/><F3/><W127/><G127/><T39/><D110/><U82/><E92/><N who="3" m="35402" /><G73/><T94/><D39/><U124/><E124/><V18/><F126/><W122/><G122/><N who="0" m="47211" /><D54/><U40/><E40/><V31/><F71/><W78/><G112/><T64/><D64/><U89/><E89/><V43/><F31/><W6/><G6/><T56/><D56/><U0/><E66/><V119/><F119/><W91/><G45/><T74/><D12/><U38/><E57/><N who="2" m="32927" /><F90/><W67/><G91/><T8/><D8/><U125/><E125/><V59/><F59/><N who="3" m="37279" /><G61/><T29/><D7/><U42/><E42/><V13/><F13/><W44/><G44/><T113/><D29/><U80/><E38/><V2/><F2/><W48/><G48/><T63/><D63/><U99/><E0/><V129/><F43/><W30/><G30/><T105/><D113/><U111/><E111/><V83/><F83/><N who="3" m="47351" /><G86/><T53/><D53/><U22/><E41/><V97/><F97/><W101/><G101/><AGARI ba="0,0" hai="16,18,32,33,34,98,101,104,128,129,131" m="32927" machi="101" ten="40,7700,0" yaku="19,1,54,2" doraHai="81" who="2" fromWho="3" sc="264,0,250,0,240,77,246,-77" /><INIT seed="2,1,0,1,5,103" ten="264,250,317,169" oya="2" hai0="25,43,112,3,90,125,42,31,38,115,131,55,89" hai1="124,52,120,4,77,37,33,72,62,32,79,60,1" hai2="102,7,81,134,133,87,8,109,130,111,41,49,105" hai3="117,116,11,100,48,21,45,39,28,132,10,24,2"/><V17/><F17/><W20/><G39/><T51/><D3/><U53/><E37/><V71/><F71/><W59/><G59/><T18/><D125/><U129/><E1/><N who="2" m="111" /><F130/><W128/><G100/><T93/><D131/><U108/><E129/><V76/><F49/><W61/><G128/><T73/><D73/><U135/><E4/><V44/><F44/><W123/><G61/><T0/><D0/><U13/><E13/><V95/><F95/><W122/><G48/><T6/><D6/><U98/><E120/><V104/><F102/><W64/><G64/><T82/><D18/><U30/><E30/><V99/><F99/><W29/><G45/><T67/><D67/><U121/><E121/><V16/><F41/><W96/><G96/><T65/><D65/><U56/><E98/><V94/><F94/><W126/><G2/><T46/><D38/><U66/><E66/><V101/><F101/><W12/><G12/><T80/><D43/><U22/><E124/><V69/><F69/><W34/><G126/><T127/><D42/><U88/><E56/><V86/><F86/><W75/><G75/><T110/><D127/><U5/><E60/><V15/><F111/><W91/><G91/><N who="0" m="34827" /><D93/><U27/><E72/><V63/><F109/><W36/><G36/><T92/><D92/><U78/><E53/><V47/><F63/><W26/><G132/><N who="2" m="50793" /><F47/><W35/><AGARI ba="1,0" hai="10,11,20,21,24,26,28,29,34,35,116,117,122,123" machi="35" ten="25,12000,2" yaku="0,1,22,2,34,3" doraHai="103" who="3" fromWho="3" sc="264,-31,250,-31,317,-61,169,123" /><INIT seed="3,0,0,2,2,32" ten="233,219,256,292" oya="3" hai0="65,11,22,126,39,53,132,91,50,1,115,81,0" hai1="8,28,134,90,135,107,104,37,93,57,21,130,129" hai2="13,5,25,105,35,20,63,24,71,2,88,14,23" hai3="128,43,66,82,72,96,9,95,55,34,113,52,114"/><W124/><G124/><T77/><D39/><U42/><E37/><V79/><F105/><N who="1" m="40521" /><E42/><V48/><F35/><W54/><G128/><N who="1" m="49258" /><E57/><V46/><F79/><W112/><G34/><T33/><D33/><U61/><E61/><V121/><F121/><W127/><G127/><T110/><D126/><U123/><E123/><V108/><F108/><W75/><G66/><T86/><D110/><U19/><E28/><V69/><F63/><W76/><G9/><T4/><D132/><U84/><E8/><V40/><F5/><W101/><REACH who="3" step="1"/><G43/><REACH who="3" ten="233,219,256,282" step="2"/><T36/><D65/><U133/><E135/><V118/><F40/><W122/><G122/><T74/><D22/><U47/><E134/><V106/><F23/><W58/><G58/><T119/><D115/><U10/><E10/><V117/><F20/><W85/><AGARI ba="0,1" hai="52,54,55,72,75,76,82,85,95,96,101,112,113,114" machi="85" ten="40,18000,2" yaku="1,1,0,1,54,1,53,3" doraHai="32" doraHaiUra="111" who="3" fromWho="3" sc="233,-60,219,-60,256,-60,282,190" /><INIT seed="3,1,0,4,3,24" ten="173,159,196,472" oya="3" hai0="1,32,135,21,120,48,61,58,85,114,123,59,128" hai1="27,87,103,19,130,60,105,115,7,110,96,106,117" hai2="56,63,8,93,17,111,104,92,73,55,45,44,15" hai3="74,132,121,11,78,88,28,3,84,134,20,30,31"/><W126/><G121/><T34/><D1/><U47/><E115/><V124/><F73/><W91/><G126/><T71/><D114/><U107/><E110/><V108/><F104/><W83/><G20/><T125/><D125/><U69/><E7/><V95/><REACH who="2" step="1"/><F124/><REACH who="2" ten="173,159,186,472" step="2"/><W113/><G113/><T72/><D72/><U129/><E106/><V81/><F81/><W89/><REACH who="3" step="1"/><G74/><REACH who="3" ten="173,159,186,462" step="2"/><T109/><D123/><U43/><E130/><V68/><F68/><W54/><G54/><T35/><D71/><U76/><E69/><V25/><F25/><W6/><AGARI ba="1,2" hai="3,6,11,28,30,31,78,83,84,88,89,91,132,134" machi="6" ten="40,18000,2" yaku="1,1,0,1,52,3,54,1,53,0" doraHai="24" doraHaiUra="42" who="3" fromWho="3" sc="173,-61,159,-61,186,-61,462,203" /><INIT seed="3,2,0,1,3,22" ten="112,98,125,665" oya="3" hai0="55,110,56,97,63,119,47,30,76,14,45,124,12" hai1="60,4,23,66,100,24,72,25,133,15,70,123,95" hai2="2,46,52,92,53,71,105,67,78,120,130,34,117" hai3="129,0,37,128,109,35,9,106,74,58,112,115,6"/><W68/><RYUUKYOKU type="yao9" ba="2,0" sc="112,0,98,0,125,0,665,0" hai3="0,6,9,35,37,58,68,74,106,109,112,115,128,129" /><INIT seed="3,3,0,0,5,7" ten="112,98,125,665" oya="3" hai0="103,75,25,115,81,1,125,53,131,110,39,83,10" hai1="60,76,67,120,112,134,63,130,17,105,0,29,49" hai2="111,5,126,98,62,55,133,4,38,9,74,109,30" hai3="86,69,99,58,116,78,19,121,107,106,3,128,59"/><W24/><G116/><T114/><D110/><N who="2" m="41994" /><F74/><W95/><G121/><T47/><D125/><U22/><E120/><V11/><F38/><W18/><G128/><T64/><D131/><U90/><E112/><N who="0" m="43049" /><D64/><U113/><E113/><V16/><F126/><W44/><G69/><T102/><D25/><U33/><E105/><V82/><F133/><W57/><G3/><T34/><D34/><U118/><E118/><V15/><F30/><W52/><G86/><T108/><D108/><U50/><E29/><V32/><F32/><W6/><G107/><T135/><D135/><U14/><E33/><V36/><F36/><W77/><G106/><T35/><D35/><U28/><E28/><V26/><F82/><W92/><G6/><N who="2" m="2665" /><F26/><W119/><G119/><T54/><D1/><U93/><E0/><V89/><F89/><W104/><G104/><T65/><D83/><U21/><E90/><V73/><F98/><W70/><G70/><T56/><D81/><U61/><E76/><N who="3" m="29290" /><G24/><T27/><D27/><U96/><E96/><V66/><F73/><W51/><G92/><T72/><D75/><U12/><E134/><V71/><F55/><W40/><G40/><N who="0" m="22943" /><D72/><U85/><E130/><V13/><F13/><W100/><AGARI ba="3,0" hai="18,19,44,51,52,57,58,59,95,99,100" m="29290" machi="100" ten="30,3000,0" yaku="8,1,54,1" doraHai="7" who="3" fromWho="3" sc="112,-13,98,-13,125,-13,665,39" /><INIT seed="3,4,0,5,2,8" ten="99,85,112,704" oya="3" hai0="94,77,125,107,116,72,114,66,102,111,112,47,104" hai1="70,91,51,6,0,92,52,29,127,131,46,134,63" hai2="43,81,19,45,95,48,18,12,80,100,129,5,28" hai3="83,90,9,69,124,96,10,75,13,11,78,39,1"/><W133/><G124/><T84/><D66/><U7/><E127/><V33/><F129/><W71/><G133/><T86/><D47/><U85/><E134/><V53/><F33/><W36/><G1/><T73/><D125/><U61/><E131/><V3/><F28/><W74/><G78/><T99/><D116/><U117/><E117/><V123/><F123/><W57/><G57/><T121/><D121/><U60/><E70/><N who="3" m="26634" /><G83/><N who="0" m="47215" /><D111/><U31/><REACH who="1" step="1"/><E0/><REACH who="1" ten="99,75,112,704" step="2"/><V59/><F3/><W98/><G90/><N who="0" m="53591" /><D104/><U58/><E58/><V132/><F132/><W119/><G119/><T41/><D41/><U17/><E17/><V38/><F18/><W26/><G26/><T109/><D109/><U126/><E126/><V54/><F5/><AGARI ba="4,1" hai="5,6,7,29,31,46,51,52,60,61,63,85,91,92" machi="5" ten="40,8000,1" yaku="1,1,8,1,54,1,53,1" doraHai="8" doraHaiUra="88" who="1" fromWho="2" sc="99,0,75,102,112,-92,704,0" /><INIT seed="4,0,0,4,4,75" ten="99,177,20,704" oya="0" hai0="46,29,59,23,73,36,24,15,72,82,50,101,135" hai1="33,134,40,93,96,97,102,91,4,56,41,16,79" hai2="30,80,108,31,17,133,47,66,129,11,115,65,95" hai3="120,58,100,18,37,123,45,21,118,51,22,119,127"/><T9/><D135/><U76/><E33/><V128/><F133/><W104/><G37/><T85/><D101/><U55/><E4/><V74/><F108/><W103/><G58/><T35/><D35/><U112/><E112/><V44/><F115/><W89/><G51/><T71/><D59/><U99/><E134/><V116/><F116/><W122/><G18/><T57/><D57/><U42/><E16/><V78/><F95/><W0/><G104/><T60/><D60/><U64/><E64/><V87/><F74/><W10/><G89/><T19/><D71/><U132/><E132/><V3/><F65/><W88/><G45/><N who="2" m="17481" /><F66/><W63/><G63/><T6/><D36/><U14/><E14/><N who="2" m="7391" /><F3/><W84/><G0/><T62/><D62/><N who="1" m="36127" /><E102/><N who="3" m="38954" /><G10/><T105/><D105/><U28/><E28/><V43/><F43/><W20/><G127/><T107/><D107/><U32/><E32/><V2/><F2/><W27/><G27/><T12/><D12/><U53/><E53/><V26/><F26/><W94/><AGARI ba="0,0" hai="20,21,22,84,88,94,118,119,120,122,123" m="38954" machi="94" ten="40,2700,0" yaku="13,1,54,1" doraHai="75" who="3" fromWho="3" sc="99,-13,177,-7,20,-7,704,27" /><INIT seed="5,0,0,2,0,41" ten="86,170,13,731" oya="1" hai0="7,30,23,52,103,21,65,75,17,122,125,116,102" hai1="27,114,22,108,45,14,46,37,89,107,118,0,63" hai2="109,1,58,50,91,124,97,32,76,115,113,100,94" hai3="67,42,19,98,26,71,77,85,28,95,106,48,24"/><U40/><E0/><V33/><F109/><W31/><G106/><T10/><D75/><U6/><E108/><V55/><F1/><W53/><G42/><T35/><D116/><U135/><E118/><V20/><F124/><W88/><G67/><T80/><D65/><U56/><E107/><V104/><F76/><W43/><G43/><T60/><D125/><U93/><E114/><N who="2" m="43531" /><F20/><N who="3" m="13343" /><G26/><T105/><D105/><U119/><E119/><V132/><F132/><W120/><G120/><T84/><D122/><U18/><E135/><V81/><F81/><N who="3" m="47279" /><G71/><T79/><D35/><U134/><E134/><V121/><F121/><W36/><G36/><T69/><D69/><U129/><E129/><V8/><F8/><W61/><G61/><T47/><D23/><U68/><E68/><V110/><F110/><W101/><G101/><T87/><D103/><U3/><E3/><V13/><F13/><W16/><G16/><T25/><D102/><U54/><E6/><V86/><AGARI ba="0,0" hai="32,33,50,55,58,86,91,94,97,100,104" m="43531" machi="86" ten="30,2000,0" yaku="15,1,11,1" doraHai="41" who="2" fromWho="2" sc="86,-5,170,-10,13,20,731,-5" /><INIT seed="6,0,0,1,4,64" ten="81,160,33,726" oya="2" hai0="26,66,60,85,113,22,128,78,29,131,44,9,30" hai1="115,10,102,109,47,123,34,57,101,39,84,130,112" hai2="8,82,104,135,98,17,53,7,13,18,19,52,62" hai3="133,99,73,45,14,28,65,61,24,69,35,59,6"/><V119/><F119/><W122/><G133/><T2/><D113/><U71/><E34/><V81/><F135/><W68/><G122/><T95/><D44/><U121/><E39/><V127/><F127/><W51/><G73/><T20/><D2/><U48/><E10/><V43/><F43/><W50/><G99/><T106/><D106/><U118/><E118/><V33/><F33/><W16/><G6/><T36/><D36/><U25/><E25/><V87/><F62/><W116/><G116/><T129/><D9/><U12/><E12/><V5/><F5/><W49/><REACH who="3" step="1"/><G45/><REACH who="3" ten="81,160,33,716" step="2"/><T58/><D128/><U120/><E47/><V125/><F125/><W74/><G74/><T42/><D129/><U89/><E121/><V105/><F81/><W11/><AGARI ba="0,1" hai="11,14,16,24,28,35,49,50,51,59,61,65,68,69" machi="11" ten="30,12000,2" yaku="1,1,0,1,52,2,54,1,53,1" doraHai="64" doraHaiUra="54" who="3" fromWho="3" sc="81,-30,160,-30,33,-60,716,130" owari="51,-35.0,130,-7.0,-27,-53.0,846,95.0" /></mjloggm>