<mjloggm ver="2.3"><GO type="169" lobby="0"/><UN n0="%E9%A7%84%E5%A6%B9" n1="%E6%A1%83%E3%82%84%E3%82%93" n2="%E3%81%86%E3%82%81%E3%81%A0" n3="%E3%83%88%E3%83%88%E3%83%AA%E5%85%88%E7%94%9F%31%39%E6%AD%B3" dan="17,17,16,19" rate="2166.36,2139.22,2128.76,2292.19" sx="F,M,F,F"/><TAIKYOKU oya="0"/><INIT seed="0,0,0,5,3,122" ten="250,250,250,250" oya="0" hai0="64,85,38,41,17,26,105,117,91,51,69,9,57" hai1="131,95,94,88,56,35,59,5,104,21,40,63,127" hai2="71,67,47,89,123,13,128,60,134,119,79,53,82" hai3="0,93,74,121,66,107,110,6,68,31,106,19,29"/><T27/><D117/><U3/><E104/><V22/><F123/><W46/><G121/><T10/><D105/><U61/><E35/><V32/><F32/><W33/><G19/><T77/><D77/><U20/><E131/><V108/><F119/><W8/><G93/><T48/><D38/><U7/><E40/><V65/><F65/><W98/><G31/><T81/><D69/><U43/><E43/><V132/><F128/><W112/><G112/><T118/><D118/><U76/><E76/><V12/><F89/><W115/><G115/><T42/><D42/><U125/><REACH who="1" step="1"/><E3/><REACH who="1" ten="250,240,250,250" step="2"/><V109/><F134/><W114/><G114/><T90/><D41/><U52/><E52/><V49/><F132/><W2/><G2/><T54/><D54/><U37/><E37/><V113/><F113/><W87/><G106/><T73/><D64/><U18/><E18/><V14/><REACH who="2" step="1"/><F22/><REACH who="2" ten="250,240,240,250" step="2"/><W34/><G34/><T129/><D129/><U103/><E103/><V101/><F101/><W28/><G33/><T58/><D91/><AGARI ba="0,2" hai="5,7,20,21,56,59,61,63,88,91,94,95,125,127" machi="91" ten="25,12000,2" yaku="1,1,22,2,54,1,53,2" doraHai="122" doraHaiUra="86" who="1" fromWho="0" sc="250,-120,240,140,240,0,250,0" /><INIT seed="1,0,0,2,3,68" ten="130,380,240,250" oya="1" hai0="51,71,69,134,74,126,44,100,24,14,97,36,125" hai1="21,64,48,41,131,27,85,57,28,15,111,99,53" hai2="63,105,9,0,43,67,47,133,11,55,121,26,73" hai3="93,77,39,84,130,60,132,61,33,8,10,3,49"/><U95/><E131/><V6/><F121/><W107/><G33/><T65/><D74/><U17/><E111/><V76/><F105/><W34/><G34/><T22/><D14/><U91/><E41/><V29/><F11/><W16/><G107/><N who="0" m="63887" /><D65/><U114/><E114/><V54/><F133/><W40/><G132/><T123/><D123/><U96/><REACH who="1" step="1"/><E64/><REACH who="1" ten="130,370,240,250" step="2"/><V113/><F113/><W78/><G40/><N who="0" m="24967" /><D134/><U13/><E13/><V89/><F43/><W90/><G130/><T25/><D36/><U75/><E75/><V129/><F73/><W79/><G39/><T116/><D116/><U35/><AGARI ba="0,1" hai="15,17,21,27,28,35,48,53,57,85,91,95,96,99" machi="35" ten="20,12000,1" yaku="1,1,0,1,7,1,25,2,53,0" doraHai="68" doraHaiUra="135" who="1" fromWho="1" sc="130,-40,370,130,240,-40,250,-40" /><INIT seed="1,1,0,2,2,13" ten="90,500,200,210" oya="1" hai0="64,0,122,4,99,51,73,85,55,26,34,126,5" hai1="115,57,95,43,61,103,100,19,7,94,59,44,135" hai2="27,15,118,49,116,50,89,114,3,62,134,74,87" hai3="102,40,83,42,106,35,112,45,71,129,98,20,63"/><U24/><E115/><V17/><F3/><W58/><G112/><T68/><D73/><U76/><E135/><V75/><F114/><W22/><G35/><T36/><D36/><U47/><E7/><V133/><F62/><W6/><G71/><T53/><D68/><U128/><E128/><V82/><F27/><W28/><G129/><T32/><D32/><U105/><E105/><V81/><F15/><W88/><G6/><T111/><D64/><U41/><E76/><V65/><F87/><W9/><G9/><T12/><D0/><U131/><E131/><V18/><F89/><W108/><G108/><T29/><D55/><U124/><E24/><V97/><F97/><W37/><G40/><T52/><D53/><U120/><E124/><V16/><F18/><W38/><G38/><T104/><D111/><U14/><E14/><V84/><F84/><W123/><G28/><T121/><D85/><U119/><E61/><V39/><F39/><W56/><G123/><N who="0" m="47115" /><D12/><U96/><E120/><V48/><F48/><W11/><G63/><T77/><D77/><U54/><E54/><V91/><F91/><W101/><G11/><T33/><D34/><U21/><E21/><N who="3" m="8298" /><G88/><T110/><D126/><U117/><REACH who="1" step="1"/><E96/><REACH who="1" ten="90,490,200,210" step="2"/><V69/><F65/><W92/><G106/><T125/><D125/><U67/><E67/><V23/><F69/><W93/><G98/><T79/><D79/><U107/><E107/><V8/><F23/><W25/><G25/><T86/><D110/><U113/><E113/><V109/><F109/><W66/><G66/><T60/><D104/><U31/><E31/><RYUUKYOKU ba="1,1" sc="90,-15,490,15,200,15,210,-15" hai1="19,41,43,44,47,57,59,94,95,100,103,117,119" hai2="8,16,17,49,50,74,75,81,82,116,118,133,134" /><INIT seed="1,2,1,0,4,30" ten="75,505,215,195" oya="1" hai0="132,64,99,6,58,65,20,21,87,69,39,1,4" hai1="114,113,43,78,17,126,73,53,107,95,10,23,56" hai2="50,34,97,13,68,35,41,101,74,24,61,89,77" hai3="3,128,115,125,12,54,123,75,62,102,49,33,76"/><U46/><E107/><V40/><F77/><W60/><G123/><T11/><D39/><U104/><E104/><V86/><F74/><W81/><G3/><T45/><D69/><U100/><E126/><V84/><F84/><W111/><G115/><T16/><D132/><U67/><E10/><V29/><F13/><W106/><G33/><T14/><D45/><U98/><E67/><N who="0" m="25673" /><D1/><U38/><E78/><V31/><F68/><W88/><G125/><T135/><D135/><U108/><E73/><V59/><F50/><W32/><G32/><T133/><D133/><U124/><E108/><V130/><F130/><W2/><G2/><T22/><D99/><U66/><E66/><V82/><F59/><W117/><G128/><T120/><D120/><U5/><E5/><N who="0" m="2153" /><D58/><U90/><E100/><V25/><F61/><W8/><G111/><T121/><D121/><U116/><E116/><V57/><F57/><N who="3" m="32975" /><G117/><T9/><D9/><U71/><E124/><V122/><F122/><W92/><G102/><T110/><D110/><U119/><E119/><V109/><F109/><W118/><G106/><AGARI ba="2,1" hai="24,25,29,31,34,35,40,41,82,86,89,97,101,106" machi="106" ten="30,7700,0" yaku="7,1,9,1,52,2" doraHai="30" who="2" fromWho="3" sc="75,0,505,0,215,93,195,-83" /><INIT seed="2,0,0,3,0,65" ten="75,505,308,112" oya="2" hai0="94,55,93,123,4,17,99,29,62,34,53,57,92" hai1="33,90,52,0,85,31,130,74,127,112,25,70,121" hai2="39,135,118,124,5,80,119,86,45,73,58,96,32" hai3="61,26,71,110,75,60,49,47,10,91,54,82,79"/><V113/><F113/><W56/><G110/><T106/><D123/><U68/><E74/><V48/><F39/><W30/><G91/><T14/><D4/><U89/><E0/><V103/><F73/><W8/><G61/><T12/><D106/><U133/><E112/><V6/><F32/><W67/><REACH who="3" step="1"/><G47/><REACH who="3" ten="75,505,308,102" step="2"/><T83/><D83/><U105/><E90/><V36/><F80/><W88/><G88/><T50/><D99/><U104/><E121/><V22/><F119/><W59/><G59/><T18/><D34/><AGARI ba="0,1" hai="8,10,26,30,34,49,54,56,60,67,71,75,79,82" machi="34" ten="30,7700,0" yaku="1,1,7,1,52,1,53,1" doraHai="65" doraHaiUra="46" who="3" fromWho="0" sc="75,-77,505,0,308,0,102,87" owari="-2,-50.0,505,60.0,308,11.0,189,-21.0" /></mjloggm>