<mjloggm ver="2.3"><GO type="169" lobby="0"/><UN n0="%E9%B3%B3%E5%BC%A5" n1="%E3%82%B7%E3%83%A3%E3%83%BC%E3%83%97%E3%83%AB" n2="%E3%83%88%E3%83%88%E3%83%AA%E5%85%88%E7%94%9F%31%39%E6%AD%B3" n3="%4C%61%73%6B%26%59%75" dan="16,16,19,17" rate="2107.40,2052.81,2354.11,2185.89" sx="M,M,F,M"/><TAIKYOKU oya="0"/><INIT seed="0,0,0,5,0,53" ten="250,250,250,250" oya="0" hai0="11,107,75,103,123,124,118,71,49,4,98,57,30" hai1="14,91,72,86,21,36,62,106,69,46,67,89,41" hai2="5,112,24,48,113,56,115,110,68,51,34,90,54" hai3="50,135,121,101,10,63,1,22,64,58,47,116,7"/><T84/><D123/><U131/><E72/><V38/><F38/><W55/><G135/><T105/><D75/><U6/><E106/><V81/><F68/><W25/><G121/><T102/><D71/><U16/><E131/><V20/><F110/><W43/><G116/><T15/><D118/><U109/><E109/><V104/><F104/><W8/><G101/><T26/><D124/><U134/><E134/><V120/><F120/><W61/><G10/><T27/><D84/><U78/><REACH who="1" step="1"/><E6/><REACH who="1" ten="250,240,250,250" step="2"/><V127/><F5/><W23/><REACH who="3" step="1"/><G25/><REACH who="3" ten="250,240,250,240" step="2"/><T133/><D133/><U60/><E60/><V17/><F24/><W3/><G3/><T59/><D27/><U93/><E93/><V29/><F112/><W96/><G96/><T35/><D49/><U9/><E9/><V37/><F51/><W77/><G77/><T95/><D95/><U92/><E92/><V128/><F113/><W83/><G83/><AGARI ba="0,2" hai="14,16,21,36,41,46,62,67,69,78,83,86,89,91" machi="83" ten="40,5200,0" yaku="1,1,54,1,53,1" doraHai="53" doraHaiUra="82" who="1" fromWho="3" sc="250,0,240,72,250,0,240,-52" /><INIT seed="1,0,0,1,5,6" ten="250,312,250,188" oya="1" hai0="75,102,116,119,45,67,36,1,133,65,110,53,120" hai1="15,125,117,44,43,101,104,111,0,3,94,76,55" hai2="135,123,34,93,115,126,95,9,131,19,42,129,32" hai3="82,26,58,20,56,35,88,71,23,24,132,41,4"/><U16/><E104/><V30/><F123/><W14/><G132/><T108/><D75/><U114/><E114/><V99/><F135/><W63/><G41/><N who="0" m="22695" /><D1/><U124/><E117/><N who="0" m="45129" /><D102/><U105/><E105/><V62/><F115/><W118/><G118/><T27/><D27/><U73/><E55/><V91/><F126/><N who="1" m="48745" /><E111/><N who="0" m="42537" /><D133/><U29/><E29/><V21/><F30/><W70/><G35/><T46/><D120/><U50/><E76/><V87/><F42/><W85/><G26/><T17/><D17/><U83/><E83/><V79/><F32/><W98/><G98/><T5/><D5/><U96/><E73/><V103/><F34/><W60/><G20/><AGARI ba="0,0" hai="0,3,15,16,20,43,44,50,94,96,101" m="48745" machi="20" ten="30,2900,0" yaku="18,1,54,1" doraHai="6" who="1" fromWho="3" sc="250,0,312,29,250,0,188,-29" /><INIT seed="1,1,0,2,0,50" ten="250,341,250,159" oya="1" hai0="16,92,32,108,118,82,15,125,119,31,3,86,110" hai1="60,121,103,59,48,111,78,123,42,115,10,34,39" hai2="124,130,116,19,101,100,29,134,84,127,47,18,122" hai3="22,106,41,77,94,133,85,132,36,63,81,69,55"/><U70/><E34/><V73/><F73/><W8/><G106/><T40/><D3/><U57/><E78/><V102/><F116/><W76/><G22/><T67/><D40/><U65/><E103/><V131/><F122/><N who="1" m="46601" /><E10/><V38/><F38/><W28/><G28/><T126/><D92/><U51/><E115/><V44/><F29/><W12/><G94/><T98/><D98/><U79/><E79/><V21/><F134/><N who="3" m="51819" /><G76/><T107/><D107/><U104/><E104/><V80/><F84/><W68/><G41/><T58/><D67/><U7/><E7/><V26/><F80/><W129/><G129/><N who="2" m="49161" /><F19/><N who="3" m="8583" /><G36/><T25/><D58/><AGARI ba="1,0" hai="55,58,63,68,69,77,81,85" m="8583,51819" machi="58" ten="30,2000,0" yaku="20,1,52,1" doraHai="50" who="3" fromWho="0" sc="250,-23,341,0,250,0,159,23" /><INIT seed="2,0,0,0,3,54" ten="227,341,250,182" oya="2" hai0="102,103,43,127,51,6,67,46,30,5,92,94,12" hai1="111,58,85,96,19,126,57,133,82,40,24,95,97" hai2="121,27,48,61,65,113,36,77,7,128,83,130,49" hai3="129,131,50,106,53,122,39,78,37,68,107,41,132"/><V60/><F113/><W112/><G78/><T32/><D127/><U75/><E126/><V18/><F121/><W80/><G80/><T47/><D67/><U52/><E75/><V70/><F36/><N who="3" m="13899" /><G122/><T10/><D32/><U99/><E111/><V86/><F7/><W125/><G125/><T119/><D30/><U31/><E40/><V17/><F61/><W34/><G34/><T44/><D119/><U55/><E133/><V93/><F93/><N who="0" m="35946" /><D5/><U9/><E95/><V134/><F134/><W38/><G132/><T81/><D81/><U13/><E55/><V28/><F48/><W29/><G29/><T73/><D73/><U115/><E115/><V124/><F49/><W135/><G135/><T101/><AGARI ba="0,0" hai="6,10,12,43,44,46,47,51,101,102,103" m="35946" machi="101" ten="30,1100,0" yaku="8,1" doraHai="54" who="0" fromWho="0" sc="227,11,341,-3,250,-5,182,-3" /><INIT seed="3,0,0,0,5,107" ten="238,338,245,179" oya="3" hai0="37,109,129,8,52,82,34,14,93,46,10,68,3" hai1="73,128,134,69,9,89,32,35,76,84,55,100,57" hai2="119,41,87,127,5,30,133,116,122,11,0,49,114" hai3="15,12,98,56,99,67,23,132,20,27,81,125,19"/><W44/><G132/><T38/><D34/><U112/><E69/><V17/><F114/><W29/><G125/><T66/><D109/><U118/><E112/><V71/><F71/><W64/><G44/><T126/><D126/><U123/><E123/><V130/><F127/><W103/><G81/><T70/><D3/><U60/><E134/><V72/><F72/><W90/><G90/><T18/><D129/><U7/><E128/><V105/><F105/><W28/><G56/><T74/><D93/><U102/><E118/><V85/><F133/><W104/><G98/><T1/><D1/><U51/><E73/><V31/><F130/><W77/><G77/><T65/><D10/><U62/><E76/><V4/><F17/><W121/><G121/><T48/><D66/><U58/><E51/><V113/><F113/><W110/><G110/><T120/><D120/><U24/><E24/><V79/><F5/><W115/><G115/><T16/><D18/><U2/><E102/><V22/><F122/><W25/><REACH who="3" step="1"/><G12/><REACH who="3" ten="238,338,245,169" step="2"/><T95/><D70/><U78/><E78/><V106/><F79/><W135/><G135/><T80/><D80/><U92/><E100/><V61/><F116/><W33/><AGARI ba="0,1" hai="15,19,20,23,25,27,28,29,33,64,67,99,103,104" machi="33" ten="20,3900,0" yaku="1,1,0,1,7,1,53,0" doraHai="107" doraHaiUra="111" who="3" fromWho="3" sc="238,-13,338,-13,245,-13,169,49" /><INIT seed="3,1,0,5,0,22" ten="225,325,232,218" oya="3" hai0="132,38,8,17,58,43,41,114,87,9,13,14,64" hai1="25,28,96,63,119,59,44,18,121,50,125,40,116" hai2="66,75,6,20,48,83,34,126,12,37,79,82,89" hai3="71,100,78,105,23,84,81,68,47,42,98,93,111"/><W90/><G111/><T29/><D132/><U10/><E121/><V70/><F37/><W56/><G56/><T1/><D1/><U77/><E77/><V30/><F126/><W31/><G31/><T129/><D129/><U62/><E125/><V49/><F34/><W80/><G23/><T108/><D108/><U51/><E96/><V55/><F48/><W73/><REACH who="3" step="1"/><G80/><REACH who="3" ten="225,325,232,208" step="2"/><T101/><D29/><U85/><E28/><V76/><F20/><W103/><G103/><T57/><D101/><U24/><E62/><V61/><F30/><W97/><G97/><T106/><D58/><U35/><E35/><V33/><F33/><W11/><G11/><T113/><D57/><U86/><E10/><V19/><F82/><W7/><G7/><T99/><D9/><U122/><E18/><V60/><F6/><W45/><G45/><T128/><D8/><U67/><E122/><V36/><F60/><W127/><G127/><T46/><D17/><U104/><E119/><V3/><F19/><W123/><G123/><T92/><D46/><U135/><E116/><V0/><F0/><W74/><G74/><T15/><D99/><U91/><E135/><V26/><F3/><W107/><G107/><T115/><D106/><U95/><E104/><V39/><F75/><W16/><G16/><T117/><D117/><U88/><E44/><N who="2" m="28071" /><F26/><N who="1" m="10345" /><E40/><V32/><F32/><W4/><G4/><T112/><D43/><U5/><E5/><V69/><F12/><W54/><G54/><T133/><D133/><U53/><E53/><V110/><F110/><W102/><G102/><T131/><D113/><RYUUKYOKU ba="1,1" sc="225,-15,325,15,232,-15,208,15" hai1="50,51,59,63,67,85,86,88,91,95" hai3="42,47,68,71,73,78,81,84,90,93,98,100,105" /><INIT seed="3,2,1,2,5,58" ten="210,340,217,223" oya="3" hai0="95,11,59,106,128,53,125,124,69,115,39,14,134" hai1="68,113,135,101,8,25,117,89,94,114,60,131,132" hai2="47,103,130,96,75,52,0,85,97,129,51,99,41" hai3="55,116,56,84,28,43,108,61,62,15,17,87,30"/><W121/><G121/><T83/><D106/><U27/><E117/><V65/><F75/><W64/><G116/><T109/><D69/><U19/><E101/><V40/><F0/><W9/><G43/><T110/><D39/><U105/><E105/><V12/><F103/><W123/><G123/><T102/><D83/><U37/><E37/><V91/><F65/><W29/><REACH who="3" step="1"/><G108/><REACH who="3" ten="210,340,217,213" step="2"/><N who="0" m="41579" /><D115/><U70/><E114/><V54/><F40/><W80/><G80/><T7/><D134/><U74/><E113/><V73/><F130/><W23/><G23/><T5/><D128/><U119/><E131/><V4/><F129/><W126/><G126/><T78/><D125/><U46/><E119/><V111/><F111/><W45/><G45/><T6/><D124/><U33/><E46/><V3/><F41/><W1/><G1/><T18/><D78/><U24/><E135/><V16/><F3/><W86/><G86/><T50/><D5/><U92/><E132/><V49/><F4/><W22/><G22/><T77/><D77/><U127/><E127/><V44/><F73/><W90/><G90/><T38/><D38/><U34/><E89/><V2/><F2/><W81/><G81/><T13/><D6/><U21/><E74/><V118/><F118/><W10/><G10/><T31/><D7/><U100/><E21/><N who="2" m="11399" /><F85/><W76/><G76/><T36/><D36/><U66/><E8/><V133/><F133/><W112/><G112/><T32/><D11/><U107/><E34/><V120/><F120/><W98/><G98/><T93/><D32/><U104/><E33/><V79/><F79/><RYUUKYOKU ba="2,2" sc="210,-15,340,-15,217,15,213,15" hai2="44,47,49,51,52,54,91,96,97,99" hai3="9,15,17,28,29,30,55,56,61,62,64,84,87" /><INIT seed="3,3,2,3,0,111" ten="195,325,232,228" oya="3" hai0="73,99,83,45,135,22,60,84,7,28,5,123,80" hai1="50,14,76,116,58,68,90,85,101,134,88,26,117" hai2="77,103,127,97,31,94,25,47,120,27,96,109,115" hai3="49,52,59,82,104,8,71,130,20,51,126,43,65"/><W100/><G126/><T128/><D123/><U0/><E0/><V63/><F109/><W108/><G108/><T6/><D73/><U87/><E68/><V79/><F115/><W19/><G130/><T9/><D128/><U33/><E101/><V119/><F119/><N who="1" m="45641" /><E134/><V121/><F127/><W17/><G82/><T4/><D135/><U66/><E14/><V12/><F47/><N who="3" m="25855" /><G71/><T105/><D45/><U10/><E10/><V122/><F63/><N who="3" m="38143" /><G104/><T18/><D28/><N who="1" m="19607" /><E76/><N who="2" m="29259" /><F31/><W70/><G70/><T98/><D105/><U81/><E50/><V57/><F57/><N who="3" m="32927" /><G100/><T75/><D75/><U102/><E102/><N who="2" m="60695" /><F12/><N who="3" m="7559" /><G17/><T86/><D60/><N who="1" m="38167" /><E81/><V56/><F56/><W125/><G125/><T44/><D44/><U93/><E90/><V30/><F30/><W15/><G15/><N who="0" m="5543" /><D83/><U13/><E13/><V21/><F21/><AGARI ba="3,2" hai="20,21" m="7559,32927,38143,25855" machi="21" ten="30,2900,0" yaku="8,1,54,1" doraHai="111" who="3" fromWho="2" sc="195,0,325,0,232,-38,228,58" /><INIT seed="3,4,0,2,1,7" ten="195,325,194,286" oya="3" hai0="98,40,113,122,20,2,125,3,89,24,68,6,50" hai1="33,34,67,104,91,49,27,114,80,9,54,53,126" hai2="45,71,111,29,42,131,25,48,51,10,110,57,107" hai3="133,18,94,119,127,12,83,112,39,75,62,132,64"/><W37/><G112/><T41/><D113/><U86/><E114/><V21/><F71/><W22/><G119/><T72/><D72/><U103/><E126/><V65/><F107/><W1/><G127/><T43/><D68/><U95/><E104/><V96/><F131/><W84/><G1/><T17/><D122/><U35/><E67/><V87/><F87/><W92/><G75/><T13/><D125/><U130/><E130/><V16/><F96/><W134/><G37/><T123/><D123/><U88/><E103/><V115/><F115/><W135/><N who="3" m="33792" /><DORA hai="5" /><W63/><G39/><T124/><D50/><U47/><E27/><V66/><F51/><W14/><G14/><T19/><D124/><U97/><REACH who="1" step="1"/><E9/><REACH who="1" ten="195,315,194,286" step="2"/><V60/><F65/><W30/><G64/><T23/><D24/><U90/><E90/><V76/><F76/><N who="3" m="46183" /><G30/><T78/><D78/><U128/><E128/><V38/><F29/><W129/><G129/><T52/><D89/><U120/><E120/><V69/><F10/><W28/><G28/><T121/><D121/><U82/><E82/><V74/><F74/><W4/><G4/><T58/><D6/><U102/><E102/><V26/><F26/><W11/><G22/><T55/><D23/><U118/><E118/><V77/><F77/><W73/><G73/><T15/><D20/><U105/><E105/><V61/><F69/><W106/><G106/><T56/><D2/><U117/><E117/><V59/><F66/><W108/><G108/><T116/><D3/><U99/><E99/><V109/><F38/><W79/><G79/><T100/><D116/><RYUUKYOKU ba="4,1" sc="195,-30,315,10,194,10,286,10" hai1="33,34,35,47,49,53,54,80,86,88,91,95,97" hai2="16,21,25,42,45,48,57,59,60,61,109,110,111" hai3="11,12,18,62,63,92,94" /><INIT seed="3,5,1,5,3,129" ten="165,325,204,296" oya="3" hai0="76,97,65,78,88,127,8,63,51,29,33,13,91" hai1="117,20,90,82,30,92,55,113,42,21,85,59,89" hai2="116,39,118,114,23,93,9,54,96,123,98,6,19" hai3="40,69,38,86,7,122,58,24,109,5,37,41,72"/><W75/><G122/><T31/><D127/><U34/><E113/><V87/><F114/><W74/><G69/><T47/><D63/><U99/><E117/><V45/><F123/><W57/><G86/><T95/><D65/><U11/><E42/><N who="3" m="16490" /><G24/><T32/><D32/><U112/><E112/><V79/><F39/><N who="3" m="14859" /><G109/><T68/><D68/><U46/><E46/><V104/><F104/><W27/><G27/><T121/><D91/><U28/><E11/><V125/><F125/><W18/><G18/><T26/><D31/><N who="1" m="11819" /><E34/><V15/><F116/><W1/><G1/><T131/><D131/><U10/><E10/><V2/><F118/><W132/><G132/><T3/><D3/><U50/><AGARI ba="5,1" hai="20,21,50,55,59,82,85,89,90,92,99" m="11819" machi="50" ten="30,1100,0" yaku="8,1" doraHai="129" who="1" fromWho="1" sc="165,-8,325,36,204,-8,296,-10" /><INIT seed="4,0,0,2,2,55" ten="157,361,196,286" oya="0" hai0="128,81,112,95,119,99,114,67,96,124,75,106,68" hai1="1,59,132,83,46,73,51,117,30,74,32,37,43" hai2="9,118,24,7,122,4,115,45,113,111,82,97,12" hai3="135,26,0,125,21,47,71,19,127,58,98,62,134"/><T39/><D39/><U18/><E117/><V41/><F111/><W10/><G71/><T79/><D67/><U104/><E104/><V33/><F122/><W85/><G85/><T2/><D2/><U54/><E132/><N who="3" m="50730" /><G47/><T70/><D119/><U76/><E18/><V22/><F33/><W34/><G98/><T14/><D128/><U36/><E73/><V3/><F118/><W25/><G0/><T84/><D14/><U100/><E100/><V90/><F4/><W77/><G77/><T63/><D63/><U129/><E129/><V91/><F3/><W13/><G34/><T49/><D49/><U6/><E32/><V42/><F97/><W130/><G130/><T50/><D50/><U109/><E30/><N who="2" m="17687" /><F82/><W20/><G20/><T48/><D48/><U52/><E109/><V131/><F131/><W35/><G35/><T80/><D70/><U105/><E105/><V8/><F8/><W27/><G10/><T86/><D68/><U108/><E108/><V102/><F102/><W66/><AGARI ba="0,0" hai="13,19,21,25,26,27,58,62,66,125,127" m="50730" machi="66" ten="40,2700,0" yaku="20,1,52,1" doraHai="55" who="3" fromWho="3" sc="157,-13,361,-7,196,-7,286,27" /><INIT seed="5,0,0,0,2,87" ten="144,354,189,313" oya="1" hai0="84,43,48,61,132,101,58,105,133,128,2,8,103" hai1="112,68,113,47,5,56,107,11,54,40,80,97,38" hai2="52,79,34,114,31,123,124,106,24,75,78,86,71" hai3="26,22,46,65,93,62,18,3,53,29,27,96,122"/><U109/><E68/><V99/><F123/><W100/><G122/><T45/><D128/><U134/><E109/><V119/><F119/><W21/><G3/><T37/><D37/><U89/><E134/><V102/><F75/><W16/><G46/><T14/><D2/><U126/><E126/><V57/><F124/><W63/><G53/><T77/><D105/><U111/><E111/><V9/><F114/><N who="1" m="44137" /><E107/><V49/><F71/><W91/><G100/><T32/><D32/><U50/><E80/><V135/><F135/><W25/><G65/><T30/><D30/><U95/><E11/><V42/><F42/><W44/><G44/><T127/><D127/><U59/><E5/><V17/><F17/><W115/><G115/><T92/><D133/><U51/><E59/><V74/><F74/><W1/><G1/><T12/><D12/><U83/><E83/><V90/><REACH who="2" step="1"/><F9/><REACH who="2" ten="144,354,179,313" step="2"/><W20/><AGARI ba="0,1" hai="16,18,20,21,22,25,26,27,29,62,63,91,93,96" machi="20" ten="20,12000,2" yaku="0,1,7,1,9,1,8,1,52,1,54,1" doraHai="87" who="3" fromWho="3" sc="144,-30,354,-60,179,-30,313,130" /><INIT seed="6,0,0,3,2,131" ten="114,294,149,443" oya="2" hai0="30,87,35,15,7,60,85,95,40,39,97,62,82" hai1="70,12,134,20,79,64,75,22,71,57,42,84,96" hai2="121,24,112,72,67,100,98,103,104,43,10,77,122" hai3="129,38,69,49,89,61,83,58,2,27,53,90,18"/><V120/><F112/><W3/><G129/><T55/><D40/><U110/><E75/><V14/><F67/><W117/><G117/><T124/><D39/><U118/><E118/><V31/><F100/><W76/><G38/><T109/><D109/><U133/><E110/><V108/><F108/><W102/><G102/><T125/><D30/><U13/><E42/><V33/><F43/><W59/><G69/><T66/><D35/><U86/><E64/><V26/><F26/><W54/><G3/><T88/><D55/><U115/><E79/><V56/><F56/><W74/><G2/><T135/><D135/><U111/><E111/><V46/><F77/><W48/><G61/><T16/><D7/><U17/><E57/><V41/><F72/><W4/><G4/><T6/><D6/><U50/><E50/><V80/><F80/><W73/><G73/><T130/><D130/><U52/><E17/><V68/><F68/><W28/><G18/><T8/><D62/><U78/><E78/><V65/><F65/><W119/><G119/><T94/><D94/><U91/><E91/><V132/><F132/><W5/><G5/><T21/><D8/><U105/><E105/><V45/><REACH who="2" step="1"/><F41/><REACH who="2" ten="114,294,139,443" step="2"/><W126/><G58/><N who="0" m="37143" /><D82/><U128/><E115/><V47/><F47/><W127/><G59/><T123/><D123/><U19/><E128/><V37/><F37/><W9/><G76/><T0/><D0/><U114/><E114/><V36/><F36/><W25/><G25/><T101/><D101/><U116/><E116/><V107/><F107/><W11/><G83/><T106/><D106/><RYUUKYOKU ba="0,1" sc="114,15,294,-15,139,15,443,-15" hai0="15,16,21,85,87,88,95,97,124,125" hai2="10,14,24,31,33,45,46,98,103,104,120,121,122" /><INIT seed="6,1,1,0,1,53" ten="129,279,154,428" oya="2" hai0="70,128,32,102,45,79,119,20,77,98,90,76,133" hai1="100,65,69,71,55,7,51,11,52,99,112,116,25" hai2="127,48,68,15,82,28,42,113,89,6,88,56,59" hai3="50,8,54,22,96,63,10,58,33,106,80,114,105"/><V103/><F68/><W46/><G33/><T39/><D32/><U111/><E116/><V61/><F113/><W101/><G114/><T35/><D35/><U122/><E112/><V13/><F127/><W85/><G106/><T117/><D70/><U109/><E25/><V75/><F75/><W37/><G37/><T124/><D124/><U123/><E65/><V64/><F103/><W66/><G22/><T108/><D108/><U67/><E67/><N who="2" m="39335" /><F28/><W4/><G4/><T125/><D125/><U43/><E43/><V135/><F135/><W115/><G115/><T97/><D133/><U23/><E23/><V73/><F73/><W95/><G105/><T16/><D128/><U41/><E41/><V131/><F131/><W81/><G81/><T44/><D39/><U94/><E69/><V12/><F6/><W92/><G92/><N who="0" m="58663" /><D119/><U126/><E71/><V62/><F82/><W57/><G46/><AGARI ba="1,1" hai="12,13,15,42,46,48,59,62,64,88,89" m="39335" machi="46" ten="30,11600,0" yaku="8,1,52,2,54,1" doraHai="53" who="2" fromWho="3" sc="129,0,279,0,154,129,428,-119" /><INIT seed="6,2,0,4,4,116" ten="129,279,283,309" oya="2" hai0="67,108,91,8,114,5,106,43,59,0,46,36,88" hai1="17,63,19,84,62,20,112,27,77,23,122,33,104" hai2="30,126,123,85,24,130,107,44,125,76,61,71,32" hai3="111,131,113,54,7,120,95,81,121,58,118,115,9"/><V128/><F107/><W87/><G111/><T1/><D106/><U29/><E104/><V117/><F117/><W39/><G118/><T15/><D108/><U45/><E112/><N who="3" m="43082" /><G131/><N who="2" m="50217" /><F123/><W92/><G39/><T25/><D114/><U129/><E129/><V82/><F44/><W53/><G92/><T28/><D1/><U48/><E122/><N who="3" m="47210" /><G95/><T109/><D109/><U124/><E124/><N who="2" m="47723" /><F61/><N who="1" m="23049" /><E33/><V80/><F80/><W60/><G58/><T119/><D119/><U133/><E133/><V42/><F42/><W51/><G51/><T31/><D31/><U6/><E6/><V66/><F66/><W16/><G16/><N who="1" m="6218" /><E23/><V14/><F14/><N who="3" m="5439" /><G60/><T110/><D110/><U47/><E48/><V50/><F50/><W127/><G127/><T11/><D67/><U4/><E4/><V65/><F65/><W69/><G69/><AGARI ba="2,0" hai="24,30,32,69,71,76,82,85" m="47723,50217" machi="69" ten="30,2900,0" yaku="19,1,18,1" doraHai="116" who="2" fromWho="3" sc="129,0,279,0,283,35,309,-35" /><INIT seed="6,3,0,3,1,86" ten="129,279,318,274" oya="2" hai0="0,8,57,63,79,37,122,5,77,128,7,121,80" hai1="127,42,113,16,45,39,30,14,31,102,49,100,78" hai2="105,81,92,73,24,83,48,62,71,10,9,47,25" hai3="110,98,15,68,90,69,123,55,107,134,126,6,97"/><V129/><F105/><W82/><G110/><T27/><D128/><U19/><E113/><V70/><F129/><W85/><G123/><T94/><D27/><U135/><E135/><V38/><F38/><W66/><G134/><T101/><D79/><U103/><E127/><V125/><F125/><W44/><G126/><T3/><D37/><U95/><E78/><V112/><F112/><W34/><G34/><T21/><D21/><U40/><E19/><V75/><F48/><N who="3" m="29063" /><G68/><T32/><D32/><U22/><E39/><V11/><F11/><N who="3" m="4599" /><G69/><T33/><D33/><U56/><E56/><V74/><F74/><W114/><G107/><T29/><D29/><N who="1" m="10763" /><E42/><V76/><F47/><W60/><G114/><T58/><D58/><U72/><E72/><V41/><F41/><W108/><G108/><T23/><D23/><U65/><E65/><V130/><F130/><W20/><G60/><T2/><D121/><U109/><E109/><V111/><F62/><W89/><G66/><T93/><D122/><U120/><E120/><V131/><F111/><W53/><G53/><T52/><D7/><U87/><E103/><V28/><F131/><W91/><G20/><T43/><D43/><U12/><E14/><V132/><F132/><W61/><G61/><T106/><D106/><U104/><E104/><V64/><F64/><W88/><AGARI ba="3,0" hai="82,85,88,89,90,91,97,98" m="4599,29063" machi="88" ten="30,12000,2" yaku="8,1,52,4,54,1" doraHai="86" who="3" fromWho="3" sc="129,-33,279,-33,318,-63,274,129" /><INIT seed="7,0,0,3,5,89" ten="96,246,255,403" oya="3" hai0="27,76,66,127,5,86,44,131,87,6,98,97,80" hai1="46,122,57,18,121,79,101,119,31,47,108,123,88" hai2="83,13,90,116,91,77,2,37,72,84,103,64,21" hai3="53,134,1,100,39,124,85,33,104,113,68,117,129"/><W20/><RYUUKYOKU type="yao9" ba="0,0" sc="96,0,246,0,255,0,403,0" hai3="1,20,33,39,53,68,85,100,104,113,117,124,129,134" /><INIT seed="7,1,0,3,4,71" ten="96,246,255,403" oya="3" hai0="86,47,37,108,33,14,100,9,90,94,126,3,56" hai1="60,40,130,35,32,96,84,125,11,5,106,53,99" hai2="78,31,101,38,68,30,50,39,109,134,88,131,112" hai3="65,52,54,66,69,72,129,42,62,97,132,7,26"/><W135/><G72/><T95/><D33/><U19/><E99/><V93/><F109/><W77/><G77/><T122/><D122/><U49/><E19/><V75/><F68/><W0/><G66/><T6/><D108/><U133/><E133/><V51/><F101/><W2/><G42/><T55/><D126/><U67/><E40/><V13/><F112/><W111/><G26/><T85/><D3/><U36/><E36/><V23/><F131/><W120/><G97/><T70/><D70/><U127/><E130/><V48/><F134/><W28/><G28/><T44/><D100/><N who="1" m="62727" /><E84/><N who="2" m="52359" /><F39/><W117/><G111/><T118/><D118/><U82/><E82/><V73/><F38/><W20/><G117/><T104/><D104/><U115/><E115/><V58/><F73/><W76/><G129/><T29/><D29/><N who="2" m="10762" /><F78/><W63/><G76/><T4/><D4/><U8/><E8/><V46/><F58/><W103/><G7/><T102/><D37/><U43/><E43/><N who="2" m="24671" /><F75/><W1/><G120/><T64/><D64/><U27/><E27/><V15/><F13/><W79/><G0/><T83/><D83/><U128/><E128/><V89/><F89/><W114/><G114/><T24/><D24/><U16/><E16/><AGARI ba="1,0" hai="15,16,23,50,51" m="24671,10762,52359" machi="16" ten="30,3900,0" yaku="8,1,54,2" doraHai="71" who="2" fromWho="1" sc="96,0,246,-42,255,42,403,0" owari="96,-40.0,204,-20.0,297,10.0,403,50.0" /></mjloggm>