<mjloggm ver="2.3"><GO type="169" lobby="0"/><UN n0="%EF%BC%AD%EF%BD%89%EF%BD%93%EF%BD%88%EF%BD%81%EF%BD%8E" n1="%E3%82%A6%E3%83%AB%E3%83%88%E3%83%A9%E7%AB%8B%E7%9B%B4" n2="%EF%BC%8A%E6%A1%9C%E6%9D%9C%EF%BC%8A" n3="%E3%81%86%E3%81%95%E3%81%8E%E3%83%95%E3%82%A1%E3%83%B3%E3%82%B7%E3%83%BC" dan="16,18,16,16" rate="2117.99,2230.72,2043.27,2162.94" sx="M,M,M,F"/><TAIKYOKU oya="0"/><INIT seed="0,0,0,5,1,82" ten="250,250,250,250" oya="0" hai0="94,98,40,48,97,10,45,96,95,84,39,105,71" hai1="93,35,101,66,44,57,46,116,15,31,12,115,23" hai2="123,50,69,7,74,51,124,86,3,62,61,80,81" hai3="89,8,58,76,4,34,126,13,1,127,9,28,129"/><T16/><D71/><U38/><E116/><V131/><F123/><W132/><G76/><T109/><D105/><U72/><E72/><V106/><F106/><W107/><G107/><T121/><D121/><U25/><E115/><V103/><F103/><W104/><G104/><T88/><D39/><U27/><E15/><V11/><F131/><W79/><G79/><T87/><D109/><U36/><E12/><V52/><F74/><W90/><G129/><T119/><D119/><U68/><E68/><V65/><F124/><N who="3" m="47659" /><G132/><T64/><D64/><U134/><E134/><V75/><F75/><W122/><G122/><T18/><D10/><U133/><E133/><V112/><F112/><W6/><G58/><T92/><REACH who="0" step="1"/><D88/><REACH who="0" ten="240,250,250,250" step="2"/><U29/><E38/><V47/><F65/><W42/><G90/><T24/><D24/><U130/><E36/><V70/><F69/><W85/><G42/><T125/><D125/><U33/><E130/><V108/><F70/><W53/><G53/><T22/><D22/><U17/><E23/><V73/><F108/><W91/><G91/><T49/><D49/><U110/><E110/><V78/><F50/><W32/><G28/><T14/><D14/><U83/><E31/><V43/><F43/><W60/><G60/><T118/><D118/><U37/><E29/><V102/><F102/><W30/><G30/><T114/><D114/><U113/><E101/><V26/><F26/><W41/><G41/><T77/><D77/><AGARI ba="0,1" hai="3,7,11,47,51,52,61,62,73,77,78,80,81,86" machi="77" ten="30,3900,0" yaku="7,1,52,1,54,1" doraHai="82" who="2" fromWho="0" sc="240,-39,250,0,250,49,250,0" /><INIT seed="1,0,0,2,3,75" ten="201,250,299,250" oya="1" hai0="87,117,118,129,9,3,97,72,86,47,10,32,102" hai1="20,79,94,80,58,5,104,21,7,13,81,46,16" hai2="123,45,44,11,14,48,19,68,52,83,78,91,77" hai3="93,73,121,54,128,26,33,109,82,37,24,56,29"/><U120/><E104/><V119/><F68/><W116/><G121/><T90/><D32/><U49/><E120/><V6/><F119/><W23/><G37/><T84/><D129/><U28/><E58/><N who="2" m="33031" /><F123/><W113/><G113/><T34/><D34/><U64/><E64/><V63/><F63/><W89/><G128/><T22/><D72/><U25/><E94/><V95/><F83/><W100/><G116/><T30/><D117/><U96/><E96/><N who="2" m="57471" /><F6/><W71/><G71/><T135/><D135/><U8/><E81/><V108/><F108/><W59/><G100/><T43/><D118/><U53/><REACH who="1" step="1"/><E8/><REACH who="1" ten="201,240,299,250" step="2"/><V114/><F114/><W115/><G115/><T110/><D97/><U51/><E51/><V105/><F105/><W57/><G109/><T126/><D110/><U125/><E125/><V18/><F19/><W4/><G93/><T106/><D126/><U133/><E133/><V99/><F99/><W101/><G82/><T55/><D106/><U27/><E27/><V42/><F42/><W74/><G26/><T132/><D43/><U88/><E88/><V103/><F103/><W36/><G101/><T85/><D102/><U31/><E31/><V66/><F66/><W76/><G89/><T111/><D132/><U65/><E65/><V131/><F131/><W124/><G124/><T127/><D111/><U122/><E122/><V12/><F18/><W70/><G24/><N who="0" m="16663" /><D127/><U15/><E15/><N who="2" m="5675" /><F11/><W62/><G29/><T98/><D98/><U69/><E69/><V2/><F2/><W1/><G1/><T134/><D3/><U0/><E0/><V60/><F60/><RYUUKYOKU ba="0,1" sc="201,-15,240,15,299,15,250,-15" hai1="5,7,13,16,20,21,25,28,46,49,53,79,80" hai2="44,45,77,78" /><INIT seed="1,1,1,1,4,95" ten="186,255,314,235" oya="1" hai0="127,63,58,54,18,1,42,76,67,108,25,4,119" hai1="86,88,60,0,70,123,125,21,89,56,12,52,74" hai2="10,34,15,122,134,24,7,48,115,112,105,128,11" hai3="135,6,118,43,30,55,45,31,3,71,38,96,32"/><U78/><E0/><V126/><F105/><W46/><G71/><T100/><D119/><U97/><E123/><V64/><F64/><W99/><G118/><T47/><D127/><U114/><E114/><N who="2" m="43563" /><F48/><W75/><G75/><T133/><D133/><U40/><E125/><V28/><F122/><W36/><G135/><T17/><D76/><U121/><E121/><V22/><F126/><W92/><G32/><T110/><D1/><U93/><E70/><V109/><F134/><W29/><G92/><T14/><D4/><U33/><E33/><V23/><F109/><N who="0" m="42090" /><D100/><U103/><E40/><V16/><F128/><W131/><G131/><T49/><D25/><U79/><E74/><V90/><F90/><N who="1" m="34921" /><E86/><V19/><F19/><AGARI ba="1,1" hai="12,19,21,52,56,60,78,79,93,97,103" m="34921" machi="19" ten="30,11600,0" yaku="8,1,52,1,54,2" doraHai="95" who="1" fromWho="2" sc="186,0,255,129,314,-119,235,0" /><INIT seed="1,2,0,3,5,67" ten="186,384,195,235" oya="1" hai0="96,111,107,88,5,10,114,3,118,95,101,23,26" hai1="59,75,92,80,20,8,102,45,99,129,127,63,44" hai2="69,42,76,70,31,100,78,28,106,48,73,29,110" hai3="33,117,87,68,22,34,132,16,11,119,54,58,30"/><U131/><E8/><V24/><F110/><W93/><G132/><T81/><D111/><U83/><E127/><V66/><F42/><W4/><G68/><T71/><D114/><U2/><E2/><V40/><F66/><W12/><G93/><T50/><D118/><N who="3" m="45065" /><G87/><T15/><D81/><U109/><E20/><V85/><F24/><N who="3" m="16663" /><G58/><T32/><D50/><U56/><E56/><V19/><F19/><W55/><G55/><T62/><D3/><U9/><E9/><V52/><F40/><W115/><G54/><T84/><D32/><N who="3" m="12393" /><G115/><T121/><D121/><U53/><E83/><V27/><F73/><W60/><G60/><T13/><D62/><U133/><E133/><V7/><F85/><W108/><G108/><T124/><D124/><U64/><E64/><V135/><F135/><W77/><G77/><T128/><D71/><U43/><E109/><V113/><F78/><W97/><G97/><T134/><D134/><U35/><E80/><V41/><F76/><W98/><G98/><T14/><REACH who="0" step="1"/><D128/><REACH who="0" ten="176,384,195,235" step="2"/><U74/><E131/><V105/><F69/><W79/><G79/><T82/><D82/><U86/><E129/><V89/><F70/><W120/><G120/><T17/><AGARI ba="2,1" hai="5,10,13,14,15,17,23,26,84,88,95,96,101,107" machi="17" ten="20,5200,0" yaku="1,1,0,1,7,1,54,1,53,0" doraHai="67" doraHaiUra="125" who="0" fromWho="0" sc="176,68,384,-28,195,-15,235,-15" /><INIT seed="2,0,0,3,5,1" ten="244,356,180,220" oya="2" hai0="41,61,80,101,66,71,28,100,73,102,116,128,59" hai1="11,103,87,105,13,97,30,77,0,45,114,113,21" hai2="117,40,134,25,12,35,108,9,86,4,92,95,22" hai3="82,42,6,109,7,68,111,135,39,44,52,36,26"/><V48/><F117/><W130/><G68/><T132/><D116/><U121/><E0/><V24/><F134/><W46/><G135/><T19/><D132/><U74/><E121/><V88/><F108/><N who="3" m="41547" /><G130/><T37/><D128/><U70/><E70/><V14/><F35/><W89/><G26/><T2/><D28/><U124/><E124/><V120/><F120/><W112/><G112/><T98/><D71/><U84/><E21/><V27/><F95/><W115/><G115/><T122/><D122/><U5/><E30/><N who="2" m="17687" /><F14/><W38/><G52/><T51/><D37/><N who="3" m="14441" /><G46/><AGARI ba="0,0" hai="4,9,12,25,27,40,46,48,86,88,92" m="17687" machi="46" ten="30,5800,0" yaku="8,1,52,1,54,1" doraHai="1" who="2" fromWho="3" sc="244,0,356,0,180,58,220,-58" /><INIT seed="2,1,0,0,1,3" ten="244,356,238,162" oya="2" hai0="42,32,53,103,61,64,88,71,30,10,17,16,27" hai1="34,24,22,15,110,39,33,21,111,104,5,46,79" hai2="37,77,31,52,4,11,134,18,131,36,75,90,26" hai3="94,114,43,112,120,128,129,108,65,72,48,119,76"/><V28/><F77/><W100/><G65/><T115/><D115/><N who="3" m="44073" /><G43/><T62/><D42/><U1/><E104/><V67/><F67/><W95/><G48/><T91/><D53/><U12/><E46/><V78/><F37/><W93/><G119/><T7/><D61/><U86/><E86/><V74/><F36/><W106/><G120/><T25/><D103/><U2/><E79/><V14/><F52/><W87/><G108/><T58/><D71/><U19/><E39/><V85/><F78/><W126/><G126/><T122/><D122/><U130/><E130/><N who="3" m="50282" /><G72/><T127/><D127/><U99/><E111/><V121/><F121/><W116/><G116/><T105/><D105/><U102/><E110/><V123/><F123/><W81/><G106/><T59/><D59/><U45/><BYE who="0" /><E45/><V20/><F131/><W66/><G66/><T92/><D92/><U135/><E34/><V107/><F107/><W47/><G47/><T82/><D82/><U29/><E33/><V98/><F98/><AGARI ba="1,0" hai="76,81,87,93,94,95,98,100" m="50282,44073" machi="98" ten="30,7700,0" yaku="11,1,19,1,34,2" doraHai="3" who="3" fromWho="2" sc="244,0,356,0,238,-80,162,80" /><INIT seed="3,0,0,2,2,26" ten="244,356,158,242" oya="3" hai0="129,135,38,35,118,90,92,70,12,130,99,106,58" hai1="76,100,15,103,80,34,54,50,43,122,112,113,52" hai2="69,16,83,39,45,101,30,78,134,17,121,46,125" hai3="62,73,98,21,127,19,25,37,132,131,75,110,95"/><W49/><G37/><UN n0="%EF%BC%AD%EF%BD%89%EF%BD%93%EF%BD%88%EF%BD%81%EF%BD%8E" /><T20/><D118/><U96/><E34/><V115/><F115/><W104/><G132/><T29/><D70/><U53/><E122/><V120/><F69/><W87/><G131/><T28/><D35/><U79/><E113/><V97/><F134/><W108/><G127/><T5/><D38/><U60/><E112/><V40/><F125/><W74/><G62/><T0/><D0/><U31/><E31/><N who="0" m="11849" /><D106/><U44/><E60/><V114/><F114/><W42/><G104/><T9/><D135/><U93/><E103/><V61/><F46/><N who="3" m="25815" /><G87/><T124/><D124/><U6/><E80/><V119/><F61/><W41/><G41/><T84/><D58/><U67/><E67/><V51/><F39/><W65/><G65/><T111/><D111/><N who="3" m="42537" /><G75/><T3/><D3/><U22/><E43/><V71/><F71/><W7/><G7/><T77/><D20/><U109/><E22/><V123/><F30/><W8/><G8/><T32/><D32/><U72/><E72/><N who="2" m="43463" /><F119/><W47/><G47/><T10/><D9/><U57/><E109/><V11/><F11/><W68/><G68/><T23/><D23/><U59/><E59/><V86/><F86/><W1/><G1/><T107/><D107/><AGARI ba="0,0" hai="16,17,40,45,51,97,101,107,120,121,123" m="43463" machi="107" ten="30,2000,0" yaku="13,1,54,1" doraHai="26" who="2" fromWho="0" sc="244,-20,356,0,158,20,242,0" /><INIT seed="4,0,0,2,5,74" ten="224,356,178,242" oya="0" hai0="110,131,108,69,91,96,65,58,133,63,98,7,89" hai1="35,109,22,128,119,28,26,104,71,4,16,101,3" hai2="79,129,5,62,70,33,113,10,6,59,27,46,120" hai3="57,8,106,51,93,114,102,132,135,17,49,1,81"/><T100/><D7/><U18/><E71/><V15/><F120/><W34/><G34/><T43/><D43/><U90/><E101/><V44/><F113/><W82/><G106/><T61/><D133/><U78/><E104/><V85/><F129/><W127/><G127/><T121/><D121/><U53/><E90/><V94/><F70/><W38/><G38/><T116/><D116/><U23/><E53/><V118/><F118/><W19/><G114/><T64/><D131/><U55/><E55/><V36/><F36/><W24/><G1/><T126/><D126/><U32/><E78/><V75/><F75/><W50/><G57/><T117/><D117/><U80/><E80/><N who="2" m="47263" /><F33/><N who="1" m="12873" /><E119/><V39/><F39/><W95/><G102/><T67/><D67/><U31/><E109/><V30/><F6/><W0/><G81/><T52/><D65/><U60/><E60/><V84/><F84/><W11/><G82/><T37/><D37/><U77/><E77/><V115/><F94/><W25/><G50/><T97/><REACH who="0" step="1"/><D100/><REACH who="0" ten="214,356,178,242" step="2"/><U107/><E128/><V130/><F130/><W13/><G0/><T88/><AGARI ba="0,1" hai="52,58,61,63,64,69,88,89,91,96,97,98,108,110" machi="88" ten="40,12000,1" yaku="1,1,2,1,0,1,54,2,53,0" doraHai="74" doraHaiUra="72" who="0" fromWho="0" sc="214,130,356,-40,178,-40,242,-40" /><INIT seed="4,1,0,5,3,30" ten="344,316,138,202" oya="0" hai0="13,16,66,38,111,103,112,122,106,86,84,50,129" hai1="125,28,39,124,113,57,116,3,61,104,77,26,65" hai2="4,55,12,126,60,101,99,20,42,48,120,68,97" hai3="69,81,54,127,121,46,33,76,47,90,34,19,29"/><T80/><D38/><U118/><E104/><V130/><F120/><W9/><G69/><T10/><D122/><U44/><E3/><V102/><F130/><W24/><G127/><N who="1" m="48714" /><E77/><V56/><F126/><W6/><G121/><T52/><D129/><U91/><E91/><V131/><F131/><W7/><G90/><T40/><D40/><N who="1" m="22559" /><E113/><V100/><F68/><W25/><G54/><T53/><D112/><U96/><E96/><V49/><F42/><W17/><G76/><T123/><D123/><U75/><E75/><V95/><F101/><W115/><G115/><T79/><D111/><U51/><E51/><V114/><F114/><W70/><G70/><T2/><D2/><U11/><E11/><V83/><F83/><W14/><G81/><T108/><D108/><U88/><E88/><V89/><F89/><W45/><G7/><T87/><D53/><U64/><E64/><V43/><F43/><W1/><G1/><T73/><D66/><U58/><E58/><V110/><F110/><W67/><G67/><T63/><D63/><U85/><E85/><V134/><F20/><AGARI ba="1,0" hai="20,26,28,57,61,65,116,118" m="22559,48714" machi="20" ten="30,1000,0" yaku="18,1" doraHai="30" who="1" fromWho="2" sc="344,0,316,13,138,-13,202,0" /><INIT seed="5,0,0,1,3,85" ten="344,329,125,202" oya="1" hai0="0,14,108,15,27,113,33,80,46,55,20,105,8" hai1="22,53,63,50,51,66,45,93,58,130,110,1,30" hai2="25,23,96,34,47,62,3,35,99,67,132,32,29" hai3="128,112,90,86,83,16,134,48,104,40,49,88,87"/><U36/><E1/><V91/><F132/><W26/><G104/><T115/><D105/><U64/><E30/><V18/><F3/><W102/><G134/><T71/><D71/><U78/><E78/><V2/><F2/><W118/><G112/><N who="0" m="43083" /><D108/><U123/><E22/><V69/><F47/><W124/><G124/><T60/><D33/><U38/><E93/><V24/><REACH who="2" step="1"/><F99/><REACH who="2" ten="344,329,115,202" step="2"/><W101/><G118/><T94/><D46/><U114/><E114/><V81/><F81/><N who="3" m="49231" /><G128/><T119/><D80/><U13/><E45/><V75/><F75/><W56/><G40/><T43/><D43/><U98/><E98/><V133/><F133/><W68/><G68/><T5/><D119/><U89/><E130/><V111/><F111/><W42/><G42/><T59/><D94/><AGARI ba="0,1" hai="18,23,24,25,29,32,34,35,62,67,69,91,94,96" machi="94" ten="40,2600,0" yaku="1,1,52,1,53,0" doraHai="85" doraHaiUra="39" who="2" fromWho="0" sc="344,-26,329,0,115,36,202,0" /><INIT seed="6,0,0,0,4,67" ten="318,329,151,202" oya="2" hai0="46,98,117,65,59,47,86,105,4,103,2,108,120" hai1="33,100,41,12,31,42,116,94,125,16,24,96,23" hai2="74,118,9,38,83,54,121,84,111,77,85,129,39" hai3="97,78,32,133,76,14,15,26,63,62,110,60,102"/><V126/><F118/><W73/><G110/><T56/><D108/><U29/><E116/><V112/><F111/><W5/><G133/><T28/><D117/><U53/><E125/><V44/><F121/><W34/><G73/><T45/><D120/><U10/><E53/><V75/><F126/><W80/><G80/><T107/><D105/><U50/><E50/><V128/><F9/><N who="3" m="4399" /><G32/><T92/><D28/><N who="1" m="10827" /><E33/><V93/><F93/><N who="3" m="58671" /><G34/><T95/><D2/><U37/><E37/><N who="2" m="13835" /><F112/><W61/><G26/><T70/><D4/><AGARI ba="0,0" hai="4,10,12,16,23,24,41,42,94,96,100" m="10827" machi="4" ten="30,2000,0" yaku="8,1,54,1" doraHai="67" who="1" fromWho="0" sc="318,-20,329,20,151,0,202,0" /><INIT seed="7,0,0,2,1,118" ten="298,349,151,202" oya="3" hai0="73,110,22,91,42,58,37,12,28,133,86,23,107" hai1="128,121,120,47,25,82,9,106,40,10,132,66,92" hai2="135,81,38,67,75,11,97,31,79,7,74,83,59" hai3="129,72,39,30,15,33,50,131,122,109,55,48,3"/><W111/><G3/><T84/><D73/><U119/><E106/><V105/><F135/><W1/><G1/><T134/><D107/><U125/><E66/><V112/><F38/><W99/><G72/><T101/><D110/><N who="3" m="41993" /><G39/><T41/><D37/><N who="1" m="21903" /><E82/><V87/><F112/><W34/><G15/><T21/><D101/><U93/><E25/><V4/><F31/><W8/><G8/><T68/><D68/><U64/><E64/><V63/><F11/><W16/><G122/><T53/><D28/><U36/><E36/><V29/><F29/><W96/><G16/><T56/><D12/><U71/><E71/><V57/><F57/><N who="0" m="22122" /><D91/><U76/><E9/><V2/><F2/><W19/><G19/><T20/><D53/><U51/><E10/><V80/><F80/><W103/><G30/><T70/><D70/><U54/><E121/><V85/><F74/><W78/><G78/><T60/><D60/><U26/><E120/><V32/><F75/><W52/><G50/><T114/><D114/><U116/><E76/><V44/><F32/><N who="3" m="12395" /><G99/><T35/><D35/><U124/><E26/><V43/><F43/><N who="0" m="16394" /><D23/><U108/><E108/><V117/><F117/><W14/><G14/><T45/><D45/><U89/><E119/><V17/><F44/><N who="3" m="27655" /><G55/><T77/><D77/><U115/><E54/><V0/><F0/><W100/><G100/><T130/><D130/><U6/><E128/><V126/><F79/><W113/><G113/><T46/><D46/><U61/><E115/><V62/><F4/><W69/><G129/><T123/><D123/><U88/><E116/><V104/><F7/><RYUUKYOKU ba="0,0" sc="298,30,349,-10,151,-10,202,-10" hai0="20,21,22,84,86,133,134" owari="328,13.0,339,44.0,141,-36.0,192,-21.0" /></mjloggm>