<mjloggm ver="2.3"><GO type="169" lobby="0"/><UN n0="%79%61%63%68%69%33%35%38" n1="%E3%83%88%E3%83%88%E3%83%AA%E5%85%88%E7%94%9F%31%39%E6%AD%B3" n2="%E6%9C%A8%E5%8E%9F%E8%B1%AA%E4%B8%80" n3="%42%49%47%42%4F%53%53" dan="18,19,18,16" rate="2195.58,2285.93,2195.72,2087.72" sx="M,F,M,M"/><TAIKYOKU oya="0"/><INIT seed="0,0,0,0,0,24" ten="250,250,250,250" oya="0" hai0="83,134,76,115,66,51,63,119,40,2,14,16,73" hai1="56,10,74,17,133,52,95,22,105,77,90,32,82" hai2="75,99,116,19,126,129,18,13,106,8,20,121,88" hai3="85,108,127,9,128,54,102,131,78,98,97,84,120"/><T80/><D119/><U101/><E133/><V107/><F121/><W62/><G120/><T5/><D134/><U4/><E32/><V21/><F75/><W132/><G132/><T68/><D115/><U53/><E105/><V50/><F129/><N who="3" m="49739" /><G9/><T65/><D2/><U86/><E101/><V113/><F113/><W41/><G41/><T93/><D5/><U0/><REACH who="1" step="1"/><E56/><REACH who="1" ten="250,240,250,250" step="2"/><V47/><F107/><W64/><G102/><T81/><D93/><U58/><E58/><V1/><F106/><W114/><G114/><T37/><D66/><U112/><E112/><V7/><F116/><W79/><G64/><T25/><D37/><U49/><E49/><V44/><F126/><W122/><G127/><T12/><D73/><U72/><E72/><V48/><F48/><W36/><G36/><T3/><D68/><U29/><E29/><V57/><F57/><W96/><G122/><T33/><D65/><U34/><E34/><V30/><F50/><W135/><G135/><T35/><D51/><U23/><E23/><V31/><F21/><W91/><G62/><T67/><D35/><U111/><E111/><V6/><F20/><W45/><G108/><T109/><D109/><U125/><E125/><V110/><F110/><W43/><G54/><T71/><D33/><U103/><E103/><V61/><F61/><W46/><G43/><T26/><D40/><U100/><E100/><V38/><F38/><W42/><G42/><T89/><D63/><U11/><E11/><V15/><F8/><W70/><G70/><T55/><D71/><U69/><E69/><V87/><F44/><RYUUKYOKU ba="0,1" sc="250,-10,240,30,250,-10,250,-10" hai1="0,4,10,17,22,52,53,74,77,82,86,90,95" /><INIT seed="1,1,1,5,1,37" ten="240,270,240,240" oya="1" hai0="98,22,76,50,114,92,85,131,95,86,106,21,16" hai1="104,38,36,120,125,107,97,61,7,112,71,117,88" hai2="10,133,25,58,48,81,74,101,27,113,105,127,116" hai3="6,34,83,12,33,91,94,77,32,20,60,35,100"/><U43/><E112/><V23/><F116/><W70/><G100/><T108/><D114/><U62/><E117/><V9/><F113/><W124/><G124/><T66/><D108/><U5/><E120/><V69/><F69/><W115/><G115/><T110/><D110/><U28/><E28/><V68/><F68/><W19/><G6/><T57/><D131/><U63/><E71/><V111/><F111/><W134/><G134/><T17/><D106/><U31/><E31/><V42/><F133/><W72/><G34/><T26/><D76/><U51/><E51/><V119/><F119/><W118/><G118/><T1/><D1/><U49/><E49/><V54/><F127/><W56/><G70/><T14/><D92/><U45/><E125/><V11/><F23/><W44/><G44/><T40/><D66/><U132/><E132/><V135/><F135/><W41/><G41/><T82/><D82/><U78/><E78/><V103/><F105/><W129/><G129/><T0/><D0/><U52/><E52/><V122/><F122/><W46/><G46/><N who="0" m="25927" /><D57/><U65/><E65/><V8/><N who="2" m="2560" /><DORA hai="39" /><V24/><REACH who="2" step="1"/><F42/><REACH who="2" ten="240,270,230,240" step="2"/><W3/><G3/><T80/><D80/><U109/><E109/><V53/><F53/><W13/><G33/><T121/><D121/><U79/><E38/><V102/><F102/><AGARI ba="1,2" hai="14,16,17,21,22,26,85,86,95,98,102" m="25927" machi="102" ten="30,7700,0" yaku="8,1,52,2,54,1" doraHai="37,39" who="0" fromWho="2" sc="240,100,270,0,230,-80,240,0" /><INIT seed="2,0,0,5,1,104" ten="340,270,150,240" oya="2" hai0="36,39,40,28,128,134,108,124,53,17,16,52,32" hai1="30,103,135,44,71,61,122,116,78,68,111,119,60" hai2="14,66,38,45,95,117,23,54,76,129,80,83,41" hai3="59,113,34,94,5,127,0,109,130,20,18,2,3"/><V25/><F117/><W75/><G109/><T123/><D123/><U64/><E103/><V110/><F129/><W126/><G130/><T133/><D128/><U22/><E78/><V114/><F114/><W47/><G113/><T27/><D108/><U19/><E30/><V43/><F110/><W93/><G34/><T96/><D124/><N who="3" m="47657" /><G5/><T42/><D96/><U13/><E111/><V72/><F66/><W48/><G59/><T79/><D79/><U89/><E122/><V77/><F14/><N who="3" m="9303" /><G75/><T55/><D39/><U7/><E135/><N who="0" m="51721" /><D36/><U31/><E44/><V105/><F105/><W112/><G112/><T106/><D106/><U15/><E31/><V9/><F38/><W107/><G107/><T58/><D58/><U99/><E13/><V102/><F45/><W98/><G98/><T1/><D1/><U49/><E7/><V56/><F56/><W132/><G132/><T90/><D90/><U67/><REACH who="1" step="1"/><E49/><REACH who="1" ten="340,260,150,240" step="2"/><V115/><F115/><W33/><G33/><T57/><D57/><U37/><E37/><V62/><F77/><W6/><G6/><T11/><D17/><U12/><E12/><AGARI ba="0,1" hai="11,12,16,27,28,32,40,42,52,53,55" m="51721" machi="12" ten="30,3900,0" yaku="20,1,54,2" doraHai="104" who="0" fromWho="1" sc="340,49,260,-39,150,0,240,0" /><INIT seed="3,0,0,0,5,73" ten="389,221,150,240" oya="3" hai0="92,22,15,97,108,19,114,66,1,62,60,31,87" hai1="5,13,94,130,111,4,121,109,46,85,115,75,33" hai2="107,93,61,36,39,40,30,29,124,70,76,23,120" hai3="24,37,113,74,91,68,122,8,82,88,12,58,80"/><W69/><G113/><T129/><D108/><N who="1" m="41547" /><E115/><V2/><F107/><W10/><G122/><T86/><D114/><U34/><E75/><V54/><F2/><W72/><G12/><T116/><D129/><U9/><E130/><V27/><F124/><W53/><G58/><N who="0" m="37143" /><D1/><U64/><E64/><V3/><F3/><W79/><G24/><N who="0" m="16791" /><D62/><U96/><E121/><V63/><F120/><W49/><G49/><T38/><D38/><U95/><E4/><V41/><F70/><W117/><G53/><T105/><D105/><U6/><E6/><V52/><F27/><W18/><G37/><T21/><D116/><U123/><E123/><V55/><F55/><W26/><G26/><T17/><D19/><U32/><E46/><V125/><F125/><W128/><G128/><T84/><D84/><U78/><E96/><V131/><F131/><W81/><G117/><T99/><D99/><U51/><E51/><V98/><F98/><W48/><G18/><T100/><AGARI ba="0,0" hai="15,17,21,86,87,92,97,100" m="16791,37143" machi="100" ten="30,2000,0" yaku="25,1,8,1" doraHai="73" who="0" fromWho="0" sc="389,20,221,-5,150,-5,240,-10" /><INIT seed="4,0,0,3,1,20" ten="409,216,145,230" oya="0" hai0="65,120,47,9,122,112,58,64,50,135,2,69,123" hai1="115,66,107,42,54,62,106,48,0,14,72,28,36" hai2="10,113,49,41,38,45,108,60,82,104,128,94,95" hai3="16,52,124,80,96,11,24,40,130,134,87,116,70"/><T74/><D74/><U97/><E0/><V83/><F104/><W105/><G116/><T98/><D2/><U85/><E72/><V29/><F113/><W5/><G70/><T61/><D98/><U131/><E115/><V19/><F128/><W89/><G130/><T17/><D112/><U77/><E131/><V22/><F38/><W119/><G119/><T44/><D9/><U7/><E97/><V75/><F108/><W15/><G124/><T37/><D17/><U125/><E125/><V127/><F29/><W79/><G134/><T91/><D91/><U90/><E77/><V13/><F127/><W33/><G40/><N who="0" m="22543" /><D135/><U78/><E78/><V118/><F118/><W76/><G52/><N who="0" m="33991" /><D69/><N who="1" m="42199" /><E28/><V56/><F75/><W73/><G33/><T99/><D99/><U57/><E14/><V6/><F94/><N who="3" m="56399" /><G105/><T46/><D46/><N who="1" m="23879" /><E7/><V23/><F95/><AGARI ba="0,0" hai="48,54,57,85,90,95,106,107" m="23879,42199" machi="95" ten="30,1000,0" yaku="24,1" doraHai="20" who="1" fromWho="2" sc="409,0,216,10,145,-10,230,0" /><INIT seed="5,0,0,5,2,7" ten="409,226,135,230" oya="1" hai0="48,10,66,55,70,2,57,104,56,78,50,108,114" hai1="134,122,124,0,129,92,1,110,32,90,125,42,31" hai2="24,28,25,40,45,94,41,65,67,36,51,21,22" hai3="37,6,111,52,86,113,35,87,72,95,103,73,44"/><U84/><E122/><V75/><F75/><W12/><G35/><T29/><D104/><U49/><E110/><V64/><F36/><W53/><G111/><T105/><D105/><U82/><E129/><V112/><F112/><W62/><G113/><T80/><D108/><U88/><E134/><V46/><F94/><W118/><G118/><T39/><D39/><U19/><E31/><V83/><F83/><W18/><G6/><T89/><D29/><U13/><E32/><V3/><F3/><W107/><G107/><T47/><D114/><U63/><E63/><V68/><F68/><W8/><G73/><T69/><D89/><U54/><E42/><V17/><REACH who="2" step="1"/><F45/><REACH who="2" ten="409,226,125,230" step="2"/><W121/><G72/><T130/><D70/><U61/><E0/><V58/><F58/><N who="3" m="35143" /><G37/><T81/><D69/><U93/><E1/><V77/><F77/><W14/><G121/><T11/><D78/><U135/><E135/><V117/><F117/><W102/><G95/><T59/><D2/><U15/><E93/><V120/><F120/><W9/><G102/><T30/><D81/><U131/><E92/><V26/><F26/><W119/><G103/><T76/><D80/><U16/><E90/><V33/><F33/><W115/><G119/><T27/><D76/><U34/><E34/><V71/><F71/><W126/><G115/><T128/><D50/><U23/><E49/><V85/><F85/><W132/><G87/><T101/><D101/><U43/><E82/><V98/><F98/><W5/><G86/><T79/><D79/><U123/><E84/><V20/><F20/><W4/><G44/><RYUUKYOKU ba="0,1" sc="409,-10,226,-10,125,30,230,-10" hai2="17,21,22,24,25,28,40,41,46,51,64,65,67" /><INIT seed="6,1,1,5,2,124" ten="399,216,155,220" oya="2" hai0="103,61,70,116,54,21,97,44,7,132,118,26,126" hai1="107,64,71,98,125,82,17,12,113,109,0,100,112" hai2="19,18,134,94,91,31,129,95,60,65,77,69,88" hai3="90,29,131,24,50,36,68,46,4,59,41,37,102"/><V120/><F120/><W3/><G68/><T121/><D126/><U85/><E125/><V99/><F134/><W47/><G102/><T83/><D132/><U105/><E109/><V1/><F1/><W23/><G131/><T52/><D7/><U28/><E0/><V57/><F129/><W25/><G59/><T62/><D83/><U42/><E28/><V130/><F130/><W20/><G90/><T133/><D133/><U30/><E30/><V92/><F77/><W33/><G47/><T106/><D121/><U79/><E42/><V43/><F43/><W89/><G89/><N who="2" m="34377" /><F69/><W6/><G33/><T128/><D128/><U51/><E51/><V14/><F31/><W2/><G2/><T93/><D106/><N who="1" m="63767" /><E64/><V13/><F99/><W40/><G40/><T49/><D70/><U63/><E63/><V122/><F122/><W35/><G35/><T56/><REACH who="0" step="1"/><D61/><REACH who="0" ten="389,216,155,220" step="2"/><U74/><E71/><V66/><F66/><W15/><G37/><T8/><D8/><N who="1" m="6279" /><E74/><V76/><F76/><W78/><G78/><T27/><D27/><U86/><E86/><V22/><F95/><W114/><G36/><T117/><D117/><U123/><E123/><V75/><F75/><W32/><G4/><T58/><D58/><U73/><E85/><V87/><F87/><W115/><G6/><T9/><D9/><AGARI ba="1,2" hai="9,13,14,18,19,22,57,60,65,92,94" m="34377" machi="9" ten="30,2900,0" yaku="8,1,54,1" doraHai="124" who="2" fromWho="0" sc="389,-32,216,0,155,52,220,0" /><INIT seed="6,2,0,3,1,105" ten="357,216,207,220" oya="2" hai0="1,26,46,45,124,94,14,24,110,33,128,62,17" hai1="53,88,119,60,93,82,101,131,122,106,38,75,100" hai2="9,95,91,42,20,32,79,123,65,18,39,84,113" hai3="109,118,57,116,56,8,23,126,74,85,72,130,54"/><V103/><F123/><W77/><G109/><T29/><D110/><U73/><E38/><V48/><F32/><W49/><G126/><T41/><D124/><U120/><E119/><V68/><F39/><W115/><G130/><T96/><D128/><U90/><E131/><V37/><F37/><W40/><G115/><T50/><D1/><U52/><E106/><V67/><F68/><W76/><G40/><T25/><D62/><U11/><E11/><V92/><F79/><W19/><G85/><T15/><D15/><U69/><E69/><V31/><F9/><W28/><G77/><T55/><D45/><U135/><E135/><V58/><F31/><W112/><G112/><T97/><D97/><U111/><E111/><V5/><F5/><W35/><G8/><N who="0" m="6343" /><D33/><U30/><E60/><V27/><F113/><W102/><G102/><N who="1" m="39530" /><E30/><V87/><F42/><W51/><G76/><T86/><D41/><U107/><E107/><V44/><F44/><W4/><G4/><T12/><D46/><U6/><E6/><V66/><F103/><W2/><G2/><T3/><D3/><U81/><E120/><V63/><REACH who="2" step="1"/><F48/><REACH who="2" ten="357,216,197,220" step="2"/><W129/><G129/><T16/><D50/><U61/><E122/><V10/><F10/><W114/><G114/><T125/><D29/><U134/><E134/><V36/><F36/><W117/><G28/><T78/><D125/><U133/><E133/><V108/><F108/><W121/><G35/><T47/><D78/><U70/><E70/><V64/><F64/><W80/><G121/><T43/><D43/><U71/><E71/><V98/><F98/><RYUUKYOKU ba="2,1" sc="357,-10,216,-10,197,30,220,-10" hai2="18,20,27,58,63,65,66,67,84,87,91,92,95" /><INIT seed="6,3,1,0,5,86" ten="347,206,227,210" oya="2" hai0="16,55,45,82,42,21,52,3,64,76,53,23,107" hai1="17,83,12,68,131,72,135,46,0,104,127,60,58" hai2="62,1,124,54,93,129,102,40,37,112,15,91,11" hai3="5,2,92,9,61,79,65,113,30,119,122,110,106"/><V36/><F1/><W31/><G110/><T66/><D107/><U80/><E0/><V63/><F102/><W108/><G108/><T88/><D3/><U44/><E104/><V90/><F40/><W133/><G119/><T43/><D23/><N who="1" m="11687" /><E68/><V49/><F112/><W35/><G122/><T73/><D73/><U94/><E72/><V29/><F129/><W114/><G106/><T85/><D76/><U109/><E109/><V117/><F117/><W28/><G133/><T20/><D20/><U70/><E70/><V97/><F124/><W89/><G79/><T39/><REACH who="0" step="1"/><D43/><REACH who="0" ten="337,206,227,210" step="2"/><U4/><E127/><V18/><F29/><W33/><G113/><T56/><D56/><U101/><E135/><V98/><F11/><W10/><G10/><T84/><D84/><U22/><E131/><V105/><F105/><W120/><G114/><T13/><AGARI ba="3,2" hai="13,16,21,39,42,45,52,53,55,64,66,82,85,88" machi="13" ten="30,12000,2" yaku="1,1,0,1,52,1,54,3,53,0" doraHai="86" doraHaiUra="47" who="0" fromWho="0" sc="337,149,206,-33,227,-63,210,-33" /><INIT seed="7,0,0,0,3,80" ten="486,173,164,177" oya="3" hai0="57,59,97,42,70,93,23,94,109,85,79,15,41" hai1="34,116,8,64,88,36,103,17,24,14,9,134,11" hai2="2,121,133,37,27,104,49,29,56,114,13,62,105" hai3="120,54,20,46,44,25,108,65,84,67,26,124,98"/><W40/><G120/><T82/><D70/><U126/><E36/><V130/><F37/><W71/><G124/><T99/><D109/><U96/><E126/><V4/><F2/><W110/><G98/><T18/><D99/><U75/><E75/><V35/><F121/><W68/><G54/><T53/><D94/><N who="1" m="58775" /><E34/><V74/><F74/><W95/><G95/><T106/><D106/><U58/><E134/><V125/><F125/><W76/><G76/><T115/><D115/><U63/><E116/><V90/><F114/><W12/><G12/><T128/><D128/><U45/><E88/><V0/><F133/><W118/><G20/><T43/><D53/><U72/><E72/><V33/><F33/><W39/><G39/><T132/><D132/><U16/><E45/><V1/><F130/><W122/><G122/><T129/><D129/><U113/><E113/><V21/><F90/><AGARI ba="0,0" hai="15,18,23,41,42,43,57,59,79,82,85,90,93,97" machi="90" ten="40,2600,0" yaku="8,1,52,1" doraHai="80" who="0" fromWho="2" sc="486,26,173,0,164,-26,177,0" owari="512,61.0,173,-23.0,138,-36.0,177,-2.0" /></mjloggm>