<mjloggm ver="2.3"><GO type="169" lobby="0"/><UN n0="%E4%BB%A3%E6%89%93%E3%81%A1%E3%81%AE%E7%A5%9E%E6%A7%98" n1="%66%65%65%73" n2="%E5%A4%A7%E5%92%8C%E7%94%B0%E5%B0%82%E5%8B%99" n3="%E3%82%A6%E3%83%AB%E3%83%88%E3%83%A9%E7%AB%8B%E7%9B%B4" dan="16,16,18,18" rate="2133.60,2088.15,2233.86,2241.74" sx="M,M,M,M"/><TAIKYOKU oya="0"/><INIT seed="0,0,0,2,5,102" ten="250,250,250,250" oya="0" hai0="78,113,105,110,15,104,39,90,26,108,79,38,58" hai1="47,51,121,132,31,112,54,111,28,5,27,49,4" hai2="128,22,21,45,36,6,35,7,135,37,120,42,55" hai3="71,12,32,23,11,67,87,30,85,69,44,72,56"/><T40/><D113/><U98/><E121/><V119/><F35/><W70/><G72/><T14/><D26/><U107/><E112/><V1/><F120/><W131/><G32/><T83/><D90/><U94/><E111/><N who="0" m="42537" /><D58/><U91/><E107/><N who="0" m="41033" /><D79/><U50/><E132/><V34/><F135/><W60/><G131/><T18/><D40/><U93/><E93/><V84/><F42/><W106/><G106/><T130/><D130/><U82/><E82/><V129/><F128/><W89/><G70/><T118/><D118/><U99/><E99/><V33/><F119/><W16/><G71/><T116/><D116/><U103/><E91/><V114/><F114/><W88/><G69/><T10/><D14/><U17/><E31/><V124/><F129/><W9/><G30/><T41/><D41/><U109/><E28/><V68/><F68/><W100/><G100/><T0/><D0/><U73/><E109/><V8/><F1/><W101/><G101/><T20/><D10/><U43/><E43/><V13/><F13/><W115/><G115/><T123/><D123/><U65/><E103/><V48/><F8/><W29/><G89/><T46/><D46/><U25/><E47/><V133/><F45/><W53/><G88/><T59/><D59/><U81/><E25/><V117/><F117/><W52/><G9/><T80/><D80/><U122/><E81/><V95/><F133/><W86/><G44/><T61/><D61/><U96/><E27/><AGARI ba="0,0" hai="11,12,16,23,27,29,52,53,56,60,67,85,86,87" machi="27" ten="40,5200,0" yaku="8,1,54,2" doraHai="102" who="3" fromWho="1" sc="250,0,250,-52,250,0,250,52" /><INIT seed="1,0,0,4,2,2" ten="250,198,250,302" oya="1" hai0="44,33,70,61,5,68,102,66,80,125,98,28,4" hai1="63,47,79,94,16,62,90,121,53,133,83,109,18" hai2="86,31,132,54,34,67,100,73,17,12,110,72,118" hai3="0,119,87,25,26,122,69,99,13,51,64,15,97"/><U41/><E121/><V27/><F118/><W11/><G69/><T6/><D125/><U29/><E29/><V105/><F110/><W49/><G0/><T58/><D44/><U111/><E133/><V55/><F132/><W35/><G35/><T56/><D80/><U117/><E117/><V89/><F67/><W39/><G39/><T40/><D40/><U36/><E63/><V108/><F108/><N who="1" m="41545" /><E53/><V131/><F131/><W84/><G64/><T1/><D70/><U134/><E62/><V59/><F100/><W48/><G119/><T24/><REACH who="0" step="1"/><D1/><REACH who="0" ten="240,198,250,302" step="2"/><U76/><E134/><V32/><F59/><W65/><G122/><T92/><AGARI ba="0,1" hai="4,5,6,24,28,33,56,58,61,66,68,92,98,102" machi="92" ten="30,12000,2" yaku="1,1,2,1,0,1,52,3,53,1" doraHai="2" doraHaiUra="60" who="0" fromWho="0" sc="240,130,198,-60,250,-30,302,-30" /><INIT seed="2,0,0,5,3,120" ten="370,138,220,272" oya="2" hai0="49,52,105,3,102,43,4,19,28,124,46,110,14" hai1="85,16,36,68,61,50,12,130,118,33,22,39,109" hai2="129,75,123,76,17,13,57,91,27,41,45,66,20" hai3="69,117,77,8,97,133,9,34,32,53,25,135,55"/><V51/><F123/><W92/><G77/><T11/><D124/><U125/><E118/><V127/><F129/><W67/><G67/><T70/><D70/><U74/><E74/><V132/><F132/><N who="3" m="50763" /><G69/><T40/><D28/><U10/><E33/><N who="3" m="12906" /><G25/><T93/><D105/><U100/><E100/><V31/><F127/><W1/><G117/><T80/><D110/><U21/><E125/><V56/><F66/><W6/><G9/><T37/><D80/><U79/><E68/><V5/><F5/><W111/><G111/><T83/><D83/><U48/><E10/><V38/><F76/><W71/><G71/><T15/><D3/><U62/><E109/><V126/><F75/><W108/><G108/><T94/><D102/><AGARI ba="0,0" hai="1,6,8,53,55,92,97,102" m="12906,50763" machi="102" ten="30,1000,0" yaku="20,1" doraHai="120" who="3" fromWho="0" sc="370,-10,138,0,220,0,272,10" /><INIT seed="3,0,0,4,1,129" ten="360,138,220,282" oya="3" hai0="52,91,109,95,66,115,24,104,34,61,35,19,93" hai1="87,88,7,98,70,23,76,48,13,73,25,17,11" hai2="131,121,39,84,107,81,53,89,16,56,110,43,10" hai3="105,127,60,125,132,51,126,67,20,86,78,72,100"/><W9/><G72/><T83/><D104/><U101/><E70/><V96/><F131/><W111/><G111/><T114/><D109/><U79/><E73/><V134/><F110/><W30/><G9/><T8/><D83/><U49/><E49/><V130/><F130/><W6/><G6/><T28/><D35/><U75/><E75/><V37/><F121/><W55/><G100/><T123/><D123/><U99/><E48/><V102/><F134/><W74/><G105/><T69/><D52/><U21/><E21/><V31/><F31/><W90/><G78/><T50/><D50/><U45/><E45/><V120/><F43/><W38/><G74/><T118/><D118/><U103/><E103/><V41/><F41/><W97/><G97/><N who="1" m="36874" /><E101/><V62/><REACH who="2" step="1"/><F120/><REACH who="2" ten="360,138,210,282" step="2"/><W63/><G132/><T128/><D128/><U47/><E47/><V3/><F3/><W119/><G119/><T18/><D28/><U32/><E32/><V22/><F22/><W124/><G124/><T27/><D34/><U26/><E26/><V133/><F133/><W80/><G38/><T94/><D27/><U29/><E29/><V14/><AGARI ba="0,1" hai="10,14,16,37,39,53,56,62,81,84,89,96,102,107" machi="14" ten="30,4000,0" yaku="1,1,0,1,54,1,53,0" doraHai="129" doraHaiUra="106" who="2" fromWho="2" sc="360,-10,138,-10,210,50,282,-20" /><INIT seed="4,0,0,0,0,120" ten="350,128,260,262" oya="0" hai0="123,18,52,51,12,58,88,122,98,93,49,97,6" hai1="75,131,103,64,116,25,102,0,21,4,31,67,36" hai2="16,13,8,15,105,71,124,10,111,119,37,65,42" hai3="86,47,115,74,61,35,91,5,69,70,134,77,14"/><T44/><D6/><U84/><E75/><V9/><F105/><W2/><G14/><T59/><D98/><U104/><E36/><V48/><F37/><W68/><G86/><T11/><REACH who="0" step="1"/><D59/><REACH who="0" ten="340,128,260,262" step="2"/><U108/><E116/><V83/><F119/><W72/><G5/><T28/><D28/><U41/><E4/><V60/><F71/><W63/><G70/><T128/><D128/><U117/><E31/><V1/><F9/><W45/><G69/><T87/><D87/><U81/><E84/><V29/><F8/><W125/><G68/><T92/><D92/><U109/><E117/><V23/><F10/><W20/><G74/><T55/><AGARI ba="0,1" hai="11,12,18,44,49,51,52,55,58,88,93,97,122,123" machi="55" ten="20,18000,2" yaku="1,1,0,1,7,1,54,2,53,1" doraHai="120" doraHaiUra="95" who="0" fromWho="0" sc="340,190,128,-60,260,-60,262,-60" /><INIT seed="4,1,0,5,1,94" ten="530,68,200,202" oya="0" hai0="92,126,79,134,127,62,78,105,23,52,121,85,38" hai1="60,72,31,89,64,24,116,123,113,45,122,7,131" hai2="56,54,80,40,42,93,108,37,133,26,73,117,76" hai3="118,98,71,74,83,8,107,5,44,17,13,10,124"/><T48/><D105/><U115/><E116/><V82/><F108/><W68/><G118/><T53/><D38/><U97/><E72/><V111/><F111/><W63/><G124/><N who="0" m="47659" /><D121/><U2/><E131/><V96/><F133/><W16/><G44/><T130/><D130/><U101/><E89/><V20/><F82/><W4/><G83/><T25/><D134/><U33/><E45/><V132/><F37/><W41/><G41/><T69/><D85/><U135/><E135/><V100/><F117/><W88/><G74/><T11/><D11/><N who="1" m="2551" /><E123/><V86/><F73/><W102/><G88/><T29/><D92/><U6/><E122/><V36/><F36/><W51/><G51/><T35/><D35/><U18/><E33/><V58/><F132/><W21/><G63/><T70/><D53/><U50/><E60/><N who="2" m="35863" /><F58/><W90/><G90/><T112/><D112/><U67/><E113/><V91/><F100/><W106/><G106/><T128/><D128/><U87/><E101/><V12/><F12/><W95/><G95/><T65/><D70/><U1/><E115/><V119/><F119/><W81/><G81/><T49/><D49/><U22/><E50/><V32/><F32/><W114/><G114/><T57/><AGARI ba="1,0" hai="23,25,29,48,52,57,62,65,69,78,79" m="47659" machi="57" ten="30,3000,0" yaku="18,1,54,1" doraHai="94" who="0" fromWho="0" sc="530,33,68,-11,200,-11,202,-11" /><INIT seed="4,2,0,5,0,9" ten="563,57,189,191" oya="0" hai0="11,107,33,32,86,134,81,4,39,5,83,135,127" hai1="71,10,97,48,13,60,41,117,131,45,99,77,26" hai2="40,105,98,93,28,50,51,52,3,82,23,128,1" hai3="19,70,30,61,106,36,44,59,129,29,16,53,92"/><T18/><D39/><U118/><E131/><V31/><F105/><W125/><G106/><T79/><D107/><U17/><E77/><V25/><F128/><W75/><G75/><T114/><D114/><U94/><E99/><V57/><F31/><W122/><G129/><T15/><D127/><U89/><REACH who="1" step="1"/><E26/><REACH who="1" ten="563,47,189,191" step="2"/><V96/><F98/><W72/><G125/><T85/><D134/><U111/><E111/><V102/><F82/><W91/><G122/><T109/><D135/><U7/><E7/><V132/><F132/><W20/><G72/><T46/><D109/><U95/><E95/><V47/><AGARI ba="2,1" hai="1,3,23,25,28,40,47,50,51,52,57,93,96,102" machi="47" ten="30,2000,0" yaku="0,1,54,1" doraHai="9" who="2" fromWho="2" sc="563,-12,47,-7,189,36,191,-7" /><INIT seed="5,0,0,4,5,59" ten="551,40,225,184" oya="1" hai0="127,42,54,25,11,2,122,7,13,84,38,118,58" hai1="105,75,23,55,40,134,131,108,117,37,33,106,94" hai2="80,92,91,39,36,78,50,12,95,10,15,48,104" hai3="62,109,52,28,123,126,35,116,83,119,63,24,26"/><U85/><E23/><V46/><F104/><W100/><G109/><T29/><D118/><N who="3" m="45097" /><G126/><T113/><D113/><U71/><E55/><V57/><F50/><W43/><G123/><T130/><D130/><U30/><E30/><V27/><F57/><W49/><G100/><T61/><D38/><U129/><E40/><V67/><F27/><W74/><G43/><T82/><D11/><U97/><E85/><V9/><F92/><W110/><G110/><T32/><D54/><U89/><E97/><V34/><F34/><W51/><G51/><T125/><D58/><U124/><E89/><V98/><F67/><W93/><G93/><T5/><D82/><U53/><E53/><V81/><F15/><W72/><G26/><T114/><D13/><U115/><E94/><V6/><F9/><W21/><G21/><T79/><D114/><U77/><E77/><V88/><F91/><W76/><G74/><T112/><D112/><U64/><E64/><V135/><F135/><W20/><G20/><T22/><D127/><U60/><E60/><V0/><F12/><W4/><G4/><T120/><D125/><U107/><E106/><V65/><F65/><W96/><G96/><T90/><D90/><U68/><E107/><V14/><F14/><W16/><G16/><T1/><D22/><U128/><E131/><V41/><F81/><W103/><G103/><T101/><D101/><U66/><E128/><V45/><F45/><AGARI ba="0,0" hai="24,28,35,45,49,52,62,63,72,76,83" m="45097" machi="45" ten="30,7700,0" yaku="12,1,52,2,54,1" doraHai="59" who="3" fromWho="2" sc="551,0,40,0,225,-77,184,77" /><INIT seed="6,0,0,5,3,100" ten="551,40,148,261" oya="2" hai0="115,44,36,15,95,81,23,20,48,75,50,87,132" hai1="60,13,38,51,86,31,84,26,17,37,80,94,74" hai2="104,29,135,113,55,78,99,14,118,6,41,73,125" hai3="134,127,57,111,65,24,77,122,21,124,101,90,53"/><V59/><F118/><W110/><G65/><T25/><D115/><U123/><E74/><V130/><F41/><W106/><G122/><T72/><D36/><U97/><E123/><V98/><F113/><W33/><G33/><T8/><D95/><U69/><E84/><V47/><F47/><W76/><G90/><T119/><D50/><U129/><E129/><V102/><F130/><W67/><G67/><T79/><D132/><U9/><E69/><V85/><F29/><N who="3" m="17551" /><G134/><T133/><D23/><U10/><E10/><V28/><F98/><N who="3" m="61751" /><G77/><T43/><D119/><U66/><E51/><V89/><F28/><W52/><G76/><T64/><D64/><U46/><E46/><V40/><F125/><N who="3" m="48203" /><G53/><T2/><D133/><U71/><E80/><V116/><F78/><W61/><AGARI ba="0,0" hai="52,57,61,110,111" m="48203,61751,17551" machi="61" ten="30,4000,0" yaku="18,1,52,1,54,1" doraHai="100" who="3" fromWho="3" sc="551,-10,40,-10,148,-20,261,40" /><INIT seed="7,0,0,1,0,41" ten="541,30,128,301" oya="3" hai0="132,128,126,134,131,48,86,17,29,59,3,92,120" hai1="95,43,121,85,102,1,78,18,118,23,84,8,36" hai2="96,19,133,9,91,54,30,81,15,106,50,111,20" hai3="51,56,49,37,124,125,79,12,63,22,114,21,62"/><W58/><G12/><T112/><D120/><U103/><E121/><V107/><F111/><W117/><G79/><T33/><D3/><U13/><E118/><V101/><F133/><N who="0" m="51306" /><D112/><U65/><E65/><V25/><F91/><W31/><G31/><T135/><D135/><U46/><E78/><V127/><F81/><W60/><G114/><T97/><D126/><U53/><E53/><V4/><F127/><N who="3" m="48715" /><G117/><T88/><D17/><U42/><E42/><V34/><F106/><W83/><G83/><T119/><D119/><U90/><REACH who="1" step="1"/><E84/><REACH who="1" ten="541,20,128,301" step="2"/><V7/><F54/><N who="3" m="31839" /><G37/><T76/><D76/><U116/><E116/><V71/><F71/><W113/><G113/><T105/><D29/><U77/><E77/><V68/><F68/><W73/><G73/><T61/><D33/><U52/><E52/><AGARI ba="0,1" hai="21,22,49,52,58,60,62,63" m="31839,48715" machi="52" ten="30,2900,0" yaku="18,1,54,1" doraHai="41" who="3" fromWho="1" sc="541,0,20,-29,128,0,301,39" owari="541,64.0,-9,-51.0,128,-27.0,340,14.0" /></mjloggm>