<mjloggm ver="2.3"><GO type="169" lobby="0"/><UN n0="%33%31%6A%69%6E" n1="%E3%81%A1%E3%82%83%E3%82%93%E3%81%B2%E3%81%8D%E3%81%9E%E3%81%86" n2="%E3%83%88%E3%83%88%E3%83%AA%E5%85%88%E7%94%9F%31%39%E6%AD%B3" n3="%63%72%69%74%74%65%72" dan="19,16,19,16" rate="2341.43,2091.78,2270.64,2170.38" sx="F,M,F,M"/><TAIKYOKU oya="0"/><INIT seed="0,0,0,5,1,87" ten="250,250,250,250" oya="0" hai0="112,45,65,10,95,129,64,128,22,9,77,92,39" hai1="125,104,111,88,13,116,102,50,23,67,134,118,75" hai2="42,58,32,4,53,41,6,28,96,124,69,2,46" hai3="131,5,18,7,120,133,82,105,33,11,100,122,25"/><T113/><D77/><U68/><E75/><V99/><F69/><W81/><G131/><N who="0" m="50251" /><D22/><U71/><E102/><V60/><F124/><W78/><G133/><T62/><D45/><U66/><E104/><V123/><F123/><N who="3" m="47147" /><G100/><T86/><D39/><U121/><E121/><V91/><F28/><N who="3" m="19599" /><G105/><T127/><D127/><U1/><E125/><V14/><F32/><W132/><G132/><T115/><D86/><U38/><E23/><V57/><F2/><W110/><G110/><T70/><D64/><U52/><E38/><V34/><F34/><W84/><G82/><T94/><AGARI ba="0,0" hai="9,10,62,65,70,92,94,95,112,113,115" m="50251" machi="94" ten="40,2100,0" yaku="19,1" doraHai="87" who="0" fromWho="0" sc="250,21,250,-7,250,-7,250,-7" /><INIT seed="0,1,0,0,1,5" ten="271,243,243,243" oya="0" hai0="36,98,17,74,70,69,27,132,107,48,4,83,128" hai1="110,112,59,106,49,51,121,94,34,76,47,67,109" hai2="63,103,68,125,100,30,58,0,111,35,126,26,60" hai3="105,37,97,127,1,7,75,14,88,92,12,130,43"/><T23/><D36/><U99/><E121/><V120/><F120/><W133/><G133/><T33/><D132/><U64/><E106/><V31/><F0/><W66/><G127/><N who="2" m="48649" /><F111/><N who="1" m="42505" /><E34/><V11/><F31/><W41/><G130/><T95/><D107/><U61/><E76/><V85/><F11/><W93/><G105/><T77/><D128/><U10/><E112/><V80/><F68/><W90/><G75/><T104/><D104/><U102/><E51/><V56/><F56/><W117/><G117/><T45/><D4/><U62/><E10/><V82/><F82/><W73/><G73/><T57/><D57/><U44/><E49/><V87/><F87/><W50/><G37/><T46/><D33/><U18/><E18/><V116/><F116/><W9/><G66/><T15/><D27/><U124/><E124/><V8/><F8/><N who="3" m="4127" /><G50/><T118/><D118/><U2/><E2/><V91/><F63/><W39/><G39/><T13/><D13/><U71/><AGARI ba="1,0" hai="44,47,59,61,62,64,67,71,94,99,102" m="42505" machi="71" ten="30,1100,0" yaku="14,1" doraHai="5" who="1" fromWho="1" sc="271,-6,243,14,243,-4,243,-4" /><INIT seed="1,0,0,2,0,93" ten="265,257,239,239" oya="1" hai0="72,36,13,60,86,69,97,30,105,53,88,75,19" hai1="81,0,115,44,94,65,67,64,121,16,98,91,96" hai2="21,85,127,68,28,132,4,124,23,101,102,9,131" hai3="1,38,34,76,130,2,104,47,107,87,37,79,40"/><U103/><E115/><V11/><F68/><W106/><G130/><T119/><D36/><U110/><E121/><V14/><F85/><W49/><G34/><T116/><D30/><U18/><E0/><V134/><F101/><W133/><G133/><N who="2" m="51305" /><F102/><W70/><G70/><T82/><D105/><U15/><E110/><V55/><F55/><W73/><G87/><T8/><D97/><N who="1" m="59831" /><E44/><V89/><F89/><W111/><G111/><T32/><D32/><U62/><E62/><V129/><F11/><W74/><G49/><T54/><D54/><U125/><E125/><N who="2" m="48203" /><F28/><W31/><G31/><T22/><D8/><N who="1" m="6247" /><E18/><N who="2" m="10455" /><F23/><W90/><G47/><T39/><D69/><U41/><E41/><V63/><F63/><W46/><G46/><T24/><D60/><U27/><E27/><V10/><F10/><W66/><G40/><T77/><D24/><U33/><E33/><V95/><F95/><W126/><G126/><T25/><D25/><U57/><E57/><V78/><F78/><W45/><G45/><T114/><D77/><U120/><E120/><V61/><F61/><W43/><G43/><T117/><D114/><U35/><E35/><V109/><F109/><W113/><G113/><T100/><D117/><U56/><E56/><V123/><F123/><W51/><G76/><T42/><D53/><U48/><E48/><V26/><F26/><W128/><G51/><T3/><D116/><U71/><E71/><V17/><F17/><W80/><G79/><T118/><D118/><U58/><E58/><V112/><F112/><W59/><G59/><T52/><D119/><U12/><E12/><AGARI ba="0,0" hai="4,9,12,129,131" m="10455,48203,51305" machi="12" ten="30,12000,2" yaku="6,1,30,2,20,1,18,1,34,2" doraHai="93" who="2" fromWho="1" sc="265,0,257,-120,239,120,239,0" /><INIT seed="2,0,0,5,3,69" ten="265,137,359,239" oya="2" hai0="133,37,61,36,41,58,23,5,79,72,122,28,51" hai1="40,73,116,57,0,135,95,30,99,50,2,120,45" hai2="60,75,39,63,111,42,86,129,80,97,12,132,47" hai3="27,1,62,90,29,81,26,55,21,33,56,19,46"/><V124/><F129/><W102/><G1/><T32/><D122/><U14/><E116/><V89/><F132/><W65/><G102/><T110/><D110/><U71/><E71/><V44/><F124/><W94/><G81/><T127/><D32/><U49/><E135/><V17/><F111/><W16/><G19/><T117/><D133/><U96/><E120/><V54/><F75/><W121/><G121/><T6/><D127/><U25/><E73/><V24/><F24/><W128/><G128/><T70/><D70/><U15/><E0/><V100/><F47/><W130/><G130/><T108/><D108/><U83/><E2/><V82/><F54/><W101/><G101/><T126/><D126/><U13/><E83/><V118/><F80/><W66/><REACH who="3" step="1"/><G46/><REACH who="3" ten="265,137,359,229" step="2"/><T10/><D117/><U38/><E57/><V115/><F118/><W7/><G7/><T91/><D5/><U22/><REACH who="1" step="1"/><E99/><AGARI ba="0,1" hai="16,21,26,27,29,33,55,56,62,65,66,90,94,99" machi="99" ten="30,12000,2" yaku="1,1,7,1,25,2,54,1,53,1" doraHai="69" doraHaiUra="84" who="3" fromWho="1" sc="265,0,137,-120,359,0,229,130" /><INIT seed="3,0,0,3,4,104" ten="265,17,359,359" oya="3" hai0="96,68,5,20,66,38,35,109,67,107,95,8,128" hai1="120,103,17,77,100,19,48,6,44,56,71,30,133" hai2="108,36,102,10,16,50,9,94,92,83,126,37,21" hai3="41,91,22,62,12,33,97,32,86,131,59,84,88"/><W119/><G119/><T111/><D35/><U23/><E71/><V4/><F108/><N who="0" m="41546" /><D38/><U7/><E120/><V61/><F126/><W18/><G131/><T45/><D107/><U106/><E133/><V26/><F37/><W72/><G72/><T135/><D135/><U127/><E127/><V57/><F36/><W132/><G132/><T80/><D68/><U129/><E129/><V31/><F102/><N who="1" m="38953" /><E106/><V87/><F50/><W110/><G110/><T29/><D80/><U121/><E121/><V125/><F31/><W99/><G41/><T53/><D128/><U78/><E56/><V0/><F10/><W40/><G40/><T73/><D73/><U60/><E60/><V82/><F125/><W123/><G123/><T114/><D114/><U34/><E34/><V46/><F46/><W85/><G32/><T89/><D53/><N who="1" m="29831" /><E30/><V25/><F25/><W11/><G33/><T134/><D45/><U130/><E130/><V55/><REACH who="2" step="1"/><F83/><REACH who="2" ten="265,17,349,359" step="2"/><W2/><G11/><T117/><D134/><U3/><E3/><V64/><F64/><N who="3" m="39007" /><G2/><N who="0" m="55" /><D117/><U65/><E65/><V112/><F112/><W42/><G42/><T115/><D115/><U13/><E19/><V47/><F47/><W79/><G79/><AGARI ba="0,1" hai="6,7,13,17,23,77,78,79" m="29831,38953" machi="79" ten="30,1000,0" yaku="8,1" doraHai="104" who="1" fromWho="3" sc="265,0,17,20,349,0,359,-10" /><AGARI ba="0,0" hai="0,4,9,16,21,26,55,57,61,79,82,87,92,94" machi="79" ten="30,3900,0" yaku="1,1,7,1,54,1,53,0" doraHai="104" doraHaiUra="93" who="2" fromWho="3" sc="265,0,37,0,349,39,349,-39" /><INIT seed="4,0,0,5,4,66" ten="265,37,388,310" oya="0" hai0="51,28,22,132,125,46,25,98,45,83,109,120,108" hai1="130,10,101,81,31,59,30,64,71,62,0,75,78" hai2="126,92,105,20,60,11,34,21,36,56,134,27,95" hai3="82,26,96,115,17,86,74,63,13,73,15,70,5"/><T128/><D120/><U110/><E110/><N who="0" m="42601" /><D128/><U72/><E130/><V77/><F105/><W135/><G115/><T35/><D125/><U114/><E114/><V48/><F36/><W37/><G37/><T119/><D119/><U123/><E123/><V44/><F126/><W9/><G135/><T54/><D132/><U79/><E101/><V117/><F34/><W90/><G26/><N who="0" m="18839" /><D83/><U47/><E47/><V116/><F134/><W3/><G96/><T104/><D104/><U8/><E59/><V43/><F11/><W39/><G39/><T40/><D98/><U67/><E81/><V4/><F4/><W102/><G102/><T84/><D84/><U19/><E19/><V127/><F77/><W58/><G3/><T52/><D45/><U121/><E0/><V100/><F21/><W91/><G91/><T1/><D1/><U18/><E121/><V76/><F76/><W14/><G14/><T65/><D65/><U68/><REACH who="1" step="1"/><E18/><AGARI ba="0,0" hai="18,22,25,40,46,51,52,54" m="18839,42601" machi="18" ten="30,2900,0" yaku="10,1,54,1" doraHai="66" who="0" fromWho="1" sc="265,29,37,-29,388,0,310,0" /><INIT seed="4,1,0,1,0,129" ten="294,8,388,310" oya="0" hai0="90,45,112,6,60,46,119,43,83,127,51,41,35" hai1="82,101,72,130,75,27,110,19,78,116,108,50,49" hai2="12,21,5,8,84,89,79,76,106,59,69,31,121" hai3="40,118,134,103,47,71,13,39,54,113,95,66,81"/><T23/><D119/><U65/><E116/><V105/><F121/><W20/><G118/><T117/><D117/><U37/><E130/><V36/><F69/><W25/><G113/><T64/><D112/><U10/><E37/><V52/><F36/><W88/><G103/><T4/><D127/><U133/><E101/><V107/><F31/><W26/><G81/><T100/><D35/><U42/><E65/><V94/><REACH who="2" step="1"/><F21/><REACH who="2" ten="294,8,378,310" step="2"/><W3/><G71/><T24/><D100/><U7/><E133/><V120/><F120/><W123/><G134/><T98/><D98/><U109/><E75/><V93/><F93/><W87/><G123/><T58/><D83/><U102/><E102/><V15/><F15/><W33/><G3/><T28/><REACH who="0" step="1"/><D90/><REACH who="0" ten="284,8,378,310" step="2"/><U74/><E110/><V135/><F135/><W86/><G88/><T34/><D34/><U125/><E109/><V0/><F0/><W92/><G33/><T29/><D29/><U85/><E108/><V80/><F80/><W70/><G95/><T30/><D30/><U1/><E125/><V17/><F17/><W128/><G92/><T91/><D91/><U11/><E74/><V48/><AGARI ba="1,2" hai="5,8,12,48,52,59,76,79,84,89,94,105,106,107" machi="48" ten="30,4000,0" yaku="1,1,0,1,54,1,53,0" doraHai="129" doraHaiUra="62" who="2" fromWho="2" sc="284,-21,8,-11,378,63,310,-11" owari="263,-14.0,-3,-50.0,441,54.0,299,10.0" /></mjloggm>