<mjloggm ver="2.3"><GO type="169" lobby="0"/><UN n0="%E3%82%A6%E3%83%AB%E3%83%88%E3%83%A9%E7%AB%8B%E7%9B%B4" n1="%E9%BB%92%E3%81%84%E9%A4%8A%E5%88%86" n2="%73%69%6E%73%69%73%74" n3="%E6%9C%AC%E7%94%B0%E7%BF%BC" dan="18,16,19,16" rate="2225.36,2179.44,2200.84,2128.36" sx="M,M,M,F"/><TAIKYOKU oya="0"/><INIT seed="0,0,0,2,2,2" ten="250,250,250,250" oya="0" hai0="122,45,95,15,128,103,117,49,54,134,119,66,104" hai1="74,91,36,90,107,20,73,59,133,50,130,29,52" hai2="112,127,40,23,18,135,5,109,32,31,34,124,46" hai3="47,33,85,81,0,118,116,14,35,100,1,27,44"/><T94/><D122/><U22/><E36/><V132/><F40/><W82/><G14/><T19/><D128/><U120/><E130/><V75/><F75/><W12/><G12/><T79/><D134/><N who="2" m="51242" /><F46/><W129/><G129/><T67/><D104/><U105/><E120/><V16/><F112/><W41/><G41/><T80/><D117/><U64/><E133/><V76/><F76/><W39/><G85/><N who="0" m="48287" /><D119/><U53/><E64/><N who="0" m="24617" /><D103/><U25/><E59/><V96/><F96/><W99/><G99/><T110/><D110/><U114/><E50/><V101/><F101/><W57/><G100/><T24/><D24/><U3/><E3/><V98/><F98/><W56/><G27/><T17/><D17/><N who="2" m="6762" /><F109/><W123/><G123/><T72/><D72/><U121/><E121/><V102/><F102/><W86/><G86/><T55/><D55/><U60/><E25/><N who="2" m="16831" /><F5/><W58/><G58/><T9/><AGARI ba="0,0" hai="9,15,19,45,49,54,94,95" m="24617,48287" machi="9" ten="30,1500,0" yaku="8,1" doraHai="2" who="0" fromWho="0" sc="250,15,250,-5,250,-5,250,-5" /><INIT seed="0,1,0,1,3,18" ten="265,245,245,245" oya="0" hai0="82,77,23,110,102,53,33,103,19,130,108,39,100" hai1="86,42,11,90,76,48,47,0,106,113,73,1,99" hai2="118,88,79,91,57,43,4,122,105,87,50,116,56" hai3="72,14,5,51,29,44,68,78,111,120,64,6,3"/><T10/><D33/><U81/><E113/><V112/><F112/><W62/><G3/><T20/><D39/><U129/><E129/><V89/><F122/><W101/><G120/><T63/><D130/><U119/><E119/><N who="2" m="45611" /><F105/><W21/><G111/><N who="0" m="42539" /><D10/><U132/><E132/><V58/><F4/><W24/><G101/><T28/><D28/><U96/><E99/><V15/><F15/><W13/><G13/><T135/><D19/><U125/><E11/><V7/><F7/><W66/><G66/><T59/><D135/><U27/><E27/><V37/><F37/><W55/><REACH who="3" step="1"/><G14/><REACH who="3" ten="265,245,245,235" step="2"/><T31/><D31/><U126/><E1/><V71/><F71/><W134/><G134/><T85/><AGARI ba="1,1" hai="20,23,53,59,63,77,82,85,100,102,103" m="42539" machi="85" ten="30,11700,0" yaku="14,1,10,1,52,2" doraHai="18" who="0" fromWho="0" sc="265,130,245,-40,245,-40,235,-40" /><INIT seed="0,2,0,1,0,97" ten="395,205,205,195" oya="0" hai0="81,33,44,102,72,99,11,77,14,87,16,78,61" hai1="93,94,110,69,50,63,71,31,3,84,38,64,103" hai2="118,91,129,1,133,90,111,62,121,0,123,26,106" hai3="24,88,57,79,119,39,127,29,35,32,98,104,36"/><T10/><D33/><U113/><E38/><V55/><F106/><W117/><G127/><T22/><D72/><U68/><E3/><N who="2" m="1099" /><F26/><W86/><G35/><T132/><D132/><U70/><E110/><V42/><F42/><W49/><G79/><T58/><D44/><U54/><E31/><V92/><F92/><W131/><G131/><T126/><D78/><U9/><E9/><V105/><F105/><W51/><G39/><T41/><D41/><U60/><E113/><V85/><F85/><W56/><G36/><T37/><D37/><U43/><E84/><V83/><F83/><W53/><G56/><T12/><D12/><U114/><E114/><V40/><F40/><W34/><G51/><T75/><D75/><U128/><E43/><V115/><F115/><W18/><G18/><T17/><D17/><U122/><E122/><V19/><F19/><W107/><G34/><T80/><D80/><U23/><E23/><V73/><F73/><W96/><G107/><T125/><D125/><U2/><E2/><V65/><F133/><W30/><G30/><T45/><D45/><N who="1" m="27983" /><E93/><V59/><F129/><W95/><REACH who="3" step="1"/><G98/><REACH who="3" ten="395,205,205,185" step="2"/><T82/><D126/><U47/><E128/><V124/><F124/><W101/><AGARI ba="2,1" hai="24,29,32,49,53,57,86,88,95,96,101,104,117,119" machi="101" ten="30,8000,1" yaku="1,1,2,1,0,1,52,1,54,1,53,0" doraHai="97" doraHaiUra="76" who="3" fromWho="3" sc="395,-42,205,-22,205,-22,185,96" /><INIT seed="1,0,0,5,1,85" ten="353,183,183,281" oya="1" hai0="107,117,32,60,30,47,101,23,133,65,111,25,69" hai1="51,57,120,33,106,56,29,39,127,121,61,135,110" hai2="6,90,116,119,40,21,34,134,87,36,93,55,124" hai3="49,70,104,71,113,84,126,125,88,13,26,52,19"/><U68/><E106/><V12/><F34/><W72/><G113/><T83/><D117/><U58/><E33/><V89/><F134/><W91/><G72/><T74/><D23/><U103/><E103/><V76/><F124/><N who="3" m="47723" /><G26/><T8/><D47/><U98/><E98/><V130/><F130/><W67/><G104/><T45/><D45/><U80/><E80/><V129/><F129/><W31/><G31/><T108/><D8/><U63/><E29/><V27/><F36/><W102/><G102/><T118/><D118/><U112/><E127/><V122/><F40/><W22/><G67/><T44/><D44/><U75/><E75/><V100/><F122/><N who="1" m="47209" /><E39/><V94/><F100/><W48/><G48/><T123/><D123/><U96/><E96/><N who="2" m="57391" /><F119/><W66/><G66/><T77/><D133/><U114/><E135/><V92/><F116/><W64/><G64/><T53/><D53/><U24/><E24/><V20/><F55/><W0/><G0/><T128/><D128/><U28/><E28/><V9/><F27/><W95/><G91/><T15/><D15/><U81/><E51/><V1/><F1/><W43/><G43/><T50/><D50/><U4/><E112/><V62/><F76/><W97/><G97/><AGARI ba="0,0" hai="25,30,32,60,65,69,74,77,83,97,101,107,108,111" machi="97" ten="40,8000,1" yaku="25,2,23,2" doraHai="85" who="0" fromWho="3" sc="353,80,183,0,183,0,281,-80" /><INIT seed="2,0,0,3,4,92" ten="433,183,183,201" oya="2" hai0="131,108,12,123,9,74,40,4,64,84,48,114,55" hai1="27,115,107,109,122,57,119,70,61,52,62,15,56" hai2="60,116,14,99,20,43,50,10,98,89,118,104,28" hai3="80,58,23,135,81,134,3,25,37,26,102,21,72"/><V120/><F120/><W32/><G37/><T17/><D74/><U67/><E122/><V95/><F60/><W31/><G3/><T91/><D123/><U69/><E107/><V128/><F128/><W85/><G72/><T79/><D108/><U111/><E27/><N who="2" m="16487" /><F104/><W132/><G80/><T33/><D33/><U66/><E15/><V86/><F118/><W30/><G58/><T8/><D131/><U103/><E103/><V38/><F38/><W22/><REACH who="3" step="1"/><G102/><REACH who="3" ten="433,183,183,191" step="2"/><T29/><D114/><U0/><E0/><V125/><F116/><W129/><G129/><T124/><D91/><AGARI ba="0,1" hai="21,22,23,25,26,30,31,32,81,85,91,132,134,135" machi="91" ten="40,2600,0" yaku="1,1,20,1,53,0" doraHai="92" doraHaiUra="105" who="3" fromWho="0" sc="433,-26,183,0,183,0,191,36" /><INIT seed="3,0,0,1,3,100" ten="407,183,183,227" oya="3" hai0="59,29,27,26,89,95,86,44,104,23,111,119,115" hai1="128,93,78,110,39,71,72,124,20,91,12,35,73" hai2="57,96,25,98,60,113,5,36,97,56,82,15,43" hai3="18,55,103,106,90,24,19,129,0,84,48,63,121"/><W34/><G121/><T108/><D119/><U99/><E71/><V116/><F116/><W135/><G0/><T1/><D1/><U87/><E39/><V61/><F113/><W41/><G41/><T117/><D117/><U21/><E35/><V112/><F112/><W123/><G123/><T31/><D115/><U131/><E12/><V53/><F36/><W92/><G129/><N who="1" m="49738" /><E21/><V49/><F25/><W76/><G135/><T85/><D44/><U69/><E69/><V3/><F3/><W17/><G63/><T80/><D59/><U107/><E20/><V51/><F82/><W70/><G70/><T38/><D38/><U33/><E33/><V74/><F74/><N who="1" m="28777" /><E110/><V40/><F49/><W58/><G76/><T125/><D23/><U32/><E32/><V62/><F56/><W9/><G34/><T65/><D26/><U133/><E133/><V83/><F83/><W14/><G24/><T10/><D27/><U8/><E8/><AGARI ba="0,0" hai="5,8,15,40,43,51,53,57,60,61,62,96,97,98" machi="8" ten="40,1300,0" yaku="8,1" doraHai="100" who="2" fromWho="1" sc="407,0,183,-13,183,13,227,0" /><INIT seed="4,0,0,1,4,125" ten="407,170,196,227" oya="0" hai0="118,115,97,2,121,90,34,86,40,128,75,123,43" hai1="35,25,59,0,65,67,79,130,88,129,33,30,20" hai2="134,49,70,135,103,5,84,99,52,32,77,132,3" hai3="100,16,113,102,4,10,6,13,38,126,71,26,109"/><T68/><D68/><U24/><E0/><V114/><F70/><W83/><G109/><T22/><D34/><U44/><E79/><V11/><F32/><W15/><G71/><T12/><D2/><U124/><E124/><V58/><F114/><W9/><G38/><T107/><D22/><U89/><E44/><V21/><F21/><N who="3" m="13607" /><G126/><T111/><D12/><U23/><E59/><V127/><F127/><W28/><G113/><T95/><D115/><U1/><E1/><V64/><F64/><W60/><G28/><AGARI ba="0,0" hai="20,23,24,25,28,30,33,35,65,67,88,89,129,130" machi="28" ten="25,8000,1" yaku="22,2,52,2,54,1" doraHai="125" who="1" fromWho="3" sc="407,0,170,80,196,0,227,-80" /><INIT seed="5,0,0,1,1,108" ten="407,250,196,147" oya="1" hai0="49,84,52,21,34,23,18,126,35,92,76,74,110" hai1="132,45,50,67,60,47,53,68,122,6,64,102,11" hai2="130,13,116,38,65,78,55,62,63,128,99,125,80" hai3="123,115,114,86,97,41,93,36,103,48,37,121,61"/><U32/><E122/><V51/><F116/><W29/><G61/><T2/><D2/><U98/><E32/><V27/><F38/><W20/><G48/><T89/><D110/><U30/><E30/><V134/><F134/><W40/><G86/><T46/><D126/><U69/><E132/><V96/><F27/><N who="3" m="16615" /><G37/><T79/><D23/><U82/><E82/><V16/><F125/><W120/><G36/><T118/><D118/><U44/><E67/><V111/><F111/><W58/><G58/><T1/><D1/><U109/><E68/><V87/><F96/><W88/><G103/><T17/><D17/><U12/><REACH who="1" step="1"/><E109/><REACH who="1" ten="407,240,196,147" step="2"/><V7/><F65/><W33/><G33/><T90/><D35/><U42/><E42/><V133/><F133/><W119/><G119/><T14/><D34/><U83/><E83/><V5/><F80/><W8/><G8/><T59/><D74/><U105/><AGARI ba="0,1" hai="6,11,12,44,45,47,50,53,60,64,69,98,102,105" machi="105" ten="20,7800,0" yaku="1,1,0,1,7,1,53,1" doraHai="108" doraHaiUra="95" who="1" fromWho="1" sc="407,-26,240,88,196,-26,147,-26" /><INIT seed="5,1,0,0,5,7" ten="381,328,170,121" oya="1" hai0="99,41,119,132,20,103,124,8,79,108,117,97,44" hai1="86,135,75,55,70,4,110,127,10,120,65,28,40" hai2="62,105,129,23,2,94,30,57,43,6,118,47,0" hai3="111,24,130,114,42,50,26,82,5,83,48,19,17"/><U53/><E120/><V78/><F105/><W54/><G111/><T12/><D108/><U58/><E75/><V72/><F118/><W125/><G114/><T102/><D124/><U74/><E110/><V64/><F129/><W87/><G130/><T22/><D132/><U121/><E74/><V69/><F94/><W107/><G107/><T106/><D79/><U113/><E121/><V31/><F69/><W115/><G115/><T73/><D73/><U37/><E113/><V33/><F33/><W93/><G125/><T109/><D109/><U133/><E28/><V126/><F126/><W35/><G35/><T68/><D68/><U71/><E86/><V52/><F64/><W15/><G5/><T9/><D106/><U56/><E127/><V18/><F78/><W11/><G93/><T25/><D12/><U45/><E4/><V77/><F77/><W76/><G82/><T46/><REACH who="0" step="1"/><D41/><REACH who="0" ten="371,328,170,121" step="2"/><U88/><E70/><V32/><F72/><W36/><G36/><T66/><D66/><U14/><E65/><V81/><F0/><W61/><G42/><T100/><D100/><U51/><E71/><V16/><F2/><W80/><G26/><AGARI ba="1,1" hai="8,9,20,22,25,26,44,46,97,99,102,103,117,119" machi="26" ten="25,8000,1" yaku="1,1,22,2,52,2,53,0" doraHai="7" doraHaiUra="34" who="0" fromWho="3" sc="371,93,328,0,170,0,121,-83" /><INIT seed="6,0,0,5,0,106" ten="464,328,170,38" oya="2" hai0="109,94,132,58,69,21,29,68,8,15,103,1,40" hai1="52,126,134,65,117,107,46,37,32,54,93,86,121" hai2="56,91,67,115,104,6,43,85,75,13,131,41,105" hai3="47,11,129,83,79,48,23,49,30,42,102,80,78"/><V84/><F115/><W22/><G129/><T19/><D109/><U36/><E117/><V64/><F131/><W38/><G38/><T89/><D103/><U98/><E32/><V53/><F75/><W2/><G2/><T77/><D77/><U76/><E107/><V112/><F112/><W18/><G102/><T128/><D128/><U118/><E118/><V108/><F108/><W88/><G30/><T87/><D132/><U111/><E111/><V135/><F135/><W33/><G33/><T90/><D40/><N who="2" m="15434" /><F105/><W125/><G125/><T81/><D58/><U99/><E126/><V35/><F104/><W72/><G48/><T44/><D44/><U17/><E76/><V4/><F35/><W124/><G124/><T92/><D81/><U12/><E134/><V130/><F130/><W39/><G49/><T31/><D1/><U113/><E37/><V7/><F13/><W123/><G123/><T14/><D69/><U62/><E36/><V0/><F0/><W10/><G22/><T60/><D68/><U114/><E121/><V110/><F110/><W55/><G55/><T120/><D120/><U82/><E54/><V34/><F34/><W73/><G88/><T57/><D90/><N who="1" m="51543" /><E113/><V5/><N who="2" m="1024" /><DORA hai="24" /><V116/><F116/><W28/><G28/><T70/><D70/><U133/><E114/><V20/><F20/><W97/><G97/><T63/><D21/><U45/><E133/><V119/><F119/><W101/><G101/><T61/><D15/><AGARI ba="0,0" hai="10,11,15,18,23,39,42,47,72,73,78,79,80,83" machi="15" ten="30,7700,0" yaku="7,1,9,1,52,2" doraHai="106,24" who="3" fromWho="0" sc="464,-77,328,0,170,0,38,77" /><INIT seed="7,0,0,0,2,92" ten="387,328,170,115" oya="3" hai0="64,33,2,65,122,60,41,100,63,109,105,126,120" hai1="85,110,0,112,71,27,130,128,1,69,13,47,59" hai2="78,104,99,123,22,8,87,132,16,12,45,10,135" hai3="55,119,57,102,116,46,6,31,107,20,68,117,19"/><W80/><G68/><N who="0" m="41991" /><D126/><U83/><E110/><V66/><F123/><W23/><G6/><T115/><D115/><U75/><E75/><V3/><F66/><W52/><G80/><T125/><D125/><U49/><E112/><V44/><F87/><W108/><G108/><T9/><D41/><U67/><E69/><V11/><F78/><W35/><G46/><T17/><D17/><U77/><E71/><V86/><F86/><W54/><G57/><T121/><D109/><U72/><E72/><V118/><F118/><W53/><N who="3" m="13312" /><DORA hai="26" /><W14/><G35/><T7/><D63/><U48/><E59/><V79/><F79/><W91/><G91/><T90/><D90/><U81/><E67/><V18/><F18/><W50/><G50/><T62/><D62/><U38/><E47/><V39/><F3/><W34/><G34/><T25/><D65/><U84/><E77/><V40/><REACH who="2" step="1"/><F45/><REACH who="2" ten="387,328,160,115" step="2"/><W114/><G114/><T56/><D122/><U58/><E58/><V73/><F73/><W43/><G43/><T133/><D56/><U61/><E61/><V76/><F76/><W28/><REACH who="3" step="1"/><G23/><REACH who="3" ten="387,328,160,105" step="2"/><T70/><D70/><U24/><E38/><V93/><F93/><W101/><G101/><AGARI ba="0,2" hai="8,10,11,12,16,22,39,40,44,99,101,104,132,135" machi="101" ten="40,8000,1" yaku="1,1,52,1,54,1,53,2" doraHai="92,26" doraHaiUra="96,15" who="2" fromWho="3" sc="387,0,328,0,160,100,105,-80" owari="387,48.0,328,13.0,260,-14.0,25,-47.0" /></mjloggm>