<mjloggm ver="2.3"><GO type="169" lobby="0"/><UN n0="%50%45%41%43%45%31%30" n1="%E3%80%90%E7%BD%AA%E6%AD%8C%E3%80%91" n2="%E3%83%88%E3%83%88%E3%83%AA%E5%85%88%E7%94%9F%31%39%E6%AD%B3" n3="%E3%81%AD%E3%81%8D%E3%81%9B%40" dan="17,16,19,16" rate="2227.67,2170.68,2253.74,2150.32" sx="M,F,F,F"/><TAIKYOKU oya="0"/><INIT seed="0,0,0,2,0,42" ten="250,250,250,250" oya="0" hai0="53,130,32,126,58,132,37,109,56,26,68,120,7" hai1="100,0,106,81,70,117,129,101,80,52,99,119,18" hai2="105,72,64,59,15,66,24,31,93,71,124,57,107" hai3="48,20,104,21,98,89,60,62,135,2,102,87,111"/><T10/><D120/><U38/><E0/><V121/><F121/><W51/><G2/><T55/><D68/><U44/><E70/><V73/><F71/><W85/><G111/><T17/><D37/><U33/><E33/><V69/><F69/><W97/><G135/><T28/><D132/><U25/><E101/><V127/><F15/><W11/><G11/><T77/><D126/><U123/><E123/><V112/><F93/><W61/><G98/><T36/><D36/><U134/><E134/><V12/><F12/><W131/><G131/><T43/><D109/><U27/><E129/><V76/><F76/><W13/><G87/><T108/><D108/><U14/><E119/><V6/><F24/><W49/><REACH who="3" step="1"/><G13/><REACH who="3" ten="250,250,250,240" step="2"/><T5/><D10/><U92/><E117/><V75/><F75/><W16/><G16/><T50/><D17/><U34/><E106/><V103/><F6/><W91/><G91/><T115/><D130/><U88/><E100/><V83/><F103/><W74/><G74/><T22/><D5/><U128/><E128/><V96/><F96/><W40/><G40/><T82/><D43/><U4/><E4/><V79/><F79/><W67/><G67/><T35/><D7/><U94/><E14/><V95/><F107/><W118/><G118/><T116/><D116/><U63/><E18/><V46/><F105/><W41/><G41/><T3/><D3/><U1/><E88/><V47/><F66/><W90/><G90/><T39/><D77/><U78/><E78/><V84/><F72/><W133/><G133/><T19/><D19/><U54/><E1/><RYUUKYOKU ba="0,1" sc="250,-10,250,-10,250,-10,240,30" hai3="20,21,48,49,51,60,61,62,85,89,97,102,104" /><INIT seed="1,1,1,0,3,127" ten="240,240,240,270" oya="1" hai0="64,114,25,74,70,50,45,135,24,66,48,36,38" hai1="83,84,126,104,121,43,40,8,26,134,116,119,99" hai2="77,60,71,82,122,7,90,57,129,56,44,62,6" hai3="97,94,30,47,1,16,65,75,110,133,58,92,89"/><U76/><E121/><V69/><F122/><W106/><G1/><T29/><D74/><U109/><E126/><V19/><F19/><W95/><G75/><T113/><D29/><U53/><E134/><V108/><F90/><W123/><G123/><T23/><D23/><U112/><E112/><N who="0" m="43113" /><D24/><U12/><E109/><V87/><F108/><W20/><G133/><T88/><D88/><U34/><E43/><V52/><F129/><W85/><G110/><T107/><D25/><U14/><E40/><V35/><F35/><W103/><G30/><T98/><D98/><U78/><E78/><V115/><F115/><W18/><G47/><T33/><D107/><U39/><E53/><V0/><F44/><W101/><G101/><T72/><D33/><U63/><E63/><V21/><F21/><W124/><G124/><T73/><D73/><U128/><E39/><N who="0" m="14889" /><D72/><U54/><E14/><V105/><F105/><W68/><G106/><T49/><D135/><U4/><E99/><V117/><F117/><W100/><G100/><T91/><D91/><U125/><E104/><V79/><F79/><W132/><G132/><T27/><D27/><U13/><E125/><V120/><F120/><W51/><G103/><T37/><D70/><U32/><E32/><V41/><F0/><W102/><G94/><T96/><D96/><U10/><E116/><V17/><F17/><W80/><G95/><T46/><N who="0" m="14897" /><T3/><DORA hai="118" /><D3/><U31/><E119/><V93/><F93/><W130/><G20/><T15/><D15/><U55/><E128/><V61/><F69/><W67/><G68/><RYUUKYOKU ba="1,1" sc="240,15,240,15,240,-15,270,-15" hai0="45,46,48,49,50,64,66" hai1="4,8,10,12,13,26,31,34,54,55,76,83,84" /><INIT seed="1,2,1,1,1,103" ten="255,255,225,255" oya="1" hai0="71,64,4,102,114,23,77,97,21,106,133,89,124" hai1="46,122,33,110,51,61,72,120,135,48,16,24,92" hai2="112,52,29,105,22,91,94,2,90,76,59,40,39" hai3="78,11,66,50,58,100,101,34,55,81,31,62,56"/><U37/><E72/><V118/><F118/><W5/><G31/><T70/><D114/><U53/><E135/><V25/><F2/><W14/><REACH who="3" step="1"/><G34/><REACH who="3" ten="255,255,225,245" step="2"/><T84/><D133/><U28/><E28/><V54/><F29/><W7/><G7/><T12/><D4/><U88/><E33/><V6/><F6/><W85/><AGARI ba="2,2" hai="5,11,14,50,55,56,58,62,66,78,81,85,100,101" machi="85" ten="20,5200,0" yaku="1,1,0,1,7,1,8,1,53,0" doraHai="103" doraHaiUra="93" who="3" fromWho="3" sc="255,-15,255,-28,225,-15,245,78" /><INIT seed="2,0,0,1,2,70" ten="240,227,210,323" oya="2" hai0="38,6,95,51,12,49,84,69,10,67,29,89,112" hai1="127,135,5,36,23,48,103,98,30,50,108,130,78" hai2="133,113,128,114,118,34,99,91,90,55,42,76,20" hai3="41,52,79,17,44,24,107,129,25,40,32,77,83"/><V121/><F121/><W16/><G107/><T122/><D122/><U87/><E108/><V131/><F34/><W21/><G129/><T73/><D112/><U126/><E5/><V132/><F20/><N who="3" m="13327" /><G32/><T72/><D29/><U71/><E71/><V115/><F55/><W96/><G96/><T31/><D31/><U80/><E36/><V13/><F13/><W81/><G81/><T97/><D38/><U57/><E135/><V110/><F42/><N who="3" m="16491" /><G83/><T11/><D11/><U74/><E74/><V119/><F76/><W43/><N who="3" m="16499" /><W9/><DORA hai="26" /><G9/><T106/><D106/><U123/><E123/><V47/><F47/><W56/><G44/><T65/><D69/><U92/><E130/><N who="2" m="49707" /><F110/><W85/><G85/><T124/><D73/><U22/><E22/><V45/><F45/><W125/><G125/><T35/><D124/><U64/><E127/><V105/><F105/><W1/><G1/><T18/><D35/><U60/><REACH who="1" step="1"/><E126/><REACH who="1" ten="240,217,210,323" step="2"/><V111/><F111/><W82/><G82/><T120/><D72/><U134/><E134/><N who="2" m="51819" /><F99/><W94/><G21/><T37/><D120/><U93/><E93/><V116/><AGARI ba="0,1" hai="90,91,113,114,115,116,118,119" m="51819,49707" machi="116" ten="50,18000,2" yaku="28,2,19,1,20,1,34,2" doraHai="70,26" who="2" fromWho="2" sc="240,-60,217,-60,210,190,323,-60" /><INIT seed="2,1,0,2,3,53" ten="180,157,400,263" oya="2" hai0="90,70,73,47,66,104,112,133,95,50,110,29,83" hai1="127,96,129,91,115,99,56,134,86,121,14,117,119" hai2="42,0,26,97,40,126,128,64,25,30,109,15,52" hai3="107,68,98,113,122,108,102,80,31,38,48,35,2"/><V92/><F0/><W71/><G48/><T41/><D112/><U16/><E115/><V130/><F64/><W106/><G113/><T59/><D104/><U1/><E1/><V69/><F69/><W6/><G122/><T135/><D70/><U111/><E121/><V61/><F126/><W65/><G108/><T3/><D3/><U123/><E123/><V125/><F125/><W13/><G13/><T100/><D110/><U10/><E111/><V114/><F109/><W21/><G21/><T76/><D100/><U124/><E124/><V88/><F114/><W58/><G58/><T4/><D4/><U19/><E127/><V22/><F15/><W44/><G80/><T9/><D9/><U60/><E134/><N who="0" m="51209" /><D29/><U75/><E75/><V18/><F128/><W32/><G106/><T28/><D28/><U12/><E129/><V120/><F120/><W49/><G68/><T45/><D45/><U63/><E63/><V39/><F39/><W67/><G38/><T27/><D27/><U46/><E46/><V8/><F8/><N who="3" m="2135" /><G31/><T78/><D78/><U82/><E119/><V17/><F130/><W57/><G71/><T34/><D34/><U11/><E117/><V43/><F26/><W131/><G131/><T81/><D81/><U7/><E7/><V84/><F97/><W37/><G37/><T116/><D116/><U132/><E132/><V72/><F72/><W105/><G105/><T94/><D90/><U20/><E20/><V85/><F85/><W87/><G87/><T79/><D79/><U74/><E74/><V89/><F89/><W77/><G77/><RYUUKYOKU ba="1,0" sc="180,10,157,10,400,10,263,-30" hai0="41,47,50,59,66,73,76,83,94,95" hai1="10,11,12,14,16,19,56,60,82,86,91,96,99" hai2="17,18,22,25,30,40,42,43,52,61,84,88,92" /><INIT seed="2,2,0,5,4,16" ten="190,167,410,233" oya="2" hai0="18,101,72,96,62,106,135,95,75,22,124,110,32" hai1="88,129,12,90,42,26,38,45,46,40,71,120,50" hai2="1,19,36,102,131,52,98,80,104,105,23,29,127" hai3="61,13,123,59,79,67,108,66,133,103,74,121,114"/><V84/><F1/><W63/><G108/><T3/><D32/><U33/><E71/><V117/><F117/><W35/><G35/><T91/><D110/><U9/><E129/><V113/><F113/><W25/><G133/><T94/><D3/><U57/><E120/><V24/><F36/><W30/><G114/><T128/><D128/><U92/><E92/><V70/><F70/><W97/><G13/><T51/><D135/><U118/><E118/><V54/><F131/><W100/><G79/><T65/><D51/><U76/><E76/><V41/><F41/><W126/><G74/><T119/><D106/><U48/><E57/><V107/><F127/><W83/><G83/><T20/><D124/><U111/><E38/><V130/><F130/><W81/><G81/><T10/><D119/><U64/><E64/><V93/><REACH who="2" step="1"/><F29/><REACH who="2" ten="190,167,400,233" step="2"/><W60/><G126/><T68/><D75/><U27/><E111/><V31/><F31/><W53/><G121/><T49/><D72/><U122/><E122/><V34/><F34/><W43/><G43/><T21/><D49/><U109/><E109/><V134/><F134/><W44/><G123/><T55/><D55/><U2/><E2/><V7/><F7/><W69/><G53/><T116/><D116/><U14/><E33/><V89/><AGARI ba="2,1" hai="19,23,24,52,54,80,84,89,93,98,102,104,105,107" machi="89" ten="30,11700,0" yaku="1,1,0,1,52,1,54,1,53,0" doraHai="16" doraHaiUra="5" who="2" fromWho="2" sc="190,-41,167,-41,400,133,233,-41" /><INIT seed="2,3,0,5,2,50" ten="149,126,533,192" oya="2" hai0="113,120,24,19,2,7,36,90,104,76,22,62,109" hai1="111,99,112,98,41,49,105,1,57,75,39,125,20" hai2="18,128,40,94,61,8,10,6,129,55,85,97,110" hai3="119,87,17,82,132,31,34,67,33,37,117,58,79"/><V43/><F110/><W115/><G37/><T32/><D120/><U106/><E39/><V100/><F18/><W103/><G132/><T73/><D113/><U53/><E112/><V89/><F129/><W108/><G108/><T135/><D109/><U121/><E111/><V130/><F130/><W3/><G3/><T134/><D36/><U88/><E1/><V68/><F128/><W30/><G115/><T56/><D104/><U46/><E75/><V92/><F8/><W93/><G17/><T9/><D90/><U74/><E74/><V127/><F127/><W35/><G67/><T118/><D118/><U80/><E125/><V28/><F28/><W48/><G103/><T15/><D76/><U126/><E105/><V11/><F11/><W14/><G14/><T69/><D69/><U84/><E106/><V27/><F27/><W65/><G93/><T12/><D73/><U23/><E121/><V44/><F68/><W38/><G38/><T60/><D60/><N who="1" m="35887" /><E126/><V45/><F45/><W72/><G72/><T26/><D26/><U114/><E114/><V116/><F116/><W91/><G79/><T4/><D4/><U63/><E63/><V78/><F78/><W107/><G107/><T81/><D81/><U25/><E20/><V21/><F21/><W54/><G65/><N who="0" m="39111" /><D15/><U42/><E42/><V95/><F95/><W101/><G101/><T5/><D5/><U71/><E71/><V131/><F131/><W64/><G64/><T133/><D133/><U52/><E41/><N who="2" m="15947" /><F6/><W13/><G13/><T96/><D96/><U123/><E123/><V47/><F10/><RYUUKYOKU ba="3,0" sc="149,0,126,0,533,0,192,0" hai0="2,7,9,12,19,22,24,32,134,135" hai1="23,25,46,49,52,80,84,88,98,99" hai2="44,47,55,61,85,89,92,94,97,100" hai3="30,31,33,34,35,48,54,58,82,87,91,117,119" /><INIT seed="2,4,0,0,5,0" ten="149,126,533,192" oya="2" hai0="7,84,101,30,105,24,116,2,43,12,92,48,76" hai1="73,56,107,23,74,35,49,31,108,34,93,60,66" hai2="9,109,3,22,85,128,83,125,134,119,129,114,110" hai3="8,11,89,102,70,40,17,1,20,26,91,25,38"/><V68/><F68/><W45/><G70/><T69/><D116/><U78/><E107/><V62/><F114/><W28/><G102/><T94/><D69/><U16/><E108/><N who="2" m="41579" /><F119/><W47/><G47/><N who="0" m="25727" /><D2/><U10/><E78/><N who="2" m="46327" /><F62/><W130/><G130/><N who="2" m="50281" /><F134/><W123/><G123/><T42/><D42/><U79/><E60/><V64/><F64/><W103/><G40/><T99/><D105/><U135/><E66/><V67/><F67/><W13/><G38/><T54/><D54/><U72/><E135/><V98/><F98/><W87/><G45/><T115/><D115/><U95/><E56/><V50/><F50/><W100/><G1/><T36/><D36/><U104/><E49/><V14/><F125/><W51/><G51/><T132/><D132/><U127/><E127/><V33/><F33/><W77/><G26/><T4/><D12/><U53/><E34/><V5/><F22/><W118/><G20/><N who="0" m="15623" /><D76/><U63/><E79/><V71/><F71/><W52/><G77/><T122/><D122/><U15/><E35/><V61/><F61/><W117/><G117/><T41/><D41/><U120/><E120/><V131/><F131/><W121/><G121/><T65/><D65/><U29/><E23/><V112/><F3/><W32/><G118/><T81/><D81/><U37/><E37/><V44/><F112/><W90/><G32/><T46/><D46/><AGARI ba="4,0" hai="5,9,14,44,46" m="50281,46327,41579" machi="46" ten="30,11600,0" yaku="14,1,10,1,19,1,52,1" doraHai="0" who="2" fromWho="0" sc="149,-128,126,0,533,128,192,0" /><INIT seed="2,5,0,4,2,98" ten="21,126,661,192" oya="2" hai0="130,8,92,39,91,24,54,131,110,71,94,105,2" hai1="3,123,66,57,13,15,126,107,58,63,100,19,1" hai2="51,87,62,23,111,68,47,21,102,103,96,45,32" hai3="129,49,31,90,33,55,93,60,85,70,18,84,78"/><V64/><F32/><W101/><G129/><N who="0" m="49163" /><D105/><U16/><E126/><V40/><F111/><W117/><G117/><T118/><D110/><U88/><E123/><V46/><F102/><W5/><G5/><N who="0" m="1079" /><D71/><U106/><E88/><V109/><F109/><W73/><G73/><T67/><D118/><U11/><E58/><V76/><F87/><W9/><G70/><T61/><D39/><U26/><E26/><V12/><F76/><W77/><G77/><T80/><D54/><U119/><E119/><V35/><F35/><W59/><G33/><T42/><D42/><U65/><E65/><V53/><F12/><W104/><G104/><T99/><D24/><U82/><E82/><V52/><F53/><W135/><G55/><T75/><D75/><U121/><E121/><V132/><F132/><W114/><G78/><T41/><D41/><U108/><E108/><V83/><F83/><W6/><G135/><T48/><D48/><U74/><E74/><V37/><REACH who="2" step="1"/><F46/><REACH who="2" ten="21,126,651,192" step="2"/><W79/><G79/><T95/><D80/><U10/><E107/><AGARI ba="5,1" hai="21,23,37,40,45,47,51,52,62,64,68,96,103,107" machi="107" ten="30,12000,1" yaku="1,1,2,1,7,1,52,1,54,1,53,0" doraHai="98" doraHaiUra="34" who="2" fromWho="1" sc="21,0,126,-135,651,145,192,0" owari="21,-38.0,-9,-51.0,796,90.0,192,-1.0" /></mjloggm>