<mjloggm ver="2.3"><GO type="169" lobby="0"/><UN n0="%E3%82%A6%E3%83%AB%E3%83%88%E3%83%A9%E7%AB%8B%E7%9B%B4" n1="%74%63%61%30%30" n2="%64%64%6D%75" n3="%6F%66" dan="18,16,17,17" rate="2239.06,2200.69,2139.22,2189.05" sx="M,M,M,M"/><TAIKYOKU oya="0"/><INIT seed="0,0,0,1,2,15" ten="250,250,250,250" oya="0" hai0="114,116,66,109,98,83,17,120,2,34,74,0,58" hai1="70,27,80,43,29,24,18,41,57,64,81,125,20" hai2="33,96,7,102,8,122,99,5,78,87,101,14,16" hai3="93,129,55,77,104,84,38,134,76,13,22,106,111"/><T75/><D114/><U45/><E70/><V130/><F33/><W26/><G38/><T63/><D116/><U113/><E125/><V95/><F130/><W35/><G129/><T85/><D120/><U11/><E113/><V89/><F122/><W135/><G13/><T107/><D34/><U127/><E127/><V1/><F78/><W79/><G35/><T112/><D112/><U40/><E45/><V88/><F89/><N who="3" m="53415" /><G55/><T62/><D109/><U86/><E11/><V108/><F108/><W97/><G111/><T39/><D39/><U82/><E57/><V54/><F54/><W25/><G25/><T52/><D107/><U47/><E64/><V131/><F131/><W36/><G36/><T117/><D117/><U132/><E132/><N who="3" m="50730" /><G97/><N who="2" m="37449" /><F1/><W118/><G118/><T60/><D98/><U46/><REACH who="1" step="1"/><E86/><REACH who="1" ten="250,240,250,250" step="2"/><V72/><F72/><W124/><G124/><T128/><D75/><U44/><E44/><V59/><F59/><W56/><G56/><T51/><D74/><U90/><E90/><V133/><F133/><W92/><G92/><T49/><D128/><U31/><E31/><AGARI ba="0,1" hai="22,26,31,76,77,79,104,106" m="50730,53415" machi="31" ten="30,1000,0" yaku="20,1" doraHai="15" who="3" fromWho="1" sc="250,0,240,-10,250,0,250,20" /><INIT seed="1,0,0,3,0,97" ten="250,230,250,270" oya="1" hai0="131,91,84,100,59,7,119,107,30,33,94,26,21" hai1="19,105,57,32,95,2,85,92,0,3,129,66,43" hai2="121,46,17,133,50,51,15,42,127,6,12,112,70" hai3="31,23,53,5,113,106,11,63,118,56,93,122,41"/><U18/><E32/><V61/><F121/><W114/><G106/><T47/><D119/><U117/><E117/><V20/><F133/><W10/><G118/><T82/><D131/><U45/><E105/><V27/><F127/><W123/><G41/><T60/><D7/><U104/><E104/><V108/><F108/><W38/><G38/><T44/><D107/><U101/><E129/><V54/><F6/><W73/><G73/><T48/><D33/><U39/><E92/><V25/><F25/><W1/><G11/><T80/><D48/><U36/><E36/><V88/><F112/><W28/><G28/><T109/><D109/><U71/><E71/><V68/><F68/><W75/><G75/><T40/><D40/><U65/><E65/><V90/><F61/><W102/><G122/><T52/><D82/><U81/><E57/><V22/><F70/><W69/><G69/><T74/><D74/><U120/><E66/><V76/><F76/><W126/><G126/><T16/><D30/><U24/><E24/><V134/><F12/><W55/><G55/><T103/><D80/><U86/><E120/><V125/><F134/><W89/><G123/><T110/><D110/><U14/><E81/><V49/><F125/><W64/><G53/><T37/><D37/><U83/><E83/><V13/><F13/><W116/><G116/><T9/><D9/><N who="1" m="6479" /><E19/><N who="2" m="12767" /><F42/><W72/><G72/><T67/><D67/><U79/><E79/><V77/><F77/><W4/><G114/><T34/><D34/><U111/><E111/><V87/><F87/><N who="3" m="52415" /><G113/><T135/><D135/><U78/><E78/><RYUUKYOKU ba="0,0" sc="250,10,230,10,250,10,270,-30" hai0="16,21,26,44,47,52,59,60,84,91,94,100,103" hai1="0,2,3,39,43,45,85,86,95,101" hai2="15,17,20,46,49,50,51,54,88,90" /><INIT seed="1,1,0,2,0,54" ten="260,240,260,240" oya="1" hai0="56,3,97,34,0,53,14,50,101,99,10,128,106" hai1="19,105,16,60,100,71,41,11,40,51,31,79,12" hai2="81,132,93,15,32,83,59,38,28,89,2,25,18" hai3="7,104,120,23,129,90,117,65,55,8,123,126,43"/><U111/><E111/><V78/><F38/><W77/><G104/><T63/><D34/><U125/><E125/><V72/><F2/><W21/><G126/><T80/><D128/><U103/><E79/><V95/><F132/><W115/><G115/><T119/><D119/><U39/><E39/><V22/><F83/><W45/><G129/><T122/><D122/><U67/><E31/><V113/><F113/><W36/><G117/><T4/><D99/><U94/><E105/><V134/><F134/><W48/><G65/><T73/><D73/><U74/><E74/><V47/><F47/><W102/><G102/><T62/><D80/><U42/><E51/><V121/><F121/><W92/><G77/><T68/><D68/><U64/><E64/><V108/><F108/><W109/><G109/><T44/><REACH who="0" step="1"/><D63/><REACH who="0" ten="250,240,260,240" step="2"/><U33/><E33/><V88/><F95/><W82/><G82/><T6/><D6/><U135/><E135/><V1/><F93/><W112/><G123/><T75/><D75/><U20/><REACH who="1" step="1"/><E94/><REACH who="1" ten="250,230,260,240" step="2"/><V5/><F72/><W86/><G120/><T29/><D29/><U124/><E124/><V27/><F28/><W133/><G133/><T87/><D87/><U110/><E110/><V58/><F32/><W61/><G112/><T76/><D76/><U57/><E57/><V107/><F107/><W35/><G35/><T98/><D98/><U84/><E84/><N who="2" m="48183" /><F58/><N who="3" m="33127" /><G61/><T70/><D70/><U66/><E66/><AGARI ba="1,2" hai="0,3,4,10,14,44,50,53,56,62,66,97,101,106" machi="66" ten="30,3900,0" yaku="1,1,7,1,52,1,53,0" doraHai="54" doraHaiUra="24" who="0" fromWho="1" sc="250,62,230,-42,260,0,240,0" /><INIT seed="2,0,0,5,0,38" ten="312,188,260,240" oya="2" hai0="100,27,94,58,0,34,54,116,85,61,82,103,62" hai1="99,131,53,75,68,9,57,130,88,123,10,59,64" hai2="11,105,48,86,42,84,132,23,133,56,16,4,3" hai3="26,91,119,80,73,69,31,22,128,12,41,65,44"/><V18/><F105/><W7/><G119/><T67/><D0/><U63/><E75/><V45/><F56/><W106/><G106/><T93/><D116/><U96/><E123/><V8/><F8/><W98/><G128/><T127/><D127/><U115/><E115/><V104/><F104/><W120/><G120/><T134/><D134/><N who="2" m="51818" /><F18/><W77/><G69/><T113/><D113/><U37/><E37/><V89/><F89/><W46/><G65/><T118/><D118/><U20/><E20/><V35/><F35/><W33/><G46/><T74/><D103/><U24/><E24/><AGARI ba="0,0" hai="3,4,11,16,23,24,42,45,48,84,86" m="51818" machi="24" ten="30,5800,0" yaku="20,1,52,1,54,1" doraHai="38" who="2" fromWho="1" sc="312,0,188,-58,260,58,240,0" /><INIT seed="2,1,0,1,1,125" ten="312,130,318,240" oya="2" hai0="54,87,7,51,90,131,31,127,94,36,79,4,11" hai1="60,12,16,69,97,61,37,19,117,64,95,107,53" hai2="96,42,65,44,133,47,128,126,124,27,110,114,13" hai3="57,25,23,92,28,26,8,116,66,68,55,39,122"/><V67/><F114/><W101/><G116/><T120/><D36/><U80/><E107/><V3/><F3/><W89/><G39/><T93/><D120/><U2/><E2/><V70/><F27/><W30/><G122/><T106/><D106/><U130/><E117/><V50/><F96/><W18/><G68/><T46/><D127/><N who="2" m="48682" /><F13/><W111/><G111/><T76/><D31/><U52/><E80/><V82/><F82/><W1/><G66/><T21/><D131/><U78/><E78/><V24/><F128/><W59/><G101/><T98/><D21/><U104/><E104/><V118/><F24/><W91/><G55/><T112/><D112/><U22/><E130/><V73/><F73/><W71/><G71/><T5/><REACH who="0" step="1"/><D11/><REACH who="0" ten="302,130,318,240" step="2"/><U10/><E37/><N who="2" m="21583" /><F118/><W108/><G8/><T34/><D34/><U63/><E69/><V123/><F123/><W17/><G30/><T135/><D135/><U32/><E32/><V49/><F133/><W83/><G28/><T14/><D14/><N who="1" m="7255" /><E64/><V75/><F70/><W115/><G1/><T74/><D74/><U129/><E129/><V72/><F75/><W62/><G23/><T38/><D38/><U40/><E40/><N who="2" m="24807" /><F72/><W56/><G115/><T48/><D48/><U41/><E41/><V121/><F121/><W86/><G108/><T99/><D99/><U134/><E134/><V45/><F110/><W113/><G113/><T0/><D0/><U43/><E43/><AGARI ba="1,1" hai="43,45,50,65,67" m="24807,21583,48682" machi="43" ten="30,5800,0" yaku="18,1,34,2" doraHai="125" who="2" fromWho="1" sc="302,0,130,-61,318,71,240,0" /><INIT seed="2,2,0,0,1,85" ten="302,69,389,240" oya="2" hai0="34,113,102,98,10,48,26,131,135,124,109,86,116" hai1="39,8,106,63,59,56,1,99,3,53,18,23,61" hai2="89,90,134,69,122,74,41,60,71,16,68,92,84" hai3="6,75,96,45,46,42,95,125,27,31,15,111,132"/><V28/><F122/><W13/><G111/><T78/><D113/><U22/><E39/><V4/><F74/><W117/><G117/><T7/><D109/><U9/><E106/><V12/><F4/><W108/><G108/><T43/><D131/><U38/><E38/><V83/><F28/><W101/><G75/><T70/><D70/><U51/><E99/><V87/><F134/><W107/><G132/><T103/><D135/><U55/><E51/><V47/><F60/><W94/><G125/><T54/><D124/><U110/><E110/><V25/><F25/><W114/><G114/><T20/><D34/><U40/><REACH who="1" step="1"/><E18/><REACH who="1" ten="302,59,389,240" step="2"/><V127/><F127/><W52/><G107/><T129/><D98/><U126/><E126/><V119/><F119/><W65/><G96/><T5/><D48/><U17/><E17/><V80/><F16/><W130/><G130/><T30/><D116/><U24/><E24/><V112/><F112/><W104/><G27/><T81/><D129/><U37/><E37/><V100/><F12/><W49/><G104/><T115/><D115/><U21/><E21/><V62/><F62/><W44/><G13/><T91/><D20/><U50/><E50/><V93/><F100/><W33/><G15/><T14/><D103/><U66/><E66/><V133/><F133/><W19/><G19/><N who="0" m="8663" /><D102/><U88/><E88/><V121/><F121/><W123/><G101/><T72/><D26/><U0/><E0/><V79/><F79/><W2/><G2/><T97/><D78/><U118/><E118/><V64/><F64/><W11/><G123/><T35/><D91/><RYUUKYOKU ba="2,1" sc="302,-15,59,15,389,15,240,-15" hai1="1,3,8,9,22,23,40,53,55,56,59,61,63" hai2="41,47,68,69,71,80,83,84,87,89,90,92,93" /><INIT seed="2,3,1,1,3,10" ten="287,74,404,225" oya="2" hai0="21,100,66,20,5,79,26,46,43,69,28,122,96" hai1="55,83,127,115,129,102,106,27,31,73,56,98,59" hai2="110,13,105,130,15,35,116,118,107,81,41,47,58" hai3="90,22,60,30,51,119,104,109,11,82,44,88,89"/><V16/><F35/><W36/><G119/><T121/><D79/><U18/><E115/><V80/><F130/><W103/><G36/><T3/><D3/><U14/><E129/><V70/><F70/><W1/><G109/><T101/><D5/><U67/><E127/><V132/><F58/><W95/><G104/><T125/><D125/><U63/><E73/><V76/><F110/><W134/><G134/><T75/><D75/><U39/><E39/><V123/><F123/><W24/><G60/><T9/><D9/><U71/><E83/><V52/><F132/><W0/><G82/><T68/><D100/><U84/><E84/><V17/><F41/><W120/><G120/><T64/><D69/><U97/><E97/><V112/><F52/><W61/><G61/><T113/><D113/><U25/><E25/><V86/><F86/><W133/><G133/><T8/><D8/><U40/><E55/><V4/><F4/><W94/><G11/><T34/><D68/><U128/><E40/><V99/><F99/><W91/><G103/><T57/><D66/><U108/><E128/><V48/><F112/><W53/><N who="3" m="22528" /><DORA hai="29" /><W78/><REACH who="3" step="1"/><G78/><REACH who="3" ten="287,74,404,215" step="2"/><T42/><D121/><U49/><E108/><V37/><F37/><W117/><G117/><T135/><D122/><U62/><E62/><V50/><F76/><W45/><G45/><AGARI ba="3,2" hai="13,15,16,17,45,47,48,50,80,81,105,107,116,118" machi="45" ten="25,12000,1" yaku="22,2,52,2,54,1" doraHai="10,29" who="2" fromWho="3" sc="287,0,74,0,404,149,215,-129" /><INIT seed="2,4,0,4,0,125" ten="287,74,553,86" oya="2" hai0="86,100,115,132,56,67,106,101,63,26,50,16,111" hai1="109,3,34,78,36,122,37,90,65,11,105,112,45" hai2="121,9,40,71,113,129,114,55,124,52,44,1,104" hai3="33,87,127,134,35,12,103,82,22,88,25,13,18"/><V15/><F104/><W7/><G127/><T23/><D115/><U76/><E34/><V39/><F1/><W0/><G134/><T53/><D111/><U120/><E109/><V116/><F116/><W64/><G64/><T4/><D132/><U6/><E105/><V29/><F29/><W57/><G57/><T118/><D118/><U68/><E112/><V79/><F79/><W107/><G0/><T123/><D123/><N who="1" m="47147" /><E90/><V5/><F121/><W24/><G12/><T128/><D128/><U46/><E65/><V130/><F124/><W41/><G41/><T83/><D106/><U14/><E68/><V110/><F71/><W51/><G51/><T75/><D75/><U96/><E96/><V92/><F92/><W30/><G35/><T28/><D28/><U17/><E76/><V54/><F110/><W27/><REACH who="3" step="1"/><G7/><REACH who="3" ten="287,74,553,76" step="2"/><T42/><D4/><U66/><E66/><V70/><F70/><W59/><G59/><N who="0" m="33207" /><D42/><U38/><E3/><V31/><F114/><W60/><G60/><T8/><D56/><U73/><E6/><V72/><F113/><W49/><G49/><T98/><D63/><U43/><E43/><V89/><F40/><W108/><G108/><T10/><D67/><U85/><E37/><V81/><F39/><W94/><G94/><N who="0" m="58455" /><D8/><U69/><E36/><V102/><F9/><W97/><AGARI ba="4,1" hai="13,18,22,24,25,27,30,33,82,87,88,97,103,107" machi="97" ten="30,7900,0" yaku="1,1,0,1,54,1,53,1" doraHai="125" doraHaiUra="80" who="3" fromWho="3" sc="287,-24,74,-24,553,-43,76,101" /><INIT seed="3,0,0,5,4,64" ten="263,50,510,177" oya="3" hai0="112,38,13,70,8,84,78,97,54,123,58,33,69" hai1="114,16,45,10,74,66,32,120,50,134,111,9,105" hai2="101,27,39,92,71,128,86,19,72,51,31,108,62" hai3="102,91,83,2,26,37,100,81,116,48,135,18,99"/><W87/><G116/><T56/><D123/><U59/><E105/><V96/><F39/><W7/><G37/><T12/><D33/><U46/><E74/><V14/><F72/><W103/><G135/><T3/><D38/><U24/><E114/><V98/><F108/><W88/><G2/><T118/><D118/><U34/><E120/><V104/><F86/><N who="3" m="50255" /><G7/><T11/><D3/><U90/><E111/><V25/><F128/><W63/><G63/><T20/><D20/><U79/><E79/><V75/><F75/><W80/><G80/><T28/><D84/><U133/><E90/><V73/><F73/><W65/><G65/><T93/><D78/><U44/><E66/><V76/><F76/><W130/><G130/><T67/><D67/><U106/><E106/><V124/><F62/><W119/><G119/><T60/><D112/><U0/><E59/><V129/><F129/><W55/><G18/><T126/><D58/><U122/><E50/><V30/><F19/><W21/><G21/><T43/><D60/><U35/><E122/><V110/><F51/><W77/><G26/><T85/><D8/><N who="1" m="3179" /><E0/><V61/><F61/><W131/><G131/><T95/><D11/><U115/><E115/><V117/><F117/><W52/><G48/><T89/><D93/><AGARI ba="0,0" hai="52,55,77,83,87,91,93,99,100,102,103" m="50255" machi="93" ten="30,5800,0" yaku="8,1,54,2" doraHai="64" who="3" fromWho="0" sc="263,-58,50,0,510,0,177,58" /><INIT seed="3,1,0,4,3,39" ten="205,50,510,235" oya="3" hai0="97,1,102,115,77,72,113,21,74,94,86,4,123" hai1="18,53,17,120,2,38,95,58,73,16,80,5,40" hai2="36,108,105,118,59,76,23,12,13,107,52,32,10" hai3="43,66,56,125,42,55,37,82,75,88,51,116,93"/><W122/><G116/><T110/><D1/><U99/><E120/><V130/><F32/><W81/><G122/><T61/><D4/><U71/><E71/><V87/><F118/><W89/><G125/><T33/><D33/><U26/><E26/><V90/><F76/><W79/><G37/><T119/><D123/><U64/><E64/><V60/><F36/><W50/><G66/><T20/><D61/><U19/><N who="1" m="4608" /><DORA hai="67" /><U117/><E117/><V35/><F108/><W128/><G128/><T68/><D68/><U22/><E22/><V62/><F23/><W41/><G82/><N who="0" m="47439" /><D119/><U25/><E25/><V135/><F135/><W44/><REACH who="3" step="1"/><G89/><REACH who="3" ten="205,50,510,225" step="2"/><T7/><D110/><U83/><E80/><V91/><F91/><W34/><G34/><T14/><D115/><U104/><E83/><V121/><F35/><W30/><G30/><T3/><D113/><U54/><E38/><V111/><F90/><W132/><G132/><T9/><D74/><U103/><E73/><V112/><F130/><W0/><G0/><T46/><D72/><U98/><E2/><V78/><F121/><W131/><G131/><T57/><D3/><U48/><E5/><V15/><F112/><W96/><AGARI ba="1,1" hai="41,42,43,44,50,51,55,56,75,79,81,88,93,96" machi="96" ten="20,18000,2" yaku="1,1,0,1,7,1,52,3,54,1,53,0" doraHai="39,67" doraHaiUra="124,101" who="3" fromWho="3" sc="205,-61,50,-61,510,-61,225,193" owari="144,-26.0,-11,-51.0,449,55.0,418,22.0" /></mjloggm>