<mjloggm ver="2.3"><GO type="169" lobby="0"/><UN n0="%E9%BB%9B%E7%94%B1%E7%B4%80%E6%B1%9F" n1="%E3%82%A6%E3%83%AB%E3%83%88%E3%83%A9%E7%AB%8B%E7%9B%B4" n2="%E3%81%AA%E3%82%93%E3%81%A7%E3%82%82%E3%83%8A%E3%83%BC%E3%83%9F%E3%83%B3" n3="%E7%A9%BA%E6%B0%97%E8%AA%AD%E3%81%BF" dan="16,18,16,16" rate="2109.92,2258.57,2195.04,2014.21" sx="F,M,M,M"/><TAIKYOKU oya="0"/><INIT seed="0,0,0,4,2,64" ten="250,250,250,250" oya="0" hai0="115,114,104,87,15,108,85,33,20,69,89,125,52" hai1="62,7,57,109,135,116,41,61,30,126,86,90,67" hai2="40,39,2,68,81,13,35,0,51,38,22,12,23" hai3="72,95,88,127,25,36,93,74,122,46,80,134,10"/><T42/><D69/><U133/><E116/><V24/><F81/><W53/><G122/><T101/><D33/><U91/><E109/><V111/><F51/><W83/><G134/><N who="1" m="51210" /><E126/><V84/><F84/><W118/><G118/><T131/><D42/><U17/><E30/><V123/><F40/><W96/><G127/><T59/><D125/><U102/><E7/><V3/><F123/><W99/><G10/><T112/><D131/><U11/><E102/><V47/><F47/><W117/><G117/><T75/><D75/><U29/><E29/><N who="2" m="19879" /><F68/><W119/><G119/><T100/><D104/><U110/><E110/><V5/><F39/><W77/><G25/><T128/><D128/><U130/><E130/><V132/><F38/><W45/><G36/><T6/><D108/><U103/><E103/><V18/><F132/><W31/><G31/><T73/><D73/><U58/><E86/><V4/><F111/><W70/><G70/><T82/><D85/><U78/><E78/><V113/><F113/><W65/><G65/><T76/><D76/><U66/><E41/><V55/><F55/><W71/><G71/><T9/><REACH who="0" step="1"/><D20/><REACH who="0" ten="240,250,250,250" step="2"/><U44/><E44/><V106/><F106/><W28/><G77/><T16/><D16/><AGARI ba="0,1" hai="0,2,3,4,5,12,13,16,18,22,23" m="19879" machi="16" ten="30,12000,2" yaku="35,5,54,1" doraHai="64" who="2" fromWho="0" sc="240,-120,250,0,250,130,250,0" /><INIT seed="1,0,0,3,4,51" ten="120,250,380,250" oya="1" hai0="120,65,81,1,126,73,55,63,107,13,10,59,54" hai1="113,127,123,20,48,71,101,77,58,29,98,60,23" hai2="2,104,27,131,45,4,15,16,12,72,53,96,70" hai3="30,88,132,32,14,62,64,92,66,118,28,26,85"/><U114/><E123/><V24/><F70/><W115/><G115/><T103/><D1/><U80/><E71/><V129/><F72/><W135/><G118/><T119/><D119/><U44/><E127/><V75/><F75/><W33/><G14/><T37/><D37/><U112/><E29/><V83/><F83/><W11/><G11/><T67/><D67/><U90/><E90/><V79/><F79/><W102/><G102/><T74/><D126/><U117/><E117/><V25/><F2/><W5/><G5/><T121/><D103/><U125/><E125/><V116/><F116/><W124/><G124/><T108/><D107/><U76/><E58/><V52/><F104/><W68/><G66/><T49/><D108/><U43/><E60/><V86/><F86/><W99/><REACH who="3" step="1"/><G85/><REACH who="3" ten="120,250,380,240" step="2"/><T84/><D65/><U34/><E114/><V38/><F4/><W35/><G35/><T22/><D22/><U42/><E34/><V122/><F12/><W19/><G19/><N who="0" m="8631" /><D84/><U17/><E23/><V110/><F110/><W93/><G93/><T128/><D128/><N who="2" m="49226" /><F96/><W18/><G18/><T95/><D95/><N who="1" m="58591" /><E113/><V57/><F122/><N who="0" m="47210" /><D81/><U41/><E112/><V50/><F38/><W56/><G56/><AGARI ba="0,1" hai="49,54,55,56,59,63,73,74" m="47210,8631" machi="56" ten="30,3900,0" yaku="13,1,52,2" doraHai="51" who="0" fromWho="3" sc="120,49,250,0,380,0,240,-39" /><INIT seed="2,0,0,5,3,18" ten="169,250,380,201" oya="2" hai0="96,72,88,3,20,121,92,134,81,42,55,13,71" hai1="108,118,16,52,116,104,102,69,91,0,70,112,82" hai2="63,94,57,110,24,89,12,117,56,15,36,101,22" hai3="95,76,59,39,75,5,11,65,114,120,113,103,49"/><V105/><F117/><W127/><G120/><T90/><D3/><U124/><E0/><V67/><F36/><W122/><G122/><T35/><D35/><U7/><E7/><V53/><F105/><W73/><G39/><T97/><D71/><U43/><E43/><V68/><F68/><W130/><G130/><T50/><D121/><U47/><E102/><V4/><F4/><W77/><G127/><T98/><D42/><U61/><E104/><V30/><F110/><W9/><G103/><T48/><D134/><U33/><E33/><V46/><F46/><W115/><G95/><T38/><D38/><U10/><E112/><N who="3" m="28674" /><W126/><DORA hai="29" /><G126/><T78/><D90/><U58/><E124/><V62/><REACH who="2" step="1"/><F101/><REACH who="2" ten="169,250,370,201" step="2"/><W129/><G129/><T80/><D80/><U125/><E82/><V133/><F133/><W51/><G5/><T45/><REACH who="0" step="1"/><D50/><REACH who="0" ten="159,250,370,201" step="2"/><U106/><E125/><V31/><F31/><W54/><G51/><T44/><D44/><U25/><E47/><V135/><F135/><W2/><G2/><T128/><D128/><U86/><E118/><V60/><F60/><W100/><G100/><T19/><AGARI ba="0,2" hai="13,19,20,45,48,55,72,78,81,88,92,96,97,98" machi="19" ten="30,12000,2" yaku="1,1,0,1,52,1,54,1,53,3" doraHai="18,29" doraHaiUra="93,6" who="0" fromWho="0" sc="159,140,250,-30,370,-60,201,-30" /><INIT seed="3,0,0,4,2,134" ten="299,220,310,171" oya="3" hai0="11,27,56,15,0,28,55,7,9,48,29,5,93" hai1="116,88,77,65,69,86,18,67,63,59,26,130,113" hai2="49,135,70,119,38,99,111,46,118,79,21,72,47" hai3="43,32,14,68,25,44,41,129,109,61,6,80,107"/><W108/><G107/><T90/><REACH who="0" step="1"/><D27/><REACH who="0" ten="289,220,310,171" step="2"/><U105/><E26/><V10/><F119/><W96/><G129/><T45/><D45/><U3/><E116/><V112/><F46/><W98/><G80/><T42/><D42/><N who="3" m="15881" /><G44/><T101/><D101/><U37/><E130/><V40/><F47/><W19/><G6/><T123/><D123/><U94/><E37/><V128/><F40/><W64/><G25/><T50/><D50/><U73/><E113/><V82/><F49/><W115/><G115/><T95/><D95/><U127/><E94/><V58/><F82/><W71/><G71/><T51/><D51/><U126/><E69/><V92/><F38/><W34/><G34/><T131/><D131/><U87/><E105/><V36/><F92/><W91/><G32/><T76/><D76/><U110/><E77/><V100/><F79/><W103/><G103/><T75/><D75/><U53/><E73/><V125/><F100/><W83/><G83/><T89/><D89/><U132/><E88/><V22/><F36/><W23/><G91/><T33/><D33/><U16/><E132/><V102/><F72/><W20/><G20/><T17/><D17/><U54/><E16/><V12/><F22/><W106/><G106/><T57/><D57/><U78/><E18/><V2/><F21/><W97/><G23/><T74/><D74/><U122/><E59/><V30/><F70/><W13/><G19/><T121/><D121/><U85/><E122/><V124/><F128/><W52/><G52/><T60/><D60/><U81/><E63/><V104/><F112/><W1/><G1/><RYUUKYOKU ba="0,1" sc="289,15,220,-15,310,-15,171,15" hai0="0,5,7,9,11,15,28,29,48,55,56,90,93" hai3="13,14,61,64,68,96,97,98,108,109" /><INIT seed="3,1,1,4,0,130" ten="304,205,295,186" oya="3" hai0="1,47,77,107,92,48,116,112,96,34,15,100,68" hai1="88,80,36,32,106,67,57,30,27,109,8,51,12" hai2="64,44,53,50,110,40,24,85,39,25,6,3,43" hai3="62,125,79,131,61,26,22,28,76,46,89,98,134"/><W2/><G2/><T5/><D116/><U63/><E36/><V72/><F72/><W13/><G131/><T113/><D34/><U70/><E106/><V123/><F110/><W127/><G134/><T55/><D68/><U115/><E109/><V42/><F123/><W87/><G46/><T14/><D77/><N who="3" m="29769" /><G98/><N who="0" m="61847" /><D1/><U105/><E105/><V10/><F39/><W122/><G122/><T102/><D5/><U91/><E115/><AGARI ba="1,1" hai="14,15,47,48,55,92,96,102,112,113,115" m="61847" machi="115" ten="30,1000,0" yaku="11,1" doraHai="130" who="0" fromWho="1" sc="304,23,205,-13,295,0,186,0" /><INIT seed="4,0,0,1,1,106" ten="327,192,295,186" oya="0" hai0="4,47,116,86,1,49,76,22,18,53,72,126,92" hai1="68,70,17,96,117,134,11,77,110,87,38,64,56" hai2="78,73,28,69,50,74,30,109,118,67,75,84,129" hai3="61,2,54,125,34,16,14,10,90,82,102,65,128"/><T94/><D116/><U19/><E117/><V66/><F118/><W42/><G34/><T26/><D126/><U35/><E38/><V27/><F109/><W39/><G128/><T24/><D1/><U112/><E35/><V80/><F129/><W6/><G125/><T8/><D72/><U20/><E110/><V37/><F37/><W100/><G54/><T104/><D104/><U48/><E134/><V25/><F50/><W101/><G42/><T111/><D111/><U36/><E36/><V55/><F55/><W81/><G39/><T57/><D26/><U95/><E11/><V63/><REACH who="2" step="1"/><F67/><REACH who="2" ten="327,192,285,186" step="2"/><W123/><G123/><T23/><D53/><U122/><E64/><V133/><F133/><W3/><G3/><T62/><D49/><U107/><E48/><V31/><AGARI ba="0,1" hai="25,27,28,30,31,63,66,69,73,74,75,78,80,84" machi="31" ten="40,12000,2" yaku="1,1,0,1,52,3,53,1" doraHai="106" doraHaiUra="60" who="2" fromWho="2" sc="327,-60,192,-30,285,130,186,-30" /><INIT seed="5,0,0,5,5,7" ten="267,162,415,156" oya="1" hai0="97,115,78,93,16,3,133,82,113,69,55,111,117" hai1="42,127,33,128,9,52,13,23,62,31,120,0,90" hai2="24,60,57,114,118,8,123,4,20,39,81,67,119" hai3="103,21,105,5,124,72,14,106,11,29,49,50,35"/><U43/><E120/><V45/><F123/><W18/><G72/><T99/><D69/><U51/><E128/><V87/><F114/><N who="0" m="43530" /><D111/><U92/><E127/><V130/><F130/><W2/><G124/><T46/><D117/><U100/><E100/><V77/><F45/><W41/><G103/><T56/><D133/><U112/><E33/><V107/><F39/><W40/><G50/><N who="0" m="29143" /><D3/><U95/><E62/><V88/><F77/><W121/><G121/><T10/><D56/><N who="1" m="32799" /><E0/><V26/><F24/><N who="3" m="18855" /><G49/><T110/><D110/><U98/><E112/><V59/><F59/><W22/><G22/><T44/><D44/><U36/><E36/><V125/><F107/><AGARI ba="0,0" hai="2,5,11,14,18,21,40,41,105,106,107" m="18855" machi="107" ten="30,2000,0" yaku="24,1,52,1" doraHai="7" who="3" fromWho="2" sc="267,0,162,0,415,-20,156,20" /><INIT seed="6,0,0,2,0,102" ten="267,162,395,176" oya="2" hai0="129,1,17,34,47,59,28,73,41,128,9,119,35" hai1="120,123,42,78,126,6,134,49,114,127,121,20,55" hai2="21,29,87,111,83,25,80,27,63,93,26,15,107" hai3="14,72,122,96,101,68,133,105,112,75,54,45,104"/><V12/><F29/><W135/><G122/><T57/><D73/><N who="3" m="28233" /><G68/><T23/><D119/><U131/><E78/><V64/><F107/><N who="3" m="63911" /><G14/><T58/><D9/><U100/><E100/><V89/><F111/><W115/><G54/><T13/><D1/><U8/><E42/><V18/><REACH who="2" step="1"/><F12/><REACH who="2" ten="267,162,385,176" step="2"/><W33/><G33/><T66/><D28/><U95/><E123/><V69/><AGARI ba="0,1" hai="15,18,21,25,26,27,63,64,69,80,83,87,89,93" machi="69" ten="30,6000,0" yaku="1,1,2,1,0,1,53,0" doraHai="102" doraHaiUra="117" who="2" fromWho="2" sc="267,-20,162,-20,385,70,176,-20" /><INIT seed="6,1,0,1,0,13" ten="247,142,455,156" oya="2" hai0="80,16,125,124,111,109,126,15,49,105,135,102,87" hai1="55,62,29,57,46,26,93,36,98,94,79,120,115" hai2="110,99,123,108,97,42,95,51,17,88,85,9,106" hai3="38,8,76,81,89,128,23,32,7,30,96,130,132"/><V127/><F123/><W113/><G38/><T63/><D135/><U45/><E115/><V41/><F127/><W3/><G132/><T100/><D63/><U35/><E120/><V54/><F41/><W25/><G113/><T58/><D58/><U119/><E119/><V118/><F42/><W50/><G50/><T121/><D49/><U6/><E36/><V34/><F34/><W14/><G89/><T60/><D60/><U24/><E6/><V12/><F118/><W52/><G96/><T112/><D112/><U68/><E68/><V114/><F114/><W56/><G56/><T122/><D122/><U48/><E79/><V91/><F106/><W101/><G101/><N who="0" m="39019" /><D105/><U61/><E61/><V131/><F131/><N who="3" m="50219" /><G52/><T90/><D121/><U40/><E98/><V117/><F117/><W78/><G81/><T20/><AGARI ba="1,0" hai="15,16,20,80,87,90,109,111,124,125,126" m="39019" machi="20" ten="40,5200,0" yaku="18,1,52,1,54,1" doraHai="13" who="0" fromWho="0" sc="247,55,142,-14,455,-27,156,-14" /><INIT seed="7,0,0,2,1,62" ten="302,128,428,142" oya="3" hai0="1,24,36,98,56,75,108,95,17,70,14,120,129" hai1="105,25,82,5,33,15,83,7,4,21,22,57,107" hai2="131,66,19,10,118,43,111,122,0,58,125,41,80" hai3="76,114,72,130,77,6,127,31,11,84,110,113,46"/><W68/><G68/><T102/><D129/><U99/><E33/><V109/><F118/><W61/><G130/><T106/><D75/><U12/><E57/><V60/><F131/><W81/><G127/><T100/><D108/><U67/><E67/><V18/><F125/><W48/><G110/><T132/><D70/><U69/><E69/><V121/><F111/><W26/><G61/><T87/><D1/><U126/><E126/><V123/><F109/><W89/><G72/><T23/><D36/><U20/><E25/><V40/><F80/><N who="1" m="30761" /><E99/><V32/><F32/><N who="3" m="20599" /><G46/><T92/><D132/><U86/><E86/><V28/><F28/><W119/><G48/><T85/><D120/><U90/><E90/><V134/><F134/><W97/><G97/><N who="0" m="59455" /><D106/><AGARI ba="0,0" hai="4,5,7,12,15,20,21,22,105,106,107" m="30761" machi="106" ten="40,2600,0" yaku="28,2" doraHai="62" who="1" fromWho="0" sc="302,-26,128,26,428,0,142,0" owari="276,8.0,154,-25.0,428,53.0,142,-36.0" /></mjloggm>