<mjloggm ver="2.3"><GO type="169" lobby="0"/><UN n0="%E2%96%BD%E4%B8%8E%E4%BD%9C%28%E3%81%8A%E3%81%AB%E3%81%8E%E3%82%8A" n1="%E3%82%B3%E3%83%B3%E3%83%81%E2%85%A2" n2="%78%6C%44%61%69%6C%78" n3="%E3%82%A6%E3%83%AB%E3%83%88%E3%83%A9%E7%AB%8B%E7%9B%B4" dan="17,16,16,18" rate="2182.31,2155.45,2148.19,2247.83" sx="M,M,M,M"/><TAIKYOKU oya="0"/><INIT seed="0,0,0,5,4,124" ten="250,250,250,250" oya="0" hai0="42,71,102,130,17,80,123,27,40,37,19,10,119" hai1="22,23,31,111,60,115,106,112,84,94,126,29,63" hai2="72,74,128,7,76,12,48,65,66,90,11,114,41" hai3="69,50,75,109,55,133,20,73,125,18,9,47,45"/><T3/><D119/><U13/><E106/><V34/><F114/><N who="1" m="43561" /><E126/><V135/><F34/><W28/><G69/><T35/><D123/><U53/><E94/><V134/><F90/><W101/><G101/><T122/><D122/><U81/><E111/><V118/><F118/><W129/><G28/><N who="1" m="10826" /><E13/><V100/><F100/><W62/><G109/><T8/><D3/><U51/><E23/><V24/><F24/><W77/><G20/><T52/><D71/><U2/><E22/><V57/><F57/><W54/><G9/><T21/><D35/><U38/><E38/><V83/><F72/><W68/><G73/><T92/><D37/><U95/><E95/><V36/><F36/><W33/><G75/><T16/><D80/><U91/><E2/><V79/><F79/><W113/><G77/><T85/><D102/><U103/><E103/><V99/><F99/><W5/><G33/><T4/><D4/><U43/><E43/><V132/><REACH who="2" step="1"/><F128/><REACH who="2" ten="250,250,240,250" step="2"/><W127/><G129/><T70/><D130/><U1/><E91/><V30/><F30/><W0/><G113/><T49/><D70/><U120/><E120/><V61/><F61/><W87/><G62/><T107/><D27/><U96/><E60/><V15/><F15/><W97/><G68/><T25/><D25/><U82/><E63/><V121/><F121/><W104/><G125/><T44/><D107/><U6/><E96/><V98/><F98/><W67/><G97/><T89/><D21/><U110/><E110/><V88/><F88/><W108/><G104/><T131/><D131/><U93/><E1/><V14/><F14/><RYUUKYOKU ba="0,1" sc="250,15,250,-15,240,15,250,-15" hai0="8,10,16,17,19,40,42,44,49,52,85,89,92" hai2="7,11,12,41,48,65,66,74,76,83,132,134,135" /><INIT seed="0,1,1,0,3,40" ten="265,235,255,235" oya="0" hai0="116,58,56,26,27,127,96,123,23,103,70,66,84" hai1="61,67,24,45,82,59,93,34,54,2,106,122,0" hai2="41,39,60,51,57,79,128,114,53,102,101,1,91" hai3="69,36,92,64,87,104,21,105,19,129,95,78,80"/><T42/><D116/><U94/><E106/><V22/><F114/><W15/><G36/><T75/><D123/><U30/><E122/><V31/><F128/><W13/><G129/><T119/><D119/><U86/><E0/><V76/><F39/><W73/><G69/><T125/><D75/><U110/><E2/><V107/><F1/><W20/><G64/><T126/><D84/><U33/><E33/><V52/><F41/><W48/><G48/><T38/><D70/><U109/><E67/><V32/><F32/><W132/><G132/><T85/><D85/><U25/><E25/><N who="2" m="16823" /><F91/><W68/><G68/><T72/><D72/><U12/><E12/><V37/><F37/><W133/><G133/><T83/><D83/><U16/><E16/><V9/><F9/><W90/><G95/><T35/><D35/><U63/><E63/><V74/><F107/><W115/><G115/><T131/><D131/><U3/><E3/><V47/><F74/><W118/><G118/><T99/><D66/><U6/><E6/><V117/><F117/><W62/><G62/><T111/><D26/><U4/><E4/><V81/><F81/><W50/><G50/><T124/><D125/><U130/><E130/><V49/><F60/><W77/><G77/><AGARI ba="1,1" hai="47,49,51,52,53,57,76,77,79,101,102" m="16823" machi="77" ten="30,3900,0" yaku="8,1,52,1,54,1" doraHai="40" who="2" fromWho="3" sc="265,0,235,0,255,52,235,-42" /><INIT seed="1,0,0,1,3,24" ten="265,235,307,193" oya="1" hai0="76,119,10,103,38,66,48,115,96,23,62,106,78" hai1="105,71,20,113,77,73,91,28,64,102,22,134,81" hai2="75,4,124,44,126,97,57,53,121,127,55,85,88" hai3="93,39,86,117,108,122,1,2,82,99,114,31,45"/><U17/><E113/><V132/><F75/><W26/><G114/><T30/><D119/><U133/><E91/><V90/><F4/><W112/><G122/><T50/><D38/><U70/><E64/><V0/><F0/><W74/><G74/><T40/><D115/><U35/><E22/><V84/><F121/><W87/><G108/><T80/><D10/><U100/><E20/><V118/><F118/><W18/><G18/><T65/><D65/><U111/><E17/><V107/><F132/><N who="1" m="50793" /><E111/><V79/><F79/><W46/><G112/><T13/><D13/><U128/><E128/><V16/><F44/><W5/><G46/><T12/><D12/><U7/><E7/><V72/><F72/><W135/><G45/><T131/><D131/><U32/><E32/><V43/><F43/><W63/><G5/><T123/><D123/><U83/><E83/><V34/><F34/><W51/><G82/><T14/><D14/><U25/><E105/><V92/><F107/><W9/><G2/><T98/><D80/><U36/><E36/><V60/><F90/><W104/><G39/><T19/><D19/><U109/><E109/><V130/><F130/><W6/><G104/><T59/><D40/><U42/><E42/><V69/><F69/><AGARI ba="0,0" hai="25,28,35,69,70,71,73,77,81,100,102" m="50793" machi="69" ten="30,2900,0" yaku="20,1,52,1" doraHai="24" who="1" fromWho="2" sc="265,0,235,29,307,-29,193,0" /><INIT seed="1,1,0,4,2,101" ten="265,264,278,193" oya="1" hai0="124,65,6,42,48,112,106,4,43,126,54,52,69" hai1="97,7,128,32,53,94,59,105,5,56,89,115,68" hai2="104,119,23,135,88,36,61,1,116,41,44,62,26" hai3="14,0,33,133,63,103,76,86,107,131,73,74,84"/><U29/><E68/><V111/><F111/><W35/><G14/><T16/><D112/><U114/><E128/><V75/><F135/><W22/><G22/><T17/><D65/><U83/><E59/><V130/><F130/><W8/><G63/><T109/><D69/><U70/><E70/><V25/><F75/><W118/><G131/><T21/><D109/><U64/><E64/><V12/><F1/><W93/><G8/><T90/><D90/><U19/><E19/><N who="0" m="7241" /><D21/><U18/><E18/><V47/><F12/><W11/><G11/><T134/><D106/><U10/><E83/><V82/><F23/><W100/><G0/><T96/><D96/><U85/><E29/><V123/><F104/><W31/><G31/><T127/><D134/><U117/><E32/><V40/><F88/><N who="3" m="53399" /><G133/><T91/><D91/><U13/><E7/><N who="0" m="2601" /><D48/><U78/><E78/><V79/><F79/><W95/><G33/><T27/><D27/><U129/><E129/><V98/><F98/><N who="3" m="61943" /><G35/><T122/><D122/><U81/><E81/><V57/><F82/><N who="3" m="47175" /><G118/><T45/><D45/><U102/><REACH who="1" step="1"/><E117/><REACH who="1" ten="265,254,278,193" step="2"/><V30/><F119/><W120/><G120/><T2/><D2/><U77/><E77/><V132/><F116/><W87/><G87/><T99/><D99/><AGARI ba="1,1" hai="73,74,95,99,100" m="47175,61943,53399" machi="99" ten="30,12000,2" yaku="35,5,52,1,54,1" doraHai="101" who="3" fromWho="0" sc="265,-123,254,0,278,0,193,133" /><INIT seed="2,0,0,3,2,15" ten="142,254,278,326" oya="2" hai0="113,114,32,120,33,80,129,51,42,100,26,124,60" hai1="41,57,54,70,11,83,116,109,126,55,16,61,85" hai2="96,34,6,79,73,45,94,43,118,76,92,77,108" hai3="134,48,121,103,5,23,44,29,81,87,72,9,125"/><V95/><F34/><W59/><G121/><T74/><D120/><U49/><E70/><V135/><F6/><W38/><G125/><T12/><D124/><U68/><E68/><V31/><F31/><W52/><G134/><T128/><D100/><U82/><E41/><V13/><F13/><W3/><G103/><T18/><D60/><U58/><E109/><V46/><F135/><W63/><G72/><T131/><D51/><U91/><E116/><V105/><F118/><W20/><G29/><N who="0" m="19511" /><D42/><U88/><E126/><V64/><F73/><W14/><G38/><T89/><D33/><U27/><E11/><V28/><F28/><W111/><G111/><T7/><D7/><U90/><E83/><V0/><F0/><W62/><G3/><T21/><D89/><U56/><E56/><V93/><F93/><W19/><G5/><T119/><D119/><U132/><E132/><V24/><F43/><N who="3" m="24607" /><G62/><T30/><D30/><U66/><E66/><V67/><F108/><W107/><G107/><T8/><D8/><U98/><E98/><V17/><F96/><W39/><G39/><T102/><D102/><U99/><E99/><V75/><F105/><W37/><G37/><T65/><D65/><N who="2" m="25162" /><F75/><W40/><G40/><T47/><D47/><N who="2" m="17930" /><F24/><W86/><G86/><T115/><D74/><U122/><E122/><V78/><F78/><AGARI ba="0,0" hai="9,14,19,20,23,52,59,63,78,81,87" m="24607" machi="78" ten="30,3900,0" yaku="8,1,52,1,54,1" doraHai="15" who="3" fromWho="2" sc="142,0,254,0,278,-39,326,39" /><INIT seed="3,0,0,5,2,20" ten="142,254,239,365" oya="3" hai0="103,35,88,112,125,99,90,123,69,4,3,89,10" hai1="73,17,27,132,60,34,102,80,111,128,61,72,0" hai2="114,134,120,92,18,19,14,40,21,101,124,75,45" hai3="130,53,93,68,57,81,31,59,23,119,51,62,66"/><W71/><G119/><T118/><D123/><U16/><E0/><V107/><F114/><W117/><G117/><T70/><D118/><U105/><E128/><V33/><F33/><W52/><G130/><T25/><D112/><U41/><E41/><V37/><F120/><W94/><G81/><T83/><D83/><U135/><E111/><V38/><F134/><N who="1" m="51241" /><E80/><V49/><F124/><W82/><G82/><T32/><D125/><U64/><E61/><V43/><F75/><N who="1" m="28745" /><E102/><V54/><F40/><W13/><G71/><T8/><D8/><U22/><E105/><V55/><F107/><W1/><G1/><T7/><D7/><U11/><E11/><V26/><F37/><W47/><G68/><T98/><D98/><U58/><E34/><V29/><F38/><W85/><G85/><T6/><D6/><U95/><E95/><V106/><F106/><W74/><G74/><T110/><D110/><U79/><E79/><V133/><F133/><W115/><G115/><T2/><D2/><U129/><E129/><V91/><F101/><W96/><G96/><T9/><D9/><U113/><E113/><V39/><F39/><W97/><G97/><T67/><D35/><U86/><E86/><N who="2" m="52343" /><F14/><W78/><G13/><T36/><D36/><U126/><E126/><V122/><F122/><W28/><G78/><T63/><D70/><U15/><E15/><V46/><F43/><W50/><G94/><N who="0" m="56791" /><D103/><U131/><E131/><V108/><F108/><W87/><G93/><T127/><D127/><U100/><E100/><V65/><F65/><W24/><G87/><T42/><D42/><RYUUKYOKU ba="0,0" sc="142,0,254,0,239,0,365,0" hai0="3,4,10,25,32,63,67,69,88,89" hai1="16,17,22,27,58,60,64" hai2="18,19,21,26,29,45,46,49,54,55" hai3="23,24,28,31,47,50,51,52,53,57,59,62,66" /><INIT seed="3,1,0,0,1,23" ten="142,254,239,365" oya="3" hai0="128,49,35,24,129,67,106,34,63,42,8,7,78" hai1="77,17,120,97,11,74,40,135,83,20,46,94,52" hai2="133,41,123,99,65,98,131,31,101,121,100,71,126" hai3="39,91,117,119,64,122,81,47,48,60,54,125,0"/><W104/><G104/><T3/><D106/><U1/><E135/><V19/><F133/><W50/><G0/><T90/><D78/><U66/><E120/><N who="2" m="46155" /><F41/><W2/><G2/><T130/><D90/><U9/><E66/><V12/><F126/><W118/><G122/><T51/><D42/><U22/><E20/><V21/><F131/><W4/><G4/><T115/><D115/><U45/><E1/><V27/><F65/><W25/><G125/><T93/><D93/><U103/><E46/><V73/><F73/><W69/><G91/><T127/><D127/><U92/><E92/><V56/><F56/><W10/><G81/><T58/><REACH who="0" step="1"/><D35/><REACH who="0" ten="132,254,239,365" step="2"/><U113/><E40/><V107/><F107/><W37/><G118/><T16/><D16/><U72/><E72/><V61/><F71/><W55/><G119/><T116/><D116/><U76/><E76/><V18/><F18/><W82/><G117/><T14/><D14/><U96/><E96/><N who="2" m="36907" /><F61/><W89/><G60/><T38/><D38/><U124/><E124/><V79/><F79/><W85/><G37/><T29/><AGARI ba="1,1" hai="3,7,8,24,29,34,49,51,58,63,67,128,129,130" machi="29" ten="40,8000,1" yaku="1,1,0,1,19,1,52,1,53,0" doraHai="23" doraHaiUra="95" who="0" fromWho="0" sc="132,93,254,-21,239,-21,365,-41" /><INIT seed="4,0,0,5,3,99" ten="225,233,218,324" oya="0" hai0="92,38,107,68,85,6,128,131,52,110,30,74,9" hai1="14,94,70,119,44,32,100,21,123,33,115,98,83" hai2="111,130,88,11,113,124,108,135,13,80,31,66,87" hai3="8,57,22,27,1,19,133,76,56,5,39,90,96"/><T106/><D74/><U26/><E119/><V95/><F113/><W48/><G39/><T72/><D72/><U24/><E70/><V37/><F130/><W53/><G76/><T73/><D73/><U109/><E109/><V104/><F104/><W86/><G133/><T97/><D85/><U16/><E123/><V67/><F135/><W63/><G96/><T78/><D78/><U69/><E69/><V23/><F124/><W43/><G43/><T127/><D68/><U65/><E65/><V116/><F116/><W42/><G42/><T40/><D30/><U122/><E83/><V93/><F37/><W58/><G63/><T103/><D127/><U15/><E122/><V89/><F108/><W3/><G3/><T51/><D40/><U36/><E115/><V62/><F111/><W102/><G102/><T0/><D38/><U125/><E125/><V105/><F105/><W134/><G134/><T75/><D75/><U35/><E44/><V54/><F54/><W7/><G7/><T60/><D60/><U82/><E82/><AGARI ba="0,0" hai="1,5,8,19,22,27,48,53,56,57,58,82,86,90" machi="82" ten="30,1000,0" yaku="7,1" doraHai="99" who="3" fromWho="1" sc="225,0,233,-10,218,0,324,10" /><INIT seed="5,0,0,4,4,123" ten="225,223,218,334" oya="1" hai0="41,130,71,105,85,59,12,86,81,23,113,44,0" hai1="67,111,19,120,16,108,128,49,6,13,42,30,106" hai2="32,99,127,83,53,55,2,8,70,5,135,116,75" hai3="61,125,88,134,62,11,104,52,21,3,107,17,66"/><U46/><E120/><V48/><F116/><W54/><G11/><T89/><D71/><U36/><E106/><V91/><F135/><W131/><G3/><T115/><D0/><U95/><E30/><V76/><F127/><W34/><G34/><T65/><D105/><U63/><E6/><V29/><F70/><W112/><G88/><T68/><D68/><U94/><E36/><V25/><F91/><W82/><G82/><T24/><D12/><U74/><E74/><V118/><F118/><W45/><G54/><T51/><D86/><U124/><E124/><V57/><F55/><W133/><G125/><T27/><D130/><U14/><E128/><V97/><AGARI ba="0,0" hai="2,5,8,25,29,32,48,53,57,75,76,83,97,99" machi="97" ten="30,1100,0" yaku="0,1" doraHai="123" who="2" fromWho="2" sc="225,-3,223,-5,218,11,334,-3" /><INIT seed="6,0,0,2,2,124" ten="222,218,229,331" oya="2" hai0="41,90,100,116,36,0,6,58,45,3,108,27,132" hai1="47,50,15,59,53,97,14,91,125,135,95,120,128" hai2="12,21,5,130,127,86,106,56,74,126,133,111,17" hai3="67,33,18,52,23,40,118,89,77,93,35,63,72"/><V70/><F74/><W46/><G77/><T112/><D108/><U71/><E71/><V37/><F70/><W61/><G72/><T117/><D112/><U55/><E125/><N who="2" m="47627" /><F111/><W78/><G78/><T129/><D132/><U79/><E120/><V105/><F133/><W85/><G52/><T22/><D100/><U113/><E135/><V73/><F73/><W20/><G20/><T57/><D90/><U44/><E128/><V81/><F37/><W114/><G114/><T9/><D129/><U8/><E113/><V29/><F130/><W7/><G7/><T2/><D57/><U34/><E34/><V122/><F122/><W26/><G118/><N who="0" m="45675" /><D58/><U98/><E79/><V94/><F94/><W16/><G18/><AGARI ba="0,0" hai="0,2,3,6,9,18,22,27,36,41,45" m="45675" machi="18" ten="30,1000,0" yaku="12,1" doraHai="124" who="0" fromWho="3" sc="222,10,218,0,229,0,331,-10" /><INIT seed="7,0,0,0,0,105" ten="232,218,229,321" oya="3" hai0="65,76,15,3,8,117,118,96,127,18,115,25,73" hai1="33,41,5,116,97,131,14,22,130,12,29,36,11" hai2="53,61,79,133,103,70,92,124,110,82,102,27,19" hai3="104,134,75,123,23,121,78,129,83,63,101,100,71"/><W49/><G49/><T57/><D3/><U46/><E33/><V20/><F124/><W107/><G23/><T122/><D122/><U81/><E116/><V95/><F133/><W112/><G112/><T44/><D127/><U6/><E97/><V39/><F39/><W89/><G89/><T66/><D115/><U106/><E106/><V85/><F110/><W28/><G28/><T45/><D73/><U10/><REACH who="1" step="1"/><E81/><REACH who="1" ten="232,208,229,321" step="2"/><V62/><F70/><W114/><G83/><T21/><D96/><U47/><E47/><V16/><F19/><W1/><G107/><T4/><D44/><U32/><E32/><V64/><F53/><W77/><G104/><T17/><D45/><U125/><E125/><V128/><F128/><W67/><G71/><T24/><D117/><U2/><E2/><V80/><F80/><W99/><G1/><T59/><D118/><U68/><E68/><V132/><F132/><W37/><G134/><T13/><D57/><U87/><E87/><V58/><F62/><W90/><G63/><T38/><D59/><U31/><E31/><V74/><REACH who="2" step="1"/><F85/><REACH who="2" ten="232,208,219,321" step="2"/><W111/><G129/><T43/><D38/><U30/><E30/><V51/><F51/><W9/><G37/><T54/><D43/><U91/><E91/><V108/><F108/><W126/><G90/><T60/><D76/><U40/><E40/><V42/><F42/><W120/><G78/><T0/><D54/><U109/><E109/><V69/><F69/><W98/><G126/><T26/><D60/><U56/><E56/><V94/><AGARI ba="0,2" hai="16,20,27,58,61,64,74,79,82,92,94,95,102,103" machi="94" ten="30,7900,0" yaku="1,1,0,1,52,1,54,1,53,0" doraHai="105" doraHaiUra="119" who="2" fromWho="2" sc="232,-20,208,-20,219,99,321,-39" owari="212,-19.0,188,-31.0,318,42.0,282,8.0" /></mjloggm>