<mjloggm ver="2.3"><GO type="169" lobby="0"/><UN n0="%73%61%62%69%78%69" n1="%E7%AB%8B%E8%8F%AF%E5%A5%8F" n2="%E3%83%88%E3%83%88%E3%83%AA%E5%85%88%E7%94%9F%31%39%E6%AD%B3" n3="%72%61%72%75%74%6F%37" dan="16,16,19,17" rate="2076.88,2142.23,2303.62,2210.16" sx="M,F,F,M"/><TAIKYOKU oya="0"/><INIT seed="0,0,0,2,2,45" ten="250,250,250,250" oya="0" hai0="85,26,93,14,61,22,76,51,38,108,106,119,32" hai1="73,71,52,15,88,43,64,124,7,47,13,5,131" hai2="129,118,67,44,105,62,25,95,75,117,16,134,3" hai3="116,122,37,63,54,1,2,100,18,23,19,21,50"/><T86/><D119/><N who="2" m="45578" /><F105/><W4/><G37/><T65/><D38/><U36/><E124/><V81/><F3/><W96/><G116/><T72/><D106/><U103/><E131/><V132/><F95/><W125/><G122/><T107/><D107/><U92/><E103/><V99/><F99/><W40/><G125/><T69/><D108/><U83/><E64/><V101/><F101/><W27/><G4/><T130/><D130/><U90/><E71/><V6/><F6/><W113/><G40/><T49/><D32/><U127/><E127/><V82/><F129/><W133/><G63/><T98/><D14/><U33/><E33/><V84/><F44/><W17/><G133/><N who="2" m="51305" /><F75/><W11/><G1/><T0/><D0/><U20/><E5/><V41/><F41/><W104/><G2/><T12/><D72/><U29/><E7/><V74/><F74/><W58/><G11/><T121/><D121/><U39/><E39/><V111/><F111/><W56/><G104/><T55/><D98/><U34/><E34/><V57/><F84/><W53/><G96/><T94/><D86/><N who="1" m="50271" /><E73/><V112/><F112/><W30/><G113/><T80/><D12/><U31/><E13/><V91/><F91/><W68/><G100/><T9/><D9/><U77/><E77/><V128/><F128/><W79/><G79/><T70/><D69/><U42/><E36/><V115/><F115/><W48/><REACH who="3" step="1"/><G68/><REACH who="3" ten="250,250,250,240" step="2"/><T24/><D70/><U126/><E126/><V102/><F102/><W120/><G120/><T66/><D76/><U89/><E42/><V8/><F8/><W109/><G109/><RYUUKYOKU ba="0,1" sc="250,-15,250,-15,250,15,240,15" hai2="16,25,57,62,67,81,82" hai3="17,18,19,21,23,27,30,48,50,53,54,56,58" /><INIT seed="1,1,1,5,0,38" ten="235,235,265,255" oya="1" hai0="81,11,60,113,74,68,123,96,6,5,67,14,42" hai1="20,70,16,24,37,112,118,43,87,30,120,28,80" hai2="115,103,126,127,72,114,58,25,88,108,34,94,98" hai3="122,105,77,101,47,39,91,53,18,4,56,49,64"/><U116/><E70/><V61/><F72/><W13/><G122/><T69/><D113/><N who="2" m="43018" /><F108/><W78/><G4/><T133/><D123/><U22/><E112/><V99/><F34/><W7/><G7/><T57/><D133/><U65/><E65/><N who="2" m="39095" /><F25/><W89/><G101/><T131/><D131/><U10/><E120/><V97/><F103/><W41/><G105/><T106/><D6/><U111/><E10/><V33/><F33/><W63/><G78/><T132/><D132/><U23/><E111/><V95/><F95/><W134/><G77/><T19/><D106/><U32/><E28/><V121/><F121/><W62/><G62/><T130/><D130/><U109/><E109/><V79/><F79/><W100/><G100/><T85/><D74/><U55/><E55/><V50/><F50/><W135/><G135/><T66/><D66/><U125/><E118/><V102/><F102/><W93/><G93/><T29/><D29/><U82/><E116/><V107/><F107/><W54/><G54/><T21/><D96/><AGARI ba="1,1" hai="88,94,96,97,98,99,126,127" m="39095,43018" machi="96" ten="30,2000,0" yaku="11,1,54,1" doraHai="38" who="2" fromWho="0" sc="235,-23,235,0,265,33,255,0" /><INIT seed="2,0,0,2,3,83" ten="212,235,298,255" oya="2" hai0="45,5,6,90,74,58,82,98,7,34,0,96,23" hai1="41,19,115,15,109,9,42,33,118,30,129,1,114" hai2="67,104,55,44,62,35,43,56,97,77,61,68,47" hai3="48,4,116,134,81,70,130,113,95,99,89,18,53"/><V135/><F135/><W88/><G134/><T52/><D34/><U126/><E118/><V94/><F35/><W60/><G130/><T38/><D0/><U27/><E41/><V32/><F32/><W75/><G113/><T106/><D106/><U13/><E42/><V91/><F104/><W103/><G116/><T64/><D64/><U31/><E129/><V25/><F25/><W12/><G4/><T20/><D38/><U37/><E37/><V24/><F43/><W105/><G70/><T128/><D45/><U65/><E65/><V50/><F50/><W76/><G60/><N who="0" m="35911" /><D74/><U92/><E92/><V93/><F77/><W121/><G121/><T108/><D108/><U112/><E109/><V17/><REACH who="2" step="1"/><F93/><REACH who="2" ten="212,235,288,255" step="2"/><W29/><G105/><T46/><D128/><U124/><E33/><V127/><F127/><W132/><G132/><T63/><D63/><U16/><E27/><V78/><F78/><W123/><G123/><T21/><D46/><U66/><E66/><V120/><F120/><W26/><G26/><T102/><D82/><U84/><E114/><V51/><F51/><W39/><G39/><T40/><D40/><U117/><E117/><V101/><F101/><W14/><G48/><T111/><D111/><U36/><E36/><V49/><F49/><W73/><G53/><T71/><D102/><U11/><E1/><V125/><F125/><W87/><G103/><T100/><D100/><U133/><E133/><V119/><F119/><W8/><G76/><T3/><D3/><U79/><E79/><V2/><F2/><W28/><G12/><T122/><D122/><RYUUKYOKU ba="0,1" sc="212,-30,235,10,288,10,255,10" hai1="9,11,13,15,16,19,30,31,84,112,115,124,126" hai2="17,24,44,47,55,56,61,62,67,68,91,94,97" hai3="8,14,18,28,29,73,75,81,87,88,89,95,99" /><INIT seed="2,1,1,3,1,91" ten="182,245,298,265" oya="2" hai0="29,86,92,77,44,116,47,22,127,19,63,34,38" hai1="45,61,58,46,106,51,88,17,122,108,1,76,18" hai2="104,25,43,15,12,42,14,39,107,117,36,7,60" hai3="55,101,5,26,109,48,90,121,134,115,103,78,105"/><V27/><F60/><W79/><G121/><T73/><D127/><U99/><E122/><V0/><F7/><W131/><G5/><T23/><D116/><U71/><E1/><V6/><F6/><W4/><G4/><T87/><D73/><U130/><E130/><V126/><F15/><W132/><G131/><T93/><D63/><U133/><E133/><N who="3" m="51306" /><G109/><T35/><D38/><U111/><E71/><V84/><F84/><W123/><G123/><T113/><D19/><U102/><E76/><N who="3" m="29226" /><G105/><T8/><D77/><U74/><E74/><V40/><F40/><W13/><G13/><T11/><REACH who="0" step="1"/><D29/><REACH who="0" ten="172,245,298,265" step="2"/><U21/><E17/><V20/><F126/><W10/><G115/><AGARI ba="1,2" hai="8,11,22,23,34,35,44,47,86,87,92,93,113,115" machi="115" ten="25,12000,2" yaku="1,1,2,1,22,2,52,2,53,0" doraHai="91" doraHaiUra="66" who="0" fromWho="3" sc="172,143,245,0,298,0,265,-123" /><INIT seed="3,0,0,2,0,115" ten="315,245,298,142" oya="3" hai0="93,61,69,19,13,65,92,98,63,87,111,35,125" hai1="7,90,46,52,53,23,82,12,22,91,127,17,67" hai2="89,10,128,31,99,1,28,70,112,20,38,118,60" hai3="76,126,4,62,49,104,18,85,110,119,75,107,33"/><W78/><G75/><T59/><D35/><U100/><E127/><V102/><F112/><W25/><G126/><T106/><D125/><U122/><E122/><V66/><F38/><W81/><G76/><T72/><D72/><U129/><E129/><V2/><F118/><W101/><G101/><T51/><D51/><U48/><E67/><V121/><F121/><W74/><G4/><T133/><D111/><U0/><E100/><V120/><F128/><W34/><G110/><T40/><D40/><U135/><E135/><V43/><F43/><W30/><G33/><T5/><D5/><U29/><E0/><V108/><F108/><W37/><G37/><T117/><D117/><U79/><E7/><V32/><F10/><W116/><G49/><T71/><D87/><U36/><E36/><V27/><F89/><W11/><G85/><T58/><D133/><U42/><E42/><V9/><F9/><W114/><G114/><T15/><D106/><U97/><E53/><V132/><F120/><W130/><G130/><T103/><D93/><U123/><E123/><V54/><F54/><W86/><G86/><T80/><D80/><U73/><REACH who="1" step="1"/><E97/><REACH who="1" ten="315,235,298,142" step="2"/><V105/><F132/><W6/><G62/><T39/><D39/><U55/><E55/><V109/><F109/><W124/><G124/><T56/><D19/><U24/><AGARI ba="0,1" hai="12,17,22,23,24,29,46,48,52,73,79,82,90,91" machi="24" ten="30,7900,0" yaku="1,1,0,1,54,1,53,1" doraHai="115" doraHaiUra="8" who="1" fromWho="1" sc="315,-20,235,89,298,-20,142,-39" /><INIT seed="4,0,0,2,1,16" ten="295,324,278,103" oya="0" hai0="119,41,81,111,94,43,40,0,52,19,78,89,101" hai1="123,9,22,70,56,88,79,135,6,65,29,115,124" hai2="57,59,130,106,61,71,85,26,69,8,91,93,74" hai3="44,31,64,46,112,66,99,100,37,129,38,68,127"/><T39/><D119/><U128/><E123/><V53/><F106/><W20/><G112/><T116/><D116/><U45/><E70/><V109/><F109/><W42/><G127/><T82/><D111/><U62/><E124/><V10/><F74/><W75/><G129/><T54/><D0/><U126/><E126/><V4/><F130/><W120/><G120/><T47/><D101/><U36/><E128/><V24/><F69/><W25/><G75/><T95/><D19/><U48/><E36/><V11/><F71/><W108/><G108/><T80/><D78/><U97/><E79/><V76/><F4/><W113/><G113/><T110/><D110/><U107/><E115/><V3/><F3/><W12/><G12/><T131/><D131/><U134/><E107/><V105/><F105/><W50/><G68/><T35/><D35/><U90/><E9/><V98/><REACH who="2" step="1"/><F59/><REACH who="2" ten="295,324,268,103" step="2"/><W125/><G125/><T104/><D104/><U72/><E6/><V77/><F77/><W122/><G122/><T121/><D121/><U5/><E5/><V23/><F23/><W30/><G20/><T84/><D39/><U28/><E72/><V32/><F32/><W117/><G37/><T7/><D7/><U83/><E22/><V103/><F103/><W73/><G38/><T63/><D47/><U1/><E1/><V114/><F114/><W55/><G44/><T133/><D89/><U27/><E90/><V2/><F2/><W21/><G46/><T96/><D41/><U17/><E88/><V102/><F102/><W118/><G118/><T14/><D40/><U18/><E45/><RYUUKYOKU ba="0,1" sc="295,-10,324,-10,268,30,103,-10" hai2="8,10,11,24,26,53,57,61,76,85,91,93,98" /><INIT seed="5,1,1,3,3,37" ten="285,314,298,93" oya="1" hai0="32,14,12,44,68,96,131,108,106,8,6,21,104" hai1="121,83,56,46,126,17,62,54,115,85,39,29,2" hai2="107,49,30,51,10,114,116,84,129,133,27,87,34" hai3="1,38,73,13,5,3,88,20,61,65,66,4,48"/><U99/><E121/><V79/><F116/><W78/><G38/><T130/><D108/><U69/><E2/><V82/><F107/><W72/><G78/><T132/><D132/><U128/><E128/><N who="0" m="49193" /><D32/><U134/><E134/><V47/><F133/><W28/><G48/><T101/><D68/><U40/><E126/><V36/><F129/><W22/><G13/><N who="0" m="5271" /><D44/><U58/><E115/><V25/><F114/><W77/><G77/><T75/><D75/><U92/><E29/><V90/><F25/><W0/><G1/><T16/><D14/><U89/><E17/><V100/><F100/><W71/><G71/><T120/><D106/><U64/><REACH who="1" step="1"/><E54/><REACH who="1" ten="285,304,298,93" step="2"/><V124/><F124/><W50/><G28/><T135/><D135/><U19/><E19/><V24/><F30/><W125/><G125/><T95/><D120/><U93/><E93/><V60/><F34/><W52/><G52/><T113/><D95/><U117/><E117/><V35/><F35/><W127/><G127/><T59/><D113/><U42/><E42/><V18/><F18/><W45/><G0/><T15/><D16/><U81/><E81/><V63/><F10/><W112/><G3/><T111/><D111/><U91/><AGARI ba="1,2" hai="39,40,46,56,58,62,64,69,83,85,89,91,92,99" machi="91" ten="20,7800,0" yaku="1,1,0,1,7,1,52,1,53,0" doraHai="37" doraHaiUra="33" who="1" fromWho="1" sc="285,-27,304,101,298,-27,93,-27" /><INIT seed="5,2,0,3,5,106" ten="258,405,271,66" oya="1" hai0="6,96,20,26,129,47,24,125,116,31,126,61,22" hai1="17,104,5,87,123,85,7,55,121,67,60,103,72" hai2="131,62,23,127,93,115,113,95,107,42,25,41,37" hai3="40,101,1,97,54,82,13,48,79,100,66,0,135"/><U68/><E55/><V73/><F107/><W119/><G101/><T9/><D116/><U15/><E103/><V105/><F105/><W14/><G135/><T36/><D129/><U130/><E104/><V122/><F122/><W29/><G40/><N who="2" m="15465" /><F37/><W69/><G13/><N who="0" m="5303" /><D36/><U53/><E130/><V19/><F131/><W52/><G54/><T90/><D47/><U28/><E28/><V118/><F118/><W32/><G14/><T132/><D61/><U109/><E109/><V71/><F73/><W64/><G119/><T34/><D132/><U91/><E53/><V59/><F71/><W35/><G100/><T99/><D90/><U134/><E134/><V84/><F127/><N who="0" m="48650" /><D34/><U4/><E72/><V120/><F84/><W75/><G97/><T16/><AGARI ba="2,0" hai="16,20,22,24,26,31,96,99" m="48650,5303" machi="16" ten="30,2000,0" yaku="18,1,54,1" doraHai="106" who="0" fromWho="0" sc="258,26,405,-12,271,-7,66,-7" /><INIT seed="6,0,0,0,0,41" ten="284,393,264,59" oya="2" hai0="82,96,38,87,15,99,36,107,56,29,123,70,14" hai1="55,135,5,9,27,25,20,78,72,110,69,130,90" hai2="59,105,8,111,114,84,106,103,13,115,0,2,128" hai3="102,45,61,67,77,46,17,100,51,26,98,116,120"/><V134/><F128/><W113/><G120/><T28/><D123/><U88/><E130/><V81/><F134/><W44/><G113/><N who="2" m="43017" /><F59/><N who="3" m="37311" /><G116/><T112/><D112/><U33/><E135/><V35/><F35/><W22/><G77/><T91/><D70/><U47/><E69/><V108/><F2/><W109/><G109/><N who="2" m="42057" /><F0/><W85/><G85/><T39/><D56/><U95/><E33/><V1/><F1/><W23/><G23/><T83/><D107/><U117/><E110/><V42/><F42/><N who="3" m="24983" /><G98/><N who="0" m="37419" /><D87/><U62/><E72/><V129/><F129/><W71/><G71/><T94/><D94/><U118/><E95/><V80/><F103/><AGARI ba="0,0" hai="17,22,26,45,46,100,102,103" m="24983,37311" machi="103" ten="30,7700,0" yaku="8,1,52,3" doraHai="41" who="3" fromWho="2" sc="284,0,393,0,264,-77,59,77" /><INIT seed="7,0,0,2,1,56" ten="284,393,187,136" oya="3" hai0="59,72,14,34,99,95,66,15,7,10,13,41,69" hai1="40,121,108,22,44,3,122,48,100,130,29,61,133" hai2="27,94,111,32,28,102,30,114,18,24,57,58,80" hai3="127,8,67,78,36,47,63,92,107,97,16,23,87"/><W93/><G127/><T68/><D72/><U124/><E3/><V65/><F111/><W83/><G8/><T112/><D112/><U109/><E100/><V55/><F114/><W90/><G107/><T21/><D34/><U0/><E0/><V82/><F18/><W120/><G120/><N who="1" m="46186" /><E22/><V123/><F123/><W49/><G36/><T76/><D41/><U113/><E29/><N who="2" m="11371" /><F32/><W38/><G38/><T39/><D39/><U52/><E113/><V105/><F105/><W50/><G92/><T126/><D126/><U103/><E103/><V25/><F58/><N who="3" m="37367" /><G47/><T96/><D76/><U84/><E84/><V132/><F65/><W117/><G117/><T134/><D134/><U77/><E77/><V98/><F132/><W116/><G116/><T91/><D96/><U45/><E133/><V6/><F6/><W119/><G119/><T64/><D59/><N who="1" m="35047" /><E124/><V101/><F101/><W4/><G4/><T33/><D33/><U106/><E106/><V74/><F74/><W85/><G85/><T26/><D68/><U125/><E125/><V54/><F57/><W75/><G75/><T86/><D86/><U12/><E12/><AGARI ba="0,0" hai="12,16,23,49,50,78,83,87,90,93,97" m="37367" machi="12" ten="30,5800,0" yaku="8,1,52,1,54,1" doraHai="56" who="3" fromWho="1" sc="284,0,393,-58,187,0,136,58" /><INIT seed="7,1,0,2,5,96" ten="284,335,187,194" oya="3" hai0="89,9,105,4,71,59,84,33,85,1,14,66,123" hai1="128,55,47,67,60,127,36,53,93,103,69,87,56" hai2="63,51,32,76,5,129,40,0,130,108,68,42,50" hai3="22,113,15,54,39,125,109,83,58,74,72,23,13"/><W38/><G83/><T17/><D123/><U61/><E127/><V114/><F108/><W98/><G98/><T134/><D71/><U28/><E128/><N who="2" m="49259" /><F114/><W34/><G34/><T6/><D134/><U52/><E28/><V16/><F32/><W44/><G125/><T100/><D33/><U43/><E87/><V101/><F101/><W20/><G113/><T30/><D30/><U24/><E24/><V88/><F76/><W41/><G38/><T19/><D1/><U118/><E118/><V111/><F111/><W8/><G109/><T37/><D37/><U132/><E132/><V79/><F79/><W27/><G27/><T86/><D89/><U70/><E103/><V106/><F106/><W57/><G57/><T95/><D105/><U7/><E7/><V21/><F88/><W115/><G115/><T11/><D66/><N who="1" m="41167" /><E93/><V2/><F63/><AGARI ba="1,0" hai="36,43,47,52,53,55,56,60,63,67,70" m="41167" machi="63" ten="30,12000,2" yaku="35,5,54,1" doraHai="96" who="1" fromWho="2" sc="284,0,335,123,187,-123,194,0" owari="284,8.0,458,57.0,64,-44.0,194,-21.0" /></mjloggm>