<mjloggm ver="2.3"><GO type="169" lobby="0"/><UN n0="%E4%B8%8D%E6%B2%88" n1="%E8%B6%85%E3%82%A4%E3%83%B3%E3%82%BF%E3%83%BC%E3%83%8D%E3%83%83%E3%83%88" n2="%E3%82%A6%E3%83%AB%E3%83%88%E3%83%A9%E7%AB%8B%E7%9B%B4" n3="%E8%9B%99%E3%81%AE%E7%8E%8B" dan="16,18,18,16" rate="2109.28,2240.05,2214.34,2113.64" sx="F,M,M,M"/><TAIKYOKU oya="0"/><INIT seed="0,0,0,1,3,80" ten="250,250,250,250" oya="0" hai0="2,35,78,45,38,52,82,63,117,55,59,72,134" hai1="110,40,98,107,26,56,88,31,19,57,53,99,73" hai2="36,121,133,50,10,83,127,79,111,135,92,70,64" hai3="14,30,106,123,84,109,46,96,128,85,11,89,112"/><T122/><D117/><U5/><E73/><V126/><F36/><W51/><G112/><T32/><D122/><U33/><E110/><V120/><F10/><W34/><G123/><N who="2" m="47177" /><F50/><W62/><G109/><T29/><D134/><N who="2" m="51210" /><F111/><W102/><G128/><T114/><D114/><U23/><E40/><V75/><F64/><W17/><G62/><T95/><D2/><U8/><E107/><V27/><F27/><W3/><G3/><T108/><D108/><U71/><E71/><V42/><F42/><W12/><G12/><T130/><D130/><U94/><E98/><V69/><F69/><W22/><G34/><T101/><D29/><U13/><REACH who="1" step="1"/><E53/><REACH who="1" ten="250,240,250,250" step="2"/><V103/><F70/><W48/><G106/><T100/><D38/><U68/><E68/><V115/><F115/><W44/><G96/><AGARI ba="0,1" hai="75,79,83,92,96,103,126,127" m="51210,47177" machi="96" ten="40,5200,0" yaku="20,1,34,2" doraHai="80" who="2" fromWho="3" sc="250,0,240,0,250,62,250,-52" /><INIT seed="1,0,0,2,2,130" ten="250,240,312,198" oya="1" hai0="25,113,51,100,80,78,57,116,83,31,93,70,54" hai1="122,79,71,52,32,47,94,38,39,46,24,105,26" hai2="30,75,14,5,120,28,53,112,18,37,96,49,10" hai3="129,123,72,59,21,76,11,84,90,40,124,12,99"/><U132/><E105/><V48/><F37/><W126/><G123/><T3/><D113/><U89/><E122/><V50/><F75/><W23/><G129/><T109/><D116/><U58/><E71/><V101/><F112/><W81/><G40/><T42/><D109/><U104/><E79/><V19/><F53/><W15/><G99/><T108/><D108/><U4/><E104/><V33/><F120/><W1/><G1/><T87/><D3/><U135/><E4/><V133/><F133/><N who="1" m="51273" /><E46/><V134/><F134/><W0/><G0/><T64/><D70/><U67/><E67/><V103/><F33/><W97/><G97/><T66/><D78/><U110/><E110/><V74/><F74/><W85/><G59/><T125/><D57/><U119/><E119/><V111/><F111/><W44/><G44/><T118/><D118/><U27/><E47/><V107/><F107/><W61/><G72/><T2/><D66/><U41/><E41/><V34/><F5/><W29/><G126/><T68/><D125/><U17/><E17/><V102/><F19/><W88/><G124/><T73/><D68/><U117/><E32/><V45/><F45/><W131/><G76/><T60/><D42/><U55/><E117/><V95/><F34/><W115/><G131/><T86/><D64/><U77/><E77/><V62/><F30/><W8/><G29/><T13/><D31/><U20/><E20/><V127/><F28/><W114/><G23/><T22/><D22/><U106/><E106/><V128/><F127/><W56/><G21/><T98/><D73/><U35/><E35/><RYUUKYOKU ba="0,0" sc="250,0,240,0,312,0,198,0" /><INIT seed="2,1,0,5,2,66" ten="250,240,312,198" oya="2" hai0="68,131,71,127,89,26,6,7,10,53,20,19,120" hai1="28,12,2,23,70,76,33,39,81,85,99,72,22" hai2="4,5,69,133,101,41,32,61,47,113,59,82,57" hai3="13,121,43,123,135,102,126,106,78,73,27,88,1"/><V65/><F32/><W80/><G1/><T93/><D120/><U94/><E39/><V125/><F113/><W15/><G135/><T122/><D122/><U124/><E2/><V17/><F125/><W60/><G126/><T31/><D127/><U86/><E70/><V132/><F101/><W64/><G43/><T107/><D107/><U108/><E124/><V3/><F17/><W24/><G123/><T14/><D131/><U44/><E44/><V109/><F82/><W115/><G121/><T111/><D111/><U58/><E108/><V104/><F104/><W11/><G115/><T37/><D37/><U118/><E33/><V95/><F95/><W75/><G75/><T29/><D53/><U35/><E35/><V103/><F103/><W74/><G74/><T117/><D117/><U50/><E28/><V110/><F59/><W42/><G42/><T67/><D29/><U18/><E23/><V129/><F57/><W36/><G36/><T77/><D77/><U96/><E118/><V134/><F129/><W0/><G0/><T90/><D90/><N who="1" m="53591" /><E72/><V25/><F25/><W21/><G27/><T79/><D79/><U84/><E84/><V100/><F100/><W8/><G8/><T48/><D48/><U92/><E92/><V128/><F128/><W9/><G9/><T116/><D116/><U63/><E50/><N who="2" m="26991" /><F3/><W62/><G11/><T49/><D49/><U87/><E87/><V16/><F110/><W112/><G112/><T114/><D114/><U52/><AGARI ba="1,0" hai="12,18,22,52,58,63,76,81,85,96,99" m="53591" machi="52" ten="30,2000,0" yaku="8,1,54,1" doraHai="66" who="1" fromWho="1" sc="250,-6,240,23,312,-11,198,-6" /><INIT seed="3,0,0,4,4,112" ten="244,263,301,192" oya="3" hai0="129,49,77,21,97,30,27,20,124,45,28,39,119" hai1="83,60,134,26,125,48,42,12,55,80,92,69,114" hai2="53,64,110,31,47,130,122,58,75,82,32,71,67" hai3="37,85,41,81,118,5,120,106,109,34,91,52,3"/><W14/><G120/><T98/><D39/><U51/><E114/><V68/><F31/><W61/><G118/><T56/><D124/><U1/><E1/><V25/><F25/><W50/><G106/><T57/><D129/><U128/><E125/><V121/><F32/><W23/><G34/><T73/><D77/><U13/><E69/><N who="2" m="26699" /><F82/><W44/><G109/><T0/><D0/><U35/><E26/><V76/><F76/><W88/><G3/><T101/><D73/><U90/><E35/><V100/><F100/><W107/><G107/><T93/><D119/><U96/><E83/><V9/><F9/><N who="3" m="4399" /><G37/><T105/><D20/><U11/><E80/><V127/><F75/><W95/><G23/><T117/><D28/><U74/><E11/><V33/><F33/><W59/><G95/><T66/><D66/><N who="2" m="25130" /><F127/><W89/><AGARI ba="0,0" hai="41,44,50,52,59,61,81,85,88,89,91" m="4399" machi="89" ten="30,6000,0" yaku="8,1,54,2" doraHai="112" who="3" fromWho="3" sc="244,-20,263,-20,301,-20,192,60" /><INIT seed="3,1,0,3,1,100" ten="224,243,281,252" oya="3" hai0="98,24,91,46,104,71,107,14,113,95,66,49,25" hai1="129,101,26,73,115,35,111,80,2,83,88,127,103" hai2="33,21,28,87,1,90,96,55,12,105,131,44,86" hai3="135,37,51,40,47,11,74,18,72,79,36,128,60"/><W45/><G135/><T13/><D113/><U54/><E2/><V7/><F131/><W15/><G128/><T130/><D130/><U119/><E129/><V77/><F77/><W84/><G60/><T17/><D66/><U3/><E3/><V53/><F44/><W56/><G56/><T99/><D71/><U94/><E115/><V125/><F125/><W112/><G112/><T120/><D120/><U23/><E35/><V52/><F33/><W110/><G110/><T122/><D122/><U4/><E4/><V42/><F42/><W133/><G133/><T78/><D78/><U41/><E41/><V85/><F1/><W75/><REACH who="3" step="1"/><G47/><REACH who="3" ten="224,243,281,242" step="2"/><T82/><D46/><U20/><E111/><V8/><F55/><W50/><G50/><T65/><D49/><U93/><E54/><V32/><F53/><W63/><G63/><T31/><D65/><U9/><E127/><V43/><F52/><W57/><G57/><T106/><D82/><AGARI ba="1,1" hai="11,15,18,36,37,40,45,51,72,74,75,79,82,84" machi="82" ten="40,3900,0" yaku="1,1,53,1" doraHai="100" doraHaiUra="10" who="3" fromWho="0" sc="224,-42,243,0,281,0,242,52" /><INIT seed="3,2,0,4,3,124" ten="182,243,281,294" oya="3" hai0="113,26,25,53,110,58,87,20,2,21,10,35,65" hai1="80,0,49,57,74,24,131,66,3,8,1,99,104" hai2="118,63,114,46,93,68,94,19,98,30,106,77,4" hai3="48,81,38,5,64,50,125,40,52,108,18,117,33"/><W130/><G117/><T16/><D110/><U102/><E24/><V101/><F114/><W88/><G33/><T78/><D113/><U17/><E49/><V47/><F4/><W76/><G125/><T6/><D65/><U89/><E17/><V23/><F77/><W107/><G107/><T34/><D87/><U9/><E89/><V28/><F118/><W85/><G130/><T95/><D95/><U12/><E131/><V119/><F119/><W62/><G108/><T97/><D97/><U115/><E115/><V105/><F68/><W42/><G38/><T135/><D78/><U120/><E120/><V51/><F63/><W96/><G5/><T133/><D58/><U67/><E57/><V11/><F11/><W43/><G18/><N who="0" m="12439" /><D53/><U60/><E60/><V129/><F129/><W84/><G96/><T44/><D44/><U73/><E80/><V92/><F106/><W13/><G13/><T79/><D79/><U128/><E128/><V132/><F47/><N who="3" m="27679" /><G62/><T72/><D72/><N who="1" m="27755" /><E12/><V32/><F105/><W59/><G64/><T54/><D54/><U100/><E100/><V14/><F101/><W112/><G112/><T31/><D35/><U82/><E67/><V86/><F32/><W29/><G29/><T121/><D121/><U90/><E66/><V91/><F98/><W134/><G134/><T83/><D83/><U71/><E71/><V39/><F132/><W127/><G127/><T27/><AGARI ba="2,0" hai="2,6,10,16,21,26,27,31,34,133,135" m="12439" machi="27" ten="30,4000,0" yaku="34,2,54,1" doraHai="124" who="0" fromWho="0" sc="182,46,243,-12,281,-12,294,-22" /><INIT seed="4,0,0,4,5,39" ten="228,231,269,272" oya="0" hai0="20,5,22,110,64,12,4,23,76,70,72,21,132" hai1="15,2,97,128,115,106,94,134,90,27,36,8,49" hai2="7,123,44,41,84,51,34,10,129,48,9,79,100" hai3="96,60,77,87,61,81,111,68,63,78,105,71,121"/><T29/><D132/><U37/><E134/><V109/><F109/><W113/><G111/><T18/><D110/><U31/><E2/><V24/><F123/><W38/><G38/><T125/><D125/><U42/><E106/><V47/><F129/><W16/><G121/><T83/><REACH who="0" step="1"/><D29/><REACH who="0" ten="218,231,269,272" step="2"/><U46/><E128/><V99/><F34/><W69/><G113/><T104/><D104/><U95/><E115/><V74/><F74/><W43/><G105/><T116/><D116/><U40/><E94/><V126/><F126/><W6/><G71/><T73/><D73/><U35/><REACH who="1" step="1"/><E40/><REACH who="1" ten="218,221,269,272" step="2"/><V66/><F41/><W131/><G43/><T53/><D53/><U91/><E91/><V82/><F100/><W1/><G131/><T101/><D101/><U135/><E135/><V57/><F79/><W52/><G77/><T50/><D50/><U127/><E127/><V102/><F51/><W45/><G78/><T124/><D124/><U19/><AGARI ba="0,2" hai="8,15,19,27,31,35,36,37,42,46,49,90,95,97" machi="19" ten="20,8000,1" yaku="1,1,0,1,7,1,52,1,53,1" doraHai="39" doraHaiUra="13" who="1" fromWho="1" sc="218,-40,221,100,269,-20,272,-20" /><INIT seed="5,0,0,1,4,107" ten="178,321,249,252" oya="1" hai0="103,105,54,113,98,32,3,56,104,101,35,33,20" hai1="30,111,45,26,50,15,44,25,62,64,70,0,61" hai2="118,73,112,131,69,80,66,90,53,22,19,12,43" hai3="23,76,133,100,52,117,109,77,39,28,42,14,119"/><U51/><E0/><V108/><F118/><N who="3" m="45067" /><G109/><T92/><D113/><U121/><E121/><V27/><F108/><W135/><G100/><T37/><D3/><U96/><E111/><V129/><F43/><W47/><G52/><T57/><D37/><U124/><E124/><V31/><F112/><W41/><G41/><T65/><D20/><U11/><E96/><V106/><F106/><W38/><G38/><T49/><REACH who="0" step="1"/><D103/><REACH who="0" ten="168,321,249,252" step="2"/><U110/><E110/><V132/><F22/><W125/><G125/><T67/><D67/><U40/><E30/><V46/><F66/><W7/><G28/><T79/><D79/><N who="3" m="30281" /><G23/><T9/><D9/><AGARI ba="0,1" hai="7,9,14,39,42,47,133,135" m="30281,45067" machi="9" ten="30,1000,0" yaku="12,1" doraHai="107" who="3" fromWho="0" sc="168,-10,321,0,249,0,252,20" /><INIT seed="6,0,0,0,1,51" ten="158,321,249,272" oya="2" hai0="88,6,65,59,122,16,72,85,23,127,0,134,21" hai1="96,17,67,123,97,110,119,15,87,19,10,40,132" hai2="42,54,57,13,89,103,55,114,38,98,100,131,75" hai3="48,135,22,101,126,80,35,11,56,60,95,105,104"/><V71/><F71/><W9/><G35/><T26/><D122/><U83/><E110/><V29/><F75/><W64/><G135/><T27/><D134/><U120/><E132/><V106/><F29/><W130/><G126/><T79/><D127/><U1/><E119/><V112/><F103/><W47/><G130/><T113/><D113/><N who="2" m="43626" /><F131/><W108/><G108/><T102/><D102/><U50/><E67/><V32/><F32/><W107/><G80/><T78/><D72/><U116/><E1/><V41/><F57/><W70/><G70/><T94/><D6/><U76/><E116/><V118/><F118/><W53/><G22/><T31/><REACH who="0" step="1"/><D0/><REACH who="0" ten="148,321,249,272" step="2"/><U109/><E109/><V81/><F100/><W44/><G101/><T45/><D45/><N who="1" m="25895" /><E120/><V24/><F106/><W84/><G47/><T86/><D86/><U3/><E123/><V5/><F98/><W52/><G105/><T8/><D8/><N who="3" m="3145" /><G107/><T74/><D74/><U68/><E3/><V12/><F38/><W77/><G104/><T49/><D49/><U91/><E96/><V2/><F5/><W125/><G125/><T4/><D4/><U82/><E97/><V63/><F2/><W36/><G36/><T129/><D129/><U33/><E87/><V18/><F63/><AGARI ba="0,1" hai="16,21,23,26,27,31,59,63,65,78,79,85,88,94" machi="63" ten="40,8000,1" yaku="1,1,8,1,54,2,53,0" doraHai="51" doraHaiUra="30" who="0" fromWho="2" sc="148,90,321,0,249,-80,272,0" /><INIT seed="7,0,0,5,3,103" ten="238,321,169,272" oya="3" hai0="117,78,93,94,101,18,5,51,11,121,97,41,57" hai1="52,16,9,3,24,115,1,58,107,76,7,99,50" hai2="73,54,23,81,91,55,79,111,132,128,4,68,64" hai3="119,131,83,109,29,92,102,77,0,62,104,36,8"/><W37/><G119/><T114/><D117/><U123/><E123/><V26/><F111/><W70/><G92/><T69/><D121/><U21/><E115/><V20/><F128/><W85/><G109/><T72/><D69/><U33/><E76/><V122/><F132/><W2/><G29/><T106/><D114/><U135/><E135/><V30/><F122/><W96/><G131/><T6/><D6/><U14/><E107/><V127/><F127/><W19/><G19/><T34/><D34/><U59/><E99/><V66/><F4/><W42/><G85/><T126/><D126/><U44/><E1/><N who="3" m="618" /><G8/><T13/><D18/><U95/><E95/><V47/><F68/><W28/><G42/><T67/><D41/><U134/><E134/><V89/><F23/><W88/><G88/><T120/><D120/><U74/><E74/><V61/><F91/><W118/><G28/><AGARI ba="0,0" hai="3,7,9,14,16,21,24,28,33,44,50,52,58,59" machi="28" ten="40,8000,1" yaku="24,2,54,2" doraHai="103" who="1" fromWho="3" sc="238,0,321,80,169,0,272,-80" owari="238,4.0,401,50.0,169,-33.0,192,-21.0" /></mjloggm>