<mjloggm ver="2.3"><GO type="169" lobby="0"/><UN n0="%E3%81%A6%E3%81%B4%E3%81%B4%E3%81%B4%E3%81%B4" n1="%E3%83%88%E3%83%88%E3%83%AA%E5%85%88%E7%94%9F%31%39%E6%AD%B3" n2="%E3%81%8A%E3%81%98%E3%81%95%E3%82%93" n3="%E3%83%A2%E3%82%A4%E3%83%92%E3%83%A3%E3%83%B3" dan="17,19,17,16" rate="2143.50,2278.01,2154.82,2081.32" sx="F,F,M,F"/><TAIKYOKU oya="0"/><INIT seed="0,0,0,1,2,130" ten="250,250,250,250" oya="0" hai0="91,21,53,96,59,115,60,30,34,54,11,8,13" hai1="110,72,45,41,29,93,71,58,104,88,83,74,12" hai2="27,116,20,1,118,43,121,57,94,86,17,102,90" hai3="103,69,119,32,113,44,122,66,50,22,4,82,26"/><T79/><D115/><U62/><E104/><V85/><F121/><W135/><G113/><T84/><D34/><U70/><E110/><V23/><F1/><W67/><G119/><N who="2" m="45609" /><F43/><W76/><G122/><T61/><D79/><U38/><E29/><N who="2" m="17639" /><F57/><W92/><G32/><T68/><D96/><U107/><E107/><V111/><F111/><W80/><G69/><T133/><D68/><U97/><E72/><V42/><F42/><W127/><G127/><T46/><D133/><U112/><E112/><V109/><F102/><W33/><G33/><T25/><D13/><U49/><E38/><V6/><F6/><W10/><G135/><T7/><D7/><U101/><E12/><N who="2" m="9639" /><F109/><W35/><G35/><T0/><D0/><U51/><E51/><V73/><F73/><W19/><G103/><T40/><D61/><U18/><E18/><V95/><F85/><W105/><G4/><T3/><D3/><U52/><REACH who="1" step="1"/><E101/><REACH who="1" ten="250,240,250,250" step="2"/><V24/><F24/><W120/><G26/><T9/><D25/><U39/><E39/><V36/><F36/><W100/><G100/><T15/><D30/><U77/><AGARI ba="0,1" hai="41,45,49,52,58,62,70,71,74,77,83,88,93,97" machi="77" ten="30,7900,0" yaku="1,1,0,1,54,2,53,0" doraHai="130" doraHaiUra="134" who="1" fromWho="1" sc="250,-39,240,89,250,-20,250,-20" /><INIT seed="1,0,0,1,1,25" ten="211,329,230,230" oya="1" hai0="64,76,100,90,99,120,40,5,106,28,61,14,3" hai1="24,105,37,43,89,15,103,56,86,72,32,85,30" hai2="123,70,104,34,12,44,50,102,10,26,75,17,46" hai3="133,81,79,129,113,92,39,126,95,1,2,54,80"/><U132/><E72/><V31/><F123/><W68/><G113/><T87/><D3/><U128/><E128/><V84/><F75/><W91/><G129/><T59/><D120/><U36/><E132/><V98/><F50/><W135/><G126/><T121/><D121/><U23/><E43/><V66/><REACH who="2" step="1"/><F84/><REACH who="2" ten="211,329,220,230" step="2"/><W119/><G135/><T11/><D87/><U112/><E85/><V71/><F71/><W47/><G68/><T115/><D115/><U88/><E112/><V29/><F29/><W53/><G133/><T21/><D28/><U19/><E56/><V109/><F109/><W41/><G119/><T45/><D59/><U62/><E62/><AGARI ba="0,1" hai="10,12,17,26,31,34,44,46,62,66,70,98,102,104" machi="62" ten="40,8000,1" yaku="1,1,25,2,52,1,53,0" doraHai="25" doraHaiUra="78" who="2" fromWho="1" sc="211,0,329,-80,220,90,230,0" /><INIT seed="2,0,0,3,5,24" ten="211,249,310,230" oya="2" hai0="15,20,40,118,67,115,31,90,2,106,27,88,19" hai1="18,113,1,61,135,57,120,26,84,70,13,42,111" hai2="37,104,117,75,34,114,33,22,12,46,29,44,109" hai3="98,125,97,60,6,35,63,21,105,30,89,92,52"/><V93/><F104/><W64/><G125/><T7/><D115/><U121/><E1/><V96/><F114/><W95/><G105/><T86/><D118/><U126/><E113/><V48/><F117/><W39/><G39/><T73/><D73/><U4/><E126/><V101/><F75/><W16/><G6/><T82/><D106/><U79/><E70/><V72/><F72/><W133/><G133/><T107/><D107/><U124/><E124/><V23/><F37/><W102/><G64/><T9/><D67/><U58/><E135/><V76/><F76/><W11/><G11/><T132/><D132/><U69/><E42/><V91/><F91/><W43/><G43/><T10/><REACH who="0" step="1"/><D40/><REACH who="0" ten="201,249,310,230" step="2"/><U87/><E120/><V68/><F68/><W0/><G0/><T100/><D100/><U38/><E121/><V54/><F101/><W5/><G5/><T25/><D25/><U62/><E69/><V94/><F54/><W83/><G52/><T122/><D122/><U56/><E4/><V59/><F109/><W78/><G102/><T112/><D112/><U127/><E111/><V108/><F108/><W49/><G78/><AGARI ba="0,1" hai="2,7,9,10,15,19,20,27,31,78,82,86,88,90" machi="78" ten="30,7700,0" yaku="1,1,7,1,52,1,54,1,53,0" doraHai="24" doraHaiUra="51" who="0" fromWho="3" sc="201,87,249,0,310,0,230,-77" /><INIT seed="3,0,0,4,2,68" ten="288,249,310,153" oya="3" hai0="73,7,20,22,118,85,62,106,126,14,130,112,121" hai1="110,72,127,31,76,37,122,104,109,119,19,27,48" hai2="58,15,46,134,97,98,107,25,75,60,26,101,41" hai3="131,108,3,83,96,52,99,84,23,59,100,94,50"/><W64/><G131/><T32/><D85/><U79/><E122/><V38/><F75/><W40/><G108/><N who="1" m="41578" /><E104/><V82/><F134/><W88/><G3/><T63/><D73/><U86/><E72/><V2/><F2/><W69/><G40/><T132/><D106/><U10/><E127/><V123/><F123/><W0/><G0/><T115/><D32/><U70/><E70/><V51/><F82/><W124/><G124/><T29/><D121/><U54/><E37/><V34/><F34/><W55/><G69/><T47/><D126/><U102/><E102/><V111/><F111/><W11/><G11/><N who="0" m="4479" /><D118/><U44/><E119/><V39/><F97/><N who="3" m="59447" /><G64/><T80/><D80/><U113/><E86/><V93/><F107/><W28/><G55/><T35/><D47/><U129/><E113/><N who="0" m="43593" /><D132/><U17/><E129/><V105/><F105/><W120/><G120/><T16/><D130/><U92/><E92/><V24/><REACH who="2" step="1"/><F15/><REACH who="2" ten="288,249,300,153" step="2"/><W43/><G43/><T116/><D35/><N who="1" m="20991" /><E79/><V125/><F125/><W18/><G28/><T8/><D29/><U33/><E76/><V6/><F6/><W42/><G42/><T117/><D117/><U5/><E33/><V56/><F56/><W71/><G71/><T45/><D116/><U128/><E128/><V30/><F30/><W133/><G133/><T36/><D45/><U13/><AGARI ba="0,1" hai="5,10,13,17,19,44,48,54" m="20991,41578" machi="13" ten="30,1100,0" yaku="14,1" doraHai="68" who="1" fromWho="1" sc="288,-3,249,21,300,-3,153,-5" /><INIT seed="4,0,0,0,0,11" ten="285,270,297,148" oya="0" hai0="36,65,62,135,2,64,15,61,58,83,14,100,119" hai1="123,131,125,90,93,79,41,59,20,8,132,89,70" hai2="47,110,116,21,30,27,77,9,16,52,48,63,104" hai3="71,88,107,133,85,35,3,60,37,49,130,114,55"/><T109/><D2/><U105/><E123/><V66/><F110/><W54/><G114/><T29/><D119/><U68/><E105/><V28/><F116/><W26/><G133/><T122/><D122/><U96/><E132/><V98/><F77/><W95/><G130/><T120/><D135/><U111/><E111/><V72/><F72/><W101/><G3/><T10/><D120/><U92/><E131/><V106/><F9/><W25/><G37/><T43/><D43/><U97/><E125/><V78/><F78/><W40/><G40/><T53/><D109/><U81/><E41/><V1/><F1/><W19/><G35/><T128/><D128/><U126/><E126/><V75/><F75/><W112/><G112/><T113/><D36/><U102/><E102/><V86/><F86/><W127/><G127/><T7/><D100/><U129/><E129/><V103/><REACH who="2" step="1"/><F106/><REACH who="2" ten="285,270,287,148" step="2"/><W13/><G107/><T12/><D113/><U91/><E79/><V87/><F87/><W124/><G124/><T67/><D29/><U22/><E97/><V117/><F117/><W5/><G85/><T73/><D73/><U44/><E96/><V18/><F18/><W50/><G19/><T108/><D108/><U34/><E81/><V74/><F74/><W56/><G95/><T6/><D83/><U51/><E93/><V42/><F42/><W38/><G5/><N who="0" m="1547" /><D10/><U39/><E8/><V57/><AGARI ba="0,1" hai="16,21,27,28,30,47,48,52,57,63,66,98,103,104" machi="57" ten="20,8000,1" yaku="1,1,0,1,7,1,54,2,53,0" doraHai="11" doraHaiUra="32" who="2" fromWho="2" sc="285,-40,270,-20,287,90,148,-20" /><INIT seed="5,0,0,4,2,61" ten="245,250,377,128" oya="1" hai0="49,13,79,53,112,0,63,119,99,75,37,98,86" hai1="109,128,19,36,3,68,117,129,21,15,1,31,16" hai2="78,58,95,52,72,81,133,118,113,114,9,5,85" hai3="89,116,28,39,105,43,11,26,27,6,74,4,100"/><U84/><E36/><V8/><F133/><W126/><G126/><T32/><D119/><U97/><E68/><V82/><F95/><W20/><G116/><T120/><D0/><U87/><E117/><V12/><F118/><W62/><G74/><T134/><D37/><U41/><E41/><V108/><F9/><W29/><G105/><T122/><D75/><U70/><E70/><V127/><F108/><W57/><G100/><T76/><D32/><U47/><E47/><V131/><F131/><N who="1" m="50249" /><E31/><V83/><F127/><W106/><G106/><T42/><D42/><U44/><E44/><V101/><F101/><W125/><G125/><T92/><D134/><U34/><E34/><V40/><F40/><W121/><G121/><T23/><D112/><N who="2" m="43114" /><F72/><W102/><G102/><T111/><D111/><U59/><E97/><V24/><F24/><W55/><G11/><T80/><D99/><U103/><E103/><V54/><F54/><W48/><G39/><T51/><D120/><U88/><E87/><V2/><F2/><W60/><G89/><N who="0" m="55567" /><D79/><U71/><E109/><V132/><F132/><W22/><G43/><T91/><D76/><U77/><E77/><V104/><F104/><W115/><G115/><T18/><D122/><U69/><E3/><V25/><F25/><W56/><G48/><AGARI ba="0,0" hai="5,8,12,48,52,58,78,81,82,83,85" m="43114" machi="48" ten="30,3900,0" yaku="15,1,11,1,54,1" doraHai="61" who="2" fromWho="3" sc="245,0,250,0,377,39,128,-39" /><INIT seed="6,0,0,4,4,0" ten="245,250,416,89" oya="2" hai0="49,20,54,89,43,119,46,59,109,3,39,127,103" hai1="50,72,112,97,27,10,53,25,85,75,31,110,29" hai2="87,113,69,47,71,86,116,58,56,121,45,73,114" hai3="100,107,2,82,134,33,55,76,65,91,11,28,92"/><V52/><F52/><W102/><G134/><T126/><D103/><U24/><E110/><V9/><F9/><W66/><G107/><T123/><D123/><U57/><E112/><V38/><F38/><W77/><G33/><T22/><D109/><U67/><E72/><V18/><F18/><W15/><G2/><T21/><D119/><U128/><E75/><V51/><F73/><W8/><G28/><T129/><D129/><U125/><E125/><N who="0" m="47625" /><D3/><U88/><E128/><V78/><F78/><W70/><G70/><T1/><D1/><U79/><E79/><V120/><F51/><W105/><G105/><T35/><D89/><U7/><E97/><V101/><F101/><W6/><G55/><T42/><D42/><U99/><E99/><V12/><F12/><W98/><G76/><T124/><D124/><U118/><E67/><N who="3" m="25610" /><G11/><T13/><D35/><U23/><E118/><AGARI ba="0,0" hai="45,47,56,58,69,71,86,87,113,114,116,118,120,121" machi="118" ten="25,2400,0" yaku="22,2" doraHai="0" who="2" fromWho="1" sc="245,0,250,-24,416,24,89,0" /><INIT seed="6,1,0,2,4,51" ten="245,226,440,89" oya="2" hai0="50,79,23,93,29,130,39,82,85,74,71,33,129" hai1="44,49,100,24,27,106,70,67,32,133,45,0,22" hai2="75,98,62,53,15,78,83,111,59,25,116,104,14" hai3="115,69,73,54,3,101,34,124,52,43,56,36,68"/><V126/><F116/><W58/><G34/><T123/><D39/><U38/><E0/><V40/><F126/><W109/><G3/><T87/><D123/><U88/><E38/><V57/><F111/><W95/><G73/><T113/><D71/><N who="3" m="27209" /><G95/><T135/><D33/><U30/><E133/><V17/><F40/><W35/><G101/><T26/><D135/><U91/><E45/><V80/><F80/><W60/><G35/><T94/><D113/><U119/><E119/><V128/><F128/><N who="0" m="49258" /><D50/><U64/><E100/><V21/><F104/><W46/><G124/><T99/><D94/><U122/><E106/><V1/><F1/><W102/><G102/><AGARI ba="1,0" hai="23,26,29,74,79,82,85,87,93,99,102" m="49258" machi="102" ten="30,1000,0" yaku="19,1" doraHai="51" who="0" fromWho="3" sc="245,13,226,0,440,0,89,-13" /><INIT seed="7,0,0,0,0,88" ten="258,226,440,76" oya="3" hai0="12,49,23,63,134,81,22,18,26,103,24,124,70" hai1="99,2,100,35,112,104,67,25,85,52,123,3,8" hai2="77,91,135,0,65,133,16,53,105,15,14,66,127" hai3="5,41,94,1,19,76,27,45,55,75,84,29,132"/><W89/><G132/><T113/><D134/><U32/><E123/><V74/><F105/><W90/><G19/><T125/><D103/><U110/><E110/><V48/><F0/><W9/><G55/><T56/><D70/><U78/><E112/><V60/><F14/><W6/><G6/><T13/><D49/><U39/><E39/><V79/><F66/><W111/><G111/><T73/><D73/><U51/><E8/><V31/><F31/><W93/><G76/><T47/><D81/><U36/><E36/><V108/><F65/><W4/><G4/><T17/><D47/><U20/><E85/><V69/><F53/><W86/><G75/><T40/><D40/><U37/><E37/><V126/><F16/><W54/><G54/><N who="0" m="34199" /><D113/><U44/><E78/><V28/><F79/><W61/><G61/><T42/><D42/><U131/><E131/><V43/><F60/><W7/><G7/><T116/><D116/><U109/><E67/><V59/><F77/><W87/><G86/><T107/><D107/><U101/><E109/><V33/><F74/><W120/><G120/><T34/><D34/><U119/><E119/><V95/><F108/><W130/><G130/><T62/><D62/><U117/><E117/><V96/><F135/><W10/><G10/><T64/><D64/><U102/><E3/><V83/><F69/><W118/><G118/><T122/><D122/><U38/><E2/><V21/><F133/><W129/><G129/><T72/><D72/><U121/><E121/><V57/><F57/><W30/><G27/><T58/><D58/><U106/><E25/><AGARI ba="0,0" hai="12,13,17,18,22,23,24,25,26,124,125" m="34199" machi="25" ten="30,1000,0" yaku="6,1" doraHai="88" who="0" fromWho="1" sc="258,10,226,-10,440,0,76,0" owari="268,7.0,216,-18.0,440,53.0,76,-42.0" /></mjloggm>