<mjloggm ver="2.3"><GO type="169" lobby="0"/><UN n0="%E3%83%88%E3%83%88%E3%83%AA%E5%85%88%E7%94%9F%31%39%E6%AD%B3" n1="%70%6F%6E%5F%6B%61%73%75" n2="%E7%89%A7%E5%A0%B4%E3%81%AE%E5%B0%91%E5%A5%B3" n3="%6D%6F%6D%6F%39%31%36" dan="19,17,17,16" rate="2297.14,2192.05,2164.76,2093.97" sx="F,M,M,F"/><TAIKYOKU oya="0"/><INIT seed="0,0,0,3,1,78" ten="250,250,250,250" oya="0" hai0="106,93,91,8,60,75,111,94,44,105,45,96,6" hai1="12,33,13,38,34,53,67,73,79,24,69,57,74" hai2="63,5,85,62,25,123,114,29,99,80,56,86,87" hai3="89,51,82,81,107,61,76,39,98,41,113,40,135"/><T119/><D119/><U43/><E67/><V88/><F123/><W90/><G113/><T112/><D112/><U9/><E69/><V22/><F114/><W64/><G39/><T122/><D122/><U116/><E12/><V31/><F5/><W21/><G135/><T50/><D75/><U65/><E65/><V55/><F31/><W70/><G107/><T30/><D111/><U118/><E74/><V18/><F62/><W126/><G126/><T134/><D134/><U11/><E11/><V58/><F56/><W59/><G70/><T102/><D60/><U83/><E43/><N who="3" m="16458" /><G76/><T130/><D130/><U28/><E34/><V95/><REACH who="2" step="1"/><F29/><REACH who="2" ten="250,250,240,250" step="2"/><W10/><G61/><T128/><D30/><U2/><E2/><V46/><F46/><W110/><G64/><T37/><D45/><U19/><E38/><V14/><F14/><W77/><G110/><T1/><D37/><U0/><E0/><V17/><F17/><W20/><G59/><T127/><D128/><U7/><E7/><V4/><F4/><W115/><G115/><T49/><D127/><U47/><E47/><V131/><F131/><W42/><G51/><AGARI ba="0,1" hai="9,13,19,24,28,33,51,53,57,73,79,83,116,118" machi="51" ten="30,2000,0" yaku="7,1,52,1" doraHai="78" who="1" fromWho="3" sc="250,0,250,30,240,0,250,-20" /><INIT seed="1,0,0,2,2,127" ten="250,280,240,230" oya="1" hai0="93,120,5,134,80,3,122,32,108,73,129,66,68" hai1="110,130,55,12,117,35,131,17,39,59,85,10,2" hai2="1,27,116,92,101,36,19,115,18,105,41,72,86" hai3="69,91,8,30,112,26,4,118,29,43,52,11,103"/><U22/><E117/><V76/><F116/><W24/><G112/><T75/><D32/><U6/><E39/><V119/><F119/><W42/><G118/><T79/><D108/><U58/><E110/><V61/><F115/><W113/><G113/><T111/><D111/><U54/><E35/><V14/><F1/><W135/><G69/><T98/><D134/><U33/><E33/><V13/><F27/><W95/><G103/><T82/><D129/><N who="1" m="49163" /><E85/><V97/><F61/><W21/><G52/><AGARI ba="0,0" hai="2,6,10,12,17,22,52,54,55,58,59" m="49163" machi="52" ten="30,12000,1" yaku="19,1,52,3,54,1" doraHai="127" who="1" fromWho="3" sc="250,0,280,120,240,0,230,-120" /><INIT seed="1,1,0,5,4,123" ten="250,400,240,110" oya="1" hai0="21,93,97,105,43,60,103,35,78,65,116,56,76" hai1="80,8,63,52,83,119,42,99,38,127,18,41,55" hai2="128,126,72,25,121,54,70,66,19,59,4,81,37" hai3="61,40,117,112,57,124,23,77,12,114,68,33,31"/><U73/><E127/><V115/><F19/><W50/><G124/><T132/><D116/><U88/><E119/><V64/><F25/><W87/><G117/><T6/><D35/><U27/><E38/><V53/><F126/><W5/><G68/><T101/><D132/><U75/><E75/><V47/><F121/><W28/><G33/><T32/><D32/><U17/><E73/><V102/><F102/><W7/><G114/><T2/><D43/><N who="1" m="16395" /><E18/><V125/><F70/><W130/><G112/><T122/><D122/><U95/><E63/><V34/><F34/><W100/><G100/><T26/><D2/><U84/><E83/><V13/><F37/><W69/><G130/><T89/><D6/><U15/><E27/><V44/><F128/><W134/><G134/><T3/><D3/><U90/><AGARI ba="1,0" hai="8,15,17,52,55,80,84,88,90,95,99" m="16395" machi="90" ten="30,6000,0" yaku="8,1,54,2" doraHai="123" who="1" fromWho="1" sc="250,-21,400,63,240,-21,110,-21" /><INIT seed="1,2,0,3,3,15" ten="229,463,219,89" oya="1" hai0="127,16,18,85,91,69,76,128,0,5,48,33,95" hai1="115,133,44,117,131,84,77,6,3,41,81,80,43" hai2="21,72,47,27,104,101,94,107,116,125,112,119,59" hai3="103,97,14,26,96,31,54,74,39,86,10,132,17"/><U71/><E115/><V36/><F72/><W2/><G74/><T70/><D33/><U20/><E117/><V42/><F125/><W30/><G132/><T92/><D127/><U53/><E133/><V45/><F112/><W65/><G39/><T11/><D128/><U64/><E131/><V55/><F45/><W57/><G65/><T88/><D76/><U40/><E80/><V75/><F75/><W38/><G38/><T58/><D58/><U35/><E35/><V19/><F94/><W120/><G120/><T62/><D48/><U111/><E111/><V9/><F101/><W135/><G135/><T102/><D102/><U87/><E87/><V108/><F108/><W32/><G31/><T122/><D122/><U34/><E34/><V78/><F78/><W110/><G110/><T56/><D69/><U99/><E99/><V52/><F55/><W50/><G103/><T83/><D70/><U100/><E100/><V106/><REACH who="2" step="1"/><F9/><REACH who="2" ten="229,463,209,89" step="2"/><W121/><G121/><T46/><D46/><U126/><E44/><V82/><F82/><W90/><REACH who="3" step="1"/><G2/><REACH who="3" ten="229,463,209,79" step="2"/><T51/><D0/><U67/><E3/><V24/><F24/><W63/><G63/><AGARI ba="2,2" hai="19,21,27,36,42,47,52,59,63,104,106,107,116,119" machi="63" ten="40,5200,0" yaku="1,1,52,1,54,1,53,0" doraHai="15" doraHaiUra="66" who="2" fromWho="3" sc="229,0,463,0,209,78,79,-58" /><INIT seed="2,0,0,3,4,54" ten="229,463,287,21" oya="2" hai0="35,47,3,13,133,106,91,112,69,31,66,20,23" hai1="87,27,114,83,2,18,38,100,49,50,127,123,65" hai2="121,105,36,39,70,58,110,94,98,78,129,92,6" hai3="89,85,116,16,88,62,109,1,14,118,120,132,135"/><V33/><F121/><W40/><G1/><T67/><D3/><U55/><E123/><V128/><F70/><W84/><G120/><T4/><D112/><U64/><E38/><V21/><F33/><W79/><G40/><T43/><D106/><U72/><E72/><V17/><F105/><W63/><G79/><T25/><D133/><U15/><E2/><V12/><F6/><W7/><G7/><T51/><D69/><U95/><E27/><V44/><F78/><W115/><G115/><T8/><D35/><U80/><E50/><V71/><F71/><W56/><G109/><T76/><D23/><U108/><E108/><V28/><F28/><W61/><G61/><T59/><D91/><U97/><E127/><V45/><F92/><W124/><G124/><T93/><D93/><U130/><E130/><N who="2" m="50283" /><F110/><W125/><G125/><T46/><D46/><N who="2" m="18026" /><F58/><W111/><G111/><T75/><D75/><U41/><E114/><V82/><F82/><W96/><G96/><T77/><D66/><U53/><E83/><V134/><F134/><W11/><G11/><T26/><D67/><U73/><E80/><V22/><F22/><W5/><G5/><T104/><D104/><U74/><E95/><V42/><F42/><W0/><G0/><T32/><D59/><N who="1" m="33199" /><E74/><V119/><F119/><W131/><G131/><T113/><D113/><U68/><E73/><V52/><F52/><W103/><G56/><T101/><D101/><AGARI ba="0,0" hai="12,17,21,36,39,94,98,101" m="18026,50283" machi="101" ten="30,1500,0" yaku="19,1" doraHai="54" who="2" fromWho="0" sc="229,-15,463,0,287,15,21,0" /><INIT seed="2,1,0,5,0,30" ten="214,463,302,21" oya="2" hai0="54,44,124,111,102,20,122,104,134,73,121,99,82" hai1="50,117,107,105,51,19,16,116,74,1,17,33,48" hai2="86,56,36,22,81,18,93,92,40,59,135,61,7" hai3="85,42,98,11,75,3,78,88,118,43,97,77,29"/><V39/><F135/><W41/><G118/><N who="1" m="45674" /><E33/><V83/><F7/><W58/><G29/><T27/><D111/><U0/><E74/><V67/><F39/><W69/><G69/><T47/><D124/><U9/><E9/><V4/><F4/><W103/><G3/><AGARI ba="1,0" hai="0,1,3,16,17,19,48,50,51,105,107" m="45674" machi="3" ten="40,5200,0" yaku="28,2,54,1" doraHai="30" who="1" fromWho="3" sc="214,0,463,55,302,0,21,-55" owari="214,-19.0,518,62.0,302,10.0,-34,-53.0" /></mjloggm>