<mjloggm ver="2.3"><GO type="169" lobby="0"/><UN n0="%E3%83%AA%E3%82%B5%E3%81%95%E3%81%BE" n1="%E3%82%AB%E3%83%A1%E3%83%83%E3%82%AF%E3%82%B9" n2="%70%65%61%74%65%72" n3="%E3%82%A6%E3%83%AB%E3%83%88%E3%83%A9%E7%AB%8B%E7%9B%B4" dan="17,16,17,19" rate="2142.75,2085.81,2152.63,2305.36" sx="M,M,M,M"/><TAIKYOKU oya="0"/><INIT seed="0,0,0,5,4,128" ten="250,250,250,250" oya="0" hai0="14,52,29,103,68,92,5,82,94,70,1,15,42" hai1="30,129,39,107,25,73,108,64,114,11,104,100,110" hai2="76,3,13,80,28,41,2,22,109,45,35,84,69" hai3="0,81,51,118,98,26,23,20,38,21,7,31,6"/><T58/><D42/><U135/><E39/><V78/><F69/><W10/><G38/><T32/><D1/><U85/><E73/><V19/><F109/><N who="1" m="42089" /><E129/><V102/><F102/><W67/><G67/><T56/><D29/><U34/><E114/><V105/><F105/><W47/><G118/><T53/><D103/><U12/><E64/><V95/><F95/><W79/><G98/><T111/><D111/><U123/><E123/><V24/><REACH who="2" step="1"/><F78/><REACH who="2" ten="250,250,240,250" step="2"/><W17/><G79/><T48/><D94/><U132/><E100/><V65/><F65/><W36/><G81/><T46/><D92/><U99/><E99/><V44/><F44/><W125/><G47/><T120/><D46/><U43/><E104/><V89/><F89/><W87/><G125/><T57/><D57/><U101/><E107/><V93/><F93/><W74/><G36/><AGARI ba="0,1" hai="2,3,13,19,22,24,28,35,36,41,45,76,80,84" machi="36" ten="30,2000,0" yaku="1,1,7,1,53,0" doraHai="128" doraHaiUra="62" who="2" fromWho="3" sc="250,0,250,0,240,30,250,-20" /><INIT seed="1,0,0,5,3,103" ten="250,250,270,230" oya="1" hai0="39,90,33,45,135,14,56,4,9,106,44,23,129" hai1="32,123,19,116,102,47,30,104,51,132,122,13,81" hai2="101,49,25,108,29,115,46,98,62,17,20,107,83" hai3="134,10,75,111,78,64,100,55,11,5,89,120,24"/><U109/><E116/><V34/><F108/><W93/><G120/><T38/><D33/><U117/><E117/><V72/><F115/><W71/><G111/><T40/><D129/><U7/><E109/><V41/><F62/><W31/><G134/><T79/><D135/><U87/><E132/><V67/><F67/><W28/><G64/><T82/><D56/><U73/><E73/><V92/><F72/><W126/><G71/><T114/><D114/><U36/><E36/><V48/><F83/><W1/><G126/><T80/><D106/><U131/><E7/><V65/><F65/><W133/><G133/><T27/><D79/><U18/><E131/><V119/><F119/><W113/><G100/><T74/><D74/><U85/><E30/><V118/><F118/><W97/><G113/><T127/><D90/><U94/><E32/><V26/><REACH who="2" step="1"/><F92/><REACH who="2" ten="250,250,260,230" step="2"/><W99/><G93/><T112/><D112/><U121/><E94/><V96/><F96/><W110/><G99/><T12/><D127/><U130/><E130/><V58/><F58/><W124/><G97/><T6/><D82/><U2/><E81/><V128/><F128/><W61/><G61/><T84/><D80/><U42/><E121/><V15/><F15/><W70/><G124/><T69/><D69/><U63/><E63/><V76/><F76/><W105/><G70/><T77/><D77/><U37/><E13/><V57/><F57/><W0/><G110/><T52/><D14/><U8/><E123/><V53/><F53/><W88/><G55/><T95/><D95/><U66/><E122/><V59/><F59/><RYUUKYOKU ba="0,1" sc="250,-10,250,-10,260,30,230,-10" hai2="17,20,25,26,29,34,41,46,48,49,98,101,107" /><INIT seed="2,1,1,1,4,109" ten="240,240,290,220" oya="2" hai0="29,44,74,122,56,118,125,64,116,52,104,31,80" hai1="101,20,40,7,96,53,59,78,10,98,90,68,89" hai2="38,37,121,4,103,15,60,61,105,84,9,25,1" hai3="0,28,88,27,114,24,134,71,99,70,87,85,46"/><V72/><F121/><W91/><G0/><T48/><D122/><U100/><E68/><V79/><F72/><W108/><G99/><T107/><D125/><U39/><E78/><V43/><F25/><W5/><G5/><T55/><D64/><U45/><E20/><V57/><F43/><W92/><G108/><T106/><D74/><U21/><E21/><V115/><F103/><W129/><G129/><T124/><D80/><U113/><E113/><V69/><F105/><W16/><G134/><T76/><D76/><U33/><E33/><V66/><F1/><W120/><G120/><T102/><D102/><U81/><E81/><V11/><F11/><W123/><G123/><T54/><D124/><U3/><E98/><V77/><F77/><W49/><G114/><T58/><D44/><U75/><E75/><V111/><F111/><W127/><G127/><T65/><D65/><U62/><REACH who="1" step="1"/><E101/><REACH who="1" ten="240,230,290,220" step="2"/><V12/><F115/><W112/><G112/><T8/><D8/><U50/><E50/><V83/><REACH who="2" step="1"/><F15/><REACH who="2" ten="240,230,280,220" step="2"/><W95/><G27/><T133/><D133/><U42/><E42/><V14/><F14/><W47/><G24/><T117/><D48/><U17/><E17/><V41/><F41/><W130/><G16/><T13/><D13/><U131/><E131/><V2/><F2/><W135/><G130/><T126/><D126/><U73/><E73/><V22/><F22/><W18/><G18/><T132/><D132/><U97/><E97/><V67/><AGARI ba="1,3" hai="4,9,12,37,38,57,60,61,66,67,69,79,83,84" machi="67" ten="20,3900,0" yaku="1,1,0,1,7,1,53,0" doraHai="109" doraHaiUra="32" who="2" fromWho="2" sc="240,-14,230,-14,280,72,220,-14" /><INIT seed="2,2,0,5,2,90" ten="226,216,352,206" oya="2" hai0="104,53,131,82,31,114,45,125,52,18,17,71,133" hai1="57,108,122,116,14,117,16,86,78,22,41,74,55" hai2="119,88,44,23,72,49,91,32,83,62,135,111,124" hai3="70,64,35,37,73,59,128,103,120,29,39,101,21"/><V109/><F119/><W7/><G35/><T28/><D104/><U95/><E108/><N who="2" m="41547" /><F32/><W69/><G73/><T51/><D71/><U97/><E74/><V80/><F135/><W100/><G7/><T8/><D133/><U93/><E41/><N who="2" m="24719" /><F124/><W123/><G128/><T34/><D131/><U113/><E113/><V81/><F72/><W58/><G21/><T65/><D114/><U94/><E122/><V76/><F76/><W132/><G29/><T12/><D125/><U127/><E127/><V3/><F3/><W130/><G130/><T75/><D34/><U67/><E67/><V92/><F23/><W66/><G103/><T36/><D65/><U5/><E5/><V0/><F0/><W42/><G42/><T13/><D36/><U48/><REACH who="1" step="1"/><E97/><REACH who="1" ten="226,206,352,206" step="2"/><N who="2" m="57479" /><F62/><W106/><G132/><T4/><D4/><U43/><E43/><V63/><F63/><W10/><G123/><T129/><D129/><U9/><E9/><V99/><F99/><W118/><G10/><T38/><D75/><U60/><E60/><V110/><F110/><W1/><G120/><T11/><D53/><U79/><E79/><V84/><AGARI ba="2,1" hai="80,81,83,84,91" m="57479,24719,41547" machi="84" ten="30,11700,0" yaku="14,1,10,1,52,1,54,1" doraHai="90" who="2" fromWho="2" sc="226,-41,206,-41,352,133,206,-41" /><INIT seed="2,3,0,3,2,72" ten="185,165,485,165" oya="2" hai0="91,56,113,124,10,96,12,4,109,36,60,70,31" hai1="118,30,28,15,76,40,67,74,89,11,6,110,50" hai2="51,125,122,123,48,64,13,98,18,111,53,73,79" hai3="26,134,23,106,61,5,82,52,21,102,86,121,132"/><V133/><F133/><N who="3" m="51307" /><G121/><T35/><D36/><U27/><E118/><V135/><F135/><W95/><G106/><T71/><D113/><U9/><E110/><V107/><F125/><W101/><G5/><T20/><D35/><U42/><E67/><V126/><F126/><W80/><G95/><T116/><D124/><U32/><E30/><V38/><F38/><W44/><G82/><T120/><D120/><U2/><E89/><V114/><F64/><W33/><G33/><T63/><D91/><U43/><E50/><V85/><F73/><W105/><G105/><T3/><D4/><U94/><E94/><V93/><F107/><W25/><G25/><T7/><D96/><U47/><E47/><V55/><F111/><W83/><G83/><T100/><D7/><U81/><REACH who="1" step="1"/><E9/><REACH who="1" ten="185,155,485,165" step="2"/><V131/><F122/><W75/><G44/><T58/><D10/><U127/><E127/><V68/><F123/><W29/><G29/><T24/><D31/><U69/><E69/><V41/><F68/><W66/><G66/><T22/><D71/><U90/><E90/><V92/><F93/><W34/><G102/><T14/><D100/><U87/><E87/><V103/><F48/><W99/><G75/><T62/><D70/><U128/><E128/><V59/><F131/><W77/><G101/><T117/><D109/><U115/><E115/><V104/><F114/><W16/><G99/><T45/><D45/><U119/><E119/><V78/><F104/><W130/><G130/><T65/><D65/><U46/><E46/><V37/><F103/><W112/><G112/><T0/><D62/><RYUUKYOKU ba="3,1" sc="185,15,155,15,485,-15,165,-15" hai0="0,3,12,14,20,22,24,56,58,60,63,116,117" hai1="2,6,11,15,27,28,32,40,42,43,74,76,81" /><INIT seed="3,4,1,1,0,113" ten="200,170,470,150" oya="3" hai0="39,28,53,44,110,42,20,125,72,4,80,15,98" hai1="49,9,1,103,32,57,132,51,117,61,7,10,96" hai2="133,18,67,101,109,6,122,93,46,5,30,62,121" hai3="84,11,60,124,102,108,48,36,37,70,89,126,92"/><W114/><G114/><T119/><D119/><U45/><E32/><V27/><F109/><W38/><G108/><T50/><D125/><N who="3" m="48233" /><G102/><T94/><D110/><U77/><E132/><V78/><F133/><W131/><G131/><T100/><D28/><U31/><E31/><V82/><F18/><W63/><G70/><T104/><D20/><U55/><E77/><V24/><F46/><W85/><G48/><T73/><D80/><U106/><E117/><V52/><F93/><W26/><G26/><T14/><D104/><U134/><E134/><V95/><F95/><W116/><G116/><T87/><D87/><N who="3" m="33353" /><G11/><T79/><D79/><U75/><E75/><V81/><F101/><W21/><G21/><T64/><D73/><U43/><REACH who="1" step="1"/><E10/><REACH who="1" ten="200,160,470,150" step="2"/><V105/><F78/><W111/><G111/><T99/><D72/><U8/><E8/><V127/><F127/><W128/><G128/><T71/><D100/><U86/><E86/><AGARI ba="4,2" hai="36,37,38,60,63,86,89,92" m="33353,48233" machi="86" ten="40,2000,0" yaku="18,1" doraHai="113" who="3" fromWho="1" sc="200,0,160,-32,470,0,150,52" /><INIT seed="3,5,0,1,3,106" ten="200,128,470,202" oya="3" hai0="0,65,16,71,58,1,68,112,92,97,66,67,26" hai1="98,79,89,73,120,78,60,100,10,29,81,70,124" hai2="94,90,5,74,72,12,59,36,118,23,33,45,63" hai3="69,8,110,35,131,43,22,46,104,75,62,116,41"/><W114/><G116/><T28/><D112/><U91/><E120/><V54/><F33/><W24/><G43/><T95/><D58/><U77/><E124/><V126/><F126/><W9/><G114/><T39/><D39/><U55/><E29/><V51/><F36/><W64/><G131/><T87/><D87/><U119/><E119/><V84/><F118/><W107/><G110/><T37/><D37/><U108/><E108/><V30/><F30/><W14/><G35/><T102/><D28/><U76/><E10/><V134/><F134/><W18/><G75/><T80/><D80/><U17/><E17/><V27/><F27/><W127/><G9/><T2/><D95/><U133/><E133/><V135/><F135/><W113/><G113/><T19/><REACH who="0" step="1"/><D26/><REACH who="0" ten="190,128,470,202" step="2"/><U32/><E32/><V121/><F121/><W129/><G127/><T130/><D130/><U88/><E70/><AGARI ba="5,1" hai="0,1,2,16,19,65,66,67,68,70,71,92,97,102" machi="70" ten="50,3200,0" yaku="1,1,54,1,53,0" doraHai="106" doraHaiUra="47" who="0" fromWho="1" sc="190,57,128,-47,470,0,202,0" /><INIT seed="4,0,0,4,3,19" ten="247,81,470,202" oya="0" hai0="60,16,39,90,102,37,53,13,98,85,130,132,86" hai1="65,119,27,68,20,83,42,111,23,107,117,80,134" hai2="40,87,63,66,38,67,0,18,76,3,75,133,135" hai3="8,12,50,70,59,125,56,7,14,15,36,25,122"/><T24/><D130/><U9/><E111/><V94/><F75/><W43/><G70/><T124/><D124/><U106/><E42/><V112/><F112/><W118/><G118/><T131/><D132/><N who="2" m="50762" /><F38/><W33/><G125/><T101/><D131/><U84/><E134/><V120/><F40/><W49/><G122/><T116/><D116/><U123/><E123/><V79/><F120/><W61/><G36/><T113/><D86/><U96/><E9/><V10/><F94/><W128/><G128/><T126/><D102/><U17/><E65/><V110/><F110/><W71/><G71/><T108/><D113/><U41/><E41/><V88/><F67/><W95/><G95/><T21/><D60/><U69/><E84/><V35/><F35/><W82/><G82/><T1/><D1/><U2/><E2/><V62/><F62/><W114/><G114/><T64/><D53/><U89/><E27/><V51/><F51/><W105/><G105/><T77/><D64/><U109/><E109/><V100/><F100/><W52/><G43/><T30/><D108/><U58/><E58/><V46/><F46/><W31/><G50/><T48/><D48/><U32/><E32/><V72/><F72/><W11/><G11/><N who="0" m="6207" /><D101/><U47/><E47/><V29/><F66/><AGARI ba="0,0" hai="7,8,12,14,15,25,31,33,49,52,56,59,61,66" machi="66" ten="30,2000,0" yaku="7,1,54,1" doraHai="19" who="3" fromWho="2" sc="247,0,81,0,470,-20,202,20" /><INIT seed="5,0,0,3,3,37" ten="247,81,450,222" oya="1" hai0="90,18,44,93,19,52,100,116,57,120,126,4,27" hai1="28,53,127,58,22,110,33,8,40,1,66,129,12" hai2="47,134,133,98,63,118,38,115,61,17,6,92,89" hai3="48,107,76,77,42,64,125,35,2,105,43,132,36"/><U121/><E121/><V10/><F118/><W82/><G35/><T54/><D116/><U109/><E129/><V80/><F17/><W99/><G2/><T30/><D126/><U83/><E127/><V88/><F115/><W72/><G125/><T87/><D4/><U91/><E66/><V113/><F113/><W45/><G132/><N who="2" m="50793" /><F47/><W49/><G64/><T79/><D120/><U41/><E1/><N who="2" m="335" /><F38/><W95/><G77/><T122/><D122/><U15/><E33/><V102/><F80/><W32/><G32/><T67/><D67/><U50/><E91/><AGARI ba="0,0" hai="61,63,88,89,91,92,98,102" m="335,50793" machi="91" ten="30,2000,0" yaku="20,1,54,1" doraHai="37" who="2" fromWho="1" sc="247,0,81,-20,450,20,222,0" /><INIT seed="6,0,0,3,2,124" ten="247,61,470,222" oya="2" hai0="52,0,66,30,13,28,135,64,84,26,100,65,105" hai1="88,86,71,128,15,55,1,91,68,125,53,90,18" hai2="54,118,51,41,80,126,17,123,47,79,8,103,101" hai3="74,121,110,109,37,72,50,102,99,43,42,20,32"/><V92/><F123/><W95/><G32/><T97/><D0/><U38/><E125/><V31/><F126/><W2/><G2/><T70/><D135/><U111/><E1/><V59/><F118/><W34/><G34/><N who="0" m="20759" /><D30/><U116/><E116/><V12/><F31/><W129/><G20/><T127/><D127/><U115/><E38/><V122/><F92/><W76/><G50/><T58/><D84/><U49/><E111/><V5/><F17/><W78/><G37/><T87/><D87/><U63/><E115/><V27/><F27/><W6/><G6/><T108/><D13/><U7/><E7/><V119/><F122/><W93/><G121/><T114/><D114/><U96/><E96/><V112/><F112/><W117/><G117/><T77/><D77/><U104/><E104/><V11/><F11/><W22/><G22/><T132/><D132/><U130/><E86/><N who="2" m="48415" /><F119/><W25/><G99/><T69/><D69/><N who="1" m="26699" /><E63/><AGARI ba="0,0" hai="5,8,12,41,47,51,54,59,63,101,103" m="48415" machi="63" ten="30,2900,0" yaku="25,1,8,1" doraHai="124" who="2" fromWho="1" sc="247,0,61,-29,470,29,222,0" /><INIT seed="6,1,0,0,2,17" ten="247,32,499,222" oya="2" hai0="68,66,132,101,49,128,122,53,55,5,108,116,57" hai1="76,131,41,114,84,46,89,12,54,85,36,4,65" hai2="62,134,70,125,73,126,22,28,119,14,98,61,35" hai3="20,92,13,88,56,118,90,19,31,82,93,39,78"/><V9/><F73/><W24/><G39/><T33/><D33/><U1/><E1/><V79/><F119/><W26/><G118/><T38/><D116/><U72/><E131/><V91/><F79/><W30/><G56/><T96/><D38/><U81/><E114/><V129/><F35/><W23/><G93/><T67/><D68/><U29/><E65/><V8/><F70/><W87/><G92/><N who="0" m="58503" /><D108/><U47/><E29/><V124/><F134/><W104/><G104/><T7/><D122/><U42/><E54/><V69/><F129/><W45/><G45/><N who="0" m="27823" /><D128/><U27/><E27/><N who="2" m="16503" /><F69/><W40/><G40/><T48/><D132/><U74/><E74/><V32/><F32/><AGARI ba="1,0" hai="13,19,20,23,24,26,30,31,32,78,82,87,88,90" machi="32" ten="30,7700,0" yaku="7,1,52,2,54,1" doraHai="17" who="3" fromWho="2" sc="247,0,32,0,499,-80,222,80" /><INIT seed="7,0,0,1,0,83" ten="247,32,419,302" oya="3" hai0="2,72,60,118,8,33,6,30,115,124,4,21,100" hai1="114,135,55,49,11,103,3,22,38,99,59,131,109" hai2="16,35,69,44,17,89,40,57,92,112,54,75,80" hai3="28,113,58,10,31,85,133,19,61,26,32,122,129"/><W125/><G122/><T91/><D72/><U43/><E43/><V121/><F69/><W12/><G129/><T104/><D118/><U41/><E41/><V101/><F35/><W70/><G113/><T77/><D77/><U29/><E22/><V123/><F112/><W23/><G125/><T86/><D124/><U68/><E29/><V66/><F66/><W97/><G133/><T24/><D115/><U132/><E11/><V63/><F101/><W106/><G70/><T78/><D78/><U71/><E99/><N who="2" m="57743" /><F80/><W20/><G106/><T130/><D130/><U47/><E103/><V111/><F75/><W95/><G31/><T127/><D127/><U53/><E114/><V46/><F46/><W1/><G1/><T52/><D6/><U65/><E3/><V48/><F111/><W50/><G50/><T73/><D73/><U107/><E107/><V98/><F98/><W13/><G13/><T67/><D100/><U116/><E116/><V51/><F51/><W5/><G97/><T37/><D104/><U82/><E82/><V93/><F93/><W56/><G56/><T15/><D37/><U74/><E74/><V39/><F39/><W27/><G32/><T42/><D33/><U126/><E131/><V119/><F119/><W120/><G120/><AGARI ba="0,0" hai="16,17,40,44,48,54,57,63,120,121,123" m="57743" machi="120" ten="30,2000,0" yaku="13,1,54,1" doraHai="83" who="2" fromWho="3" sc="247,0,32,0,419,20,302,-20" owari="247,-15.0,32,-47.0,439,54.0,282,8.0" /></mjloggm>