<mjloggm ver="2.3"><GO type="169" lobby="0"/><UN n0="%E3%83%A9%E3%83%94%E3%82%B9%E3%83%A9%E3%82%BA%E3%83%AA" n1="%6D%61%73%61%6B%69%30%37" n2="%E8%99%B9%E9%87%8E%E3%82%86%E3%82%81" n3="%E3%83%88%E3%83%88%E3%83%AA%E5%85%88%E7%94%9F%31%39%E6%AD%B3" dan="16,16,16,19" rate="2109.01,2156.37,2077.25,2355.04" sx="F,M,F,F"/><TAIKYOKU oya="0"/><INIT seed="0,0,0,2,1,25" ten="250,250,250,250" oya="0" hai0="46,68,0,126,58,13,2,19,82,66,106,102,21" hai1="29,43,73,116,6,133,111,104,48,59,114,61,35" hai2="37,54,34,121,85,63,23,76,88,4,122,65,67" hai3="56,135,110,91,14,50,79,134,98,17,92,99,118"/><T44/><D126/><U38/><E104/><V120/><F34/><W84/><G118/><T100/><D68/><U52/><E73/><V124/><F37/><W105/><G110/><T115/><D115/><U3/><E114/><V39/><F39/><W36/><G36/><T55/><D66/><U42/><E116/><V96/><F124/><W109/><G109/><T5/><D82/><U33/><E33/><V12/><F76/><W24/><G79/><T127/><D127/><U70/><E111/><V49/><F96/><W30/><G105/><T16/><D19/><U80/><E80/><V32/><F32/><W123/><G123/><T1/><D5/><U22/><E35/><V128/><F63/><W83/><G83/><T94/><D106/><U87/><E87/><V77/><F77/><W103/><G103/><T10/><D10/><U9/><E133/><N who="3" m="50698" /><G56/><T64/><D64/><U40/><E38/><V27/><F128/><W45/><G14/><T20/><D20/><U41/><N who="1" m="10240" /><DORA hai="132" /><U93/><E93/><V89/><F12/><W7/><G17/><T81/><D81/><U72/><E72/><V28/><F89/><W119/><G7/><T112/><D112/><U95/><E95/><N who="2" m="54671" /><F4/><W74/><G74/><T125/><D125/><U51/><REACH who="1" step="1"/><E70/><REACH who="1" ten="250,240,250,250" step="2"/><V113/><F113/><W60/><G84/><T53/><D94/><U108/><E108/><V101/><F121/><W78/><G119/><T131/><D100/><U69/><E69/><V26/><F101/><W130/><G78/><T15/><D102/><U31/><E31/><N who="2" m="17887" /><F122/><W86/><G98/><T11/><D0/><RYUUKYOKU ba="0,1" sc="250,-10,240,30,250,-10,250,-10" hai1="3,6,9,22,29,48,51,52,59,61" /><INIT seed="1,1,1,2,0,118" ten="240,270,240,240" oya="1" hai0="80,119,98,15,26,124,2,45,91,3,40,64,96" hai1="63,105,99,39,129,9,29,7,53,89,95,56,74" hai2="125,60,27,115,0,83,20,132,62,47,54,41,131" hai3="76,81,66,84,69,32,31,36,103,19,21,28,14"/><U112/><E39/><V108/><F0/><W121/><G121/><T17/><D119/><U135/><E112/><V52/><F115/><W109/><G36/><T113/><D113/><U122/><E74/><V11/><F11/><W93/><G109/><T25/><D124/><U72/><E72/><V37/><F108/><W59/><G69/><T67/><D3/><U73/><E73/><V8/><F8/><W94/><G32/><T133/><D2/><U1/><E129/><V51/><F125/><W50/><G103/><T87/><D133/><U90/><E105/><V22/><F132/><W92/><REACH who="3" step="1"/><G50/><REACH who="3" ten="240,270,240,230" step="2"/><N who="0" m="26919" /><D67/><U68/><E68/><V70/><F131/><W128/><G128/><T24/><D64/><U13/><E135/><V86/><F70/><W111/><G111/><T82/><D82/><U35/><E122/><V46/><F37/><W107/><G107/><T57/><D57/><U79/><E1/><V75/><F83/><W12/><G12/><T65/><D65/><U116/><E116/><V23/><F51/><W106/><G106/><T4/><D4/><U49/><E49/><V43/><F27/><W58/><G58/><T130/><D130/><U134/><E134/><V77/><F46/><W55/><G55/><T78/><D25/><U100/><E35/><V104/><F104/><W123/><G123/><T85/><D24/><U30/><REACH who="1" step="1"/><E79/><REACH who="1" ten="240,260,240,230" step="2"/><V61/><F77/><W18/><G18/><T42/><D78/><U110/><E110/><V10/><F47/><W5/><G5/><T114/><D17/><U34/><E34/><V6/><F6/><W117/><G117/><RYUUKYOKU ba="1,3" sc="240,-15,260,15,240,-15,230,15" hai1="7,9,13,29,30,53,56,63,89,90,95,99,100" hai3="14,19,21,28,31,59,66,76,81,84,92,93,94" /><INIT seed="1,2,3,0,4,117" ten="225,275,225,245" oya="1" hai0="92,42,104,23,128,95,103,93,71,108,69,35,89" hai1="132,80,61,36,30,14,66,58,113,133,52,16,18" hai2="59,123,20,73,77,33,27,37,82,76,129,50,9" hai3="125,96,47,107,49,62,56,38,85,121,53,94,90"/><U99/><E36/><V45/><F33/><W112/><G125/><T17/><D35/><U21/><E113/><V88/><F123/><W25/><G112/><T97/><D108/><U86/><E30/><V120/><F120/><W83/><G121/><T87/><D128/><U48/><E99/><V67/><F129/><W126/><G126/><T68/><REACH who="0" step="1"/><D42/><REACH who="0" ten="215,275,225,245" step="2"/><U116/><E116/><V39/><F39/><W4/><G38/><T24/><AGARI ba="2,4" hai="17,23,24,68,69,71,87,89,92,93,95,97,103,104" machi="24" ten="30,12000,2" yaku="1,1,2,1,0,1,53,3" doraHai="117" doraHaiUra="64" who="0" fromWho="0" sc="215,166,275,-62,225,-32,245,-32" /><INIT seed="2,0,0,4,5,48" ten="381,213,193,213" oya="2" hai0="59,40,47,8,31,88,27,132,30,93,55,43,0" hai1="92,80,127,100,104,7,121,135,46,69,81,91,13" hai2="84,87,94,97,66,113,116,110,25,89,130,131,49" hai3="6,106,90,63,101,38,70,108,122,5,123,45,15"/><V79/><F66/><W42/><G108/><T126/><D126/><U11/><E69/><V37/><F37/><W71/><G90/><T129/><D129/><N who="2" m="49162" /><F116/><W103/><G15/><T73/><D73/><U29/><E127/><V57/><F113/><W99/><G103/><T44/><D132/><U24/><E135/><V10/><F79/><W23/><G23/><N who="0" m="15743" /><D31/><U34/><E121/><V35/><F110/><W50/><G70/><T119/><D8/><U125/><E125/><V14/><F25/><W78/><G78/><T53/><D0/><U98/><REACH who="1" step="1"/><E46/><REACH who="1" ten="381,203,193,213" step="2"/><V133/><F133/><W74/><G123/><T77/><D47/><U56/><E56/><V12/><F35/><W21/><G122/><T76/><D44/><U111/><E111/><V2/><F57/><W28/><G71/><T64/><D59/><U109/><E109/><V118/><F118/><W52/><G45/><T18/><D119/><U114/><E114/><V17/><F49/><W68/><G50/><T41/><D64/><U95/><E95/><V105/><F105/><W51/><G68/><T102/><D93/><U85/><AGARI ba="0,1" hai="7,11,13,24,29,34,80,81,85,91,92,98,100,104" machi="85" ten="20,2700,0" yaku="1,1,0,1,7,1,53,0" doraHai="48" doraHaiUra="65" who="1" fromWho="1" sc="381,-7,203,37,193,-13,213,-7" /><INIT seed="3,0,0,3,5,124" ten="374,240,180,206" oya="3" hai0="4,66,1,3,54,39,20,99,18,75,0,78,59" hai1="8,114,38,71,115,76,81,31,44,48,56,118,103" hai2="102,58,53,122,52,6,30,51,108,22,86,98,42" hai3="119,82,36,128,96,120,107,10,123,25,80,126,63"/><W113/><G113/><T55/><D39/><U132/><E103/><V32/><F108/><W74/><G36/><T90/><D66/><U57/><E31/><V35/><F122/><W68/><G119/><T121/><D121/><U67/><E8/><V62/><F6/><W47/><G126/><T104/><D4/><U89/><E89/><V19/><F42/><W110/><G110/><T134/><D134/><U133/><E81/><N who="3" m="31338" /><G74/><T87/><D78/><U79/><E76/><V60/><F86/><W41/><G10/><T15/><D75/><U106/><E106/><V65/><F30/><W37/><G25/><T105/><D99/><U7/><E7/><V11/><F11/><W116/><G116/><T33/><D33/><U117/><E79/><V43/><F43/><W130/><G63/><T28/><D28/><U85/><E85/><V91/><F60/><W125/><G68/><T2/><D2/><U5/><E5/><V21/><F21/><W101/><G125/><T17/><D1/><U69/><E38/><V93/><F102/><W23/><G23/><T72/><D72/><U127/><E127/><V13/><REACH who="2" step="1"/><F53/><REACH who="2" ten="374,240,170,206" step="2"/><W46/><G123/><T92/><D54/><U95/><E67/><V9/><F9/><W61/><G120/><T24/><D0/><U100/><E100/><V26/><F26/><W14/><G61/><N who="0" m="36095" /><D3/><U16/><E118/><V49/><F49/><N who="3" m="26831" /><G14/><T109/><D109/><U70/><E117/><V77/><F77/><W34/><G34/><T50/><D50/><U73/><E48/><V40/><F40/><N who="3" m="22927" /><G101/><T94/><D15/><U12/><E12/><RYUUKYOKU ba="0,1" sc="374,-15,240,-15,170,15,206,15" hai2="13,19,22,32,35,51,52,58,62,65,91,93,98" hai3="96,107,128,130" /><INIT seed="3,1,1,0,4,9" ten="359,225,185,221" oya="3" hai0="121,3,111,117,13,133,105,33,85,72,16,80,122" hai1="96,106,123,84,39,135,1,69,107,34,108,27,40" hai2="4,53,21,98,5,91,54,11,104,126,31,82,119" hai3="49,24,2,110,66,47,38,37,93,36,109,14,26"/><W130/><G2/><T128/><RYUUKYOKU type="yao9" ba="1,1" sc="359,0,225,0,185,0,221,0" hai0="3,13,16,33,72,80,85,105,111,117,121,122,128,133" /><INIT seed="3,2,1,1,5,76" ten="359,225,185,221" oya="3" hai0="96,67,83,80,39,46,81,59,86,99,108,125,131" hai1="68,3,107,71,30,88,2,40,103,133,65,43,127" hai2="41,25,119,9,29,27,130,90,91,4,14,52,47" hai3="94,11,113,78,36,48,45,60,44,75,109,110,18"/><W37/><G113/><T111/><D125/><U10/><E127/><V72/><F119/><W82/><G94/><T102/><D131/><U54/><E30/><V100/><F130/><W128/><G128/><T77/><D39/><U6/><E103/><V12/><F72/><W84/><G75/><T74/><D46/><U116/><E107/><V114/><F114/><W134/><G134/><T50/><D96/><U38/><E116/><V5/><F100/><W117/><G117/><T121/><D121/><U16/><E133/><V56/><F47/><W97/><G97/><T42/><D42/><U0/><E54/><V23/><F41/><W95/><G95/><N who="0" m="58751" /><D74/><U73/><E73/><V69/><F69/><W123/><G60/><N who="0" m="38303" /><D50/><U104/><E104/><V66/><F27/><W17/><G123/><T126/><D126/><U33/><E33/><V51/><F66/><W28/><G44/><T35/><D35/><U89/><E65/><V129/><F129/><W57/><G57/><T61/><D61/><U106/><E106/><V13/><REACH who="2" step="1"/><F4/><REACH who="2" ten="359,225,175,221" step="2"/><W135/><G135/><T58/><D58/><U8/><E6/><V32/><F32/><W87/><G37/><T63/><D111/><U31/><E38/><V53/><F53/><N who="3" m="29839" /><G36/><T85/><D108/><N who="3" m="41577" /><G28/><T21/><D63/><U118/><E31/><V105/><F105/><W101/><G101/><T92/><D92/><U64/><E118/><V98/><F98/><W55/><G55/><T1/><D86/><U34/><E64/><V15/><AGARI ba="2,2" hai="5,9,12,13,14,15,23,25,29,51,52,56,90,91" machi="15" ten="30,7900,0" yaku="1,1,0,1,8,1,54,1,53,0" doraHai="76" doraHaiUra="132" who="2" fromWho="2" sc="359,-22,225,-22,175,105,221,-41" /><INIT seed="4,0,0,4,2,15" ten="337,203,280,180" oya="0" hai0="93,40,103,45,131,135,95,116,57,69,113,47,133" hai1="66,127,39,78,46,115,31,98,67,132,49,106,9" hai2="112,104,63,61,4,19,27,44,64,56,94,22,21" hai3="28,81,120,90,7,89,97,16,77,125,108,73,134"/><T82/><D116/><U117/><E117/><V71/><F104/><W24/><G108/><T59/><D113/><U100/><E39/><V62/><F112/><W42/><G134/><N who="0" m="51211" /><D69/><U51/><E115/><V18/><F4/><W43/><G125/><T92/><D131/><U129/><E129/><V33/><F33/><W123/><G7/><T6/><D6/><U29/><E78/><V121/><F121/><N who="3" m="46667" /><G28/><T50/><D82/><U36/><E36/><V10/><F10/><W37/><G97/><T118/><D118/><U35/><E132/><V80/><F80/><W119/><G119/><T1/><D1/><U99/><E9/><V30/><F30/><W85/><G37/><N who="0" m="21647" /><D103/><U91/><E100/><V70/><F70/><W105/><G105/><T34/><D34/><U17/><E106/><V79/><F94/><N who="3" m="54575" /><G90/><T122/><D122/><U88/><E35/><V26/><F71/><W124/><G124/><T13/><D13/><U83/><E83/><V11/><F79/><W53/><G53/><AGARI ba="0,0" hai="47,50,53,57,59,92,93,95" m="21647,51211" machi="53" ten="30,1500,0" yaku="20,1" doraHai="15" who="0" fromWho="3" sc="337,15,203,0,280,0,180,-15" /><INIT seed="4,1,0,2,5,15" ten="352,203,280,165" oya="0" hai0="118,56,13,10,11,111,32,30,115,14,96,87,60" hai1="3,74,58,82,37,28,53,34,36,40,35,101,17" hai2="19,84,110,106,27,7,102,90,83,94,117,38,18" hai3="129,64,4,124,12,23,127,76,29,97,22,59,48"/><T108/><D118/><U81/><E101/><V91/><F110/><N who="0" m="42026" /><D115/><U134/><E3/><V95/><F38/><W71/><G71/><T55/><D96/><U21/><E134/><V131/><F106/><W72/><G129/><T78/><D30/><U42/><E28/><V46/><F131/><W63/><G48/><T33/><D78/><U104/><E104/><V62/><F7/><W39/><G39/><T114/><D87/><U20/><E58/><V107/><F107/><W135/><G135/><T54/><D54/><U69/><E53/><V99/><F46/><W0/><G0/><T109/><D114/><U2/><E2/><V25/><F62/><W113/><G113/><T88/><D88/><U123/><E69/><V67/><F67/><W132/><G132/><T126/><D126/><N who="3" m="48169" /><G97/><T65/><D65/><U52/><E52/><V61/><F61/><W8/><G29/><T24/><D109/><U43/><E43/><V128/><F117/><W51/><G51/><T105/><D105/><U122/><REACH who="1" step="1"/><E74/><REACH who="1" ten="352,193,280,165" step="2"/><V73/><F73/><W57/><G57/><T121/><D56/><U130/><E130/><V16/><F128/><W6/><G6/><T77/><D60/><U79/><E79/><V89/><F102/><W5/><G5/><T120/><D77/><U49/><E49/><V45/><F45/><W93/><G72/><T9/><D120/><U116/><E116/><V98/><AGARI ba="1,1" hai="16,18,19,25,27,83,84,89,90,91,94,95,98,99" machi="98" ten="30,12000,2" yaku="0,1,9,1,8,1,52,3,54,1" doraHai="15" who="2" fromWho="2" sc="352,-61,193,-31,280,133,165,-31" /><INIT seed="5,0,0,0,5,101" ten="291,162,413,134" oya="1" hai0="38,20,57,116,45,98,31,48,37,134,93,1,89" hai1="87,104,9,114,128,29,117,71,85,18,105,56,72" hai2="5,6,86,69,130,21,112,123,46,63,65,79,129" hai3="42,121,126,83,55,82,70,80,51,59,8,107,0"/><U40/><E71/><V106/><F123/><W32/><G121/><T108/><D108/><U118/><E72/><V122/><F122/><W115/><G70/><T75/><D116/><U27/><E40/><V109/><F109/><W62/><G32/><T25/><D1/><U39/><E39/><V74/><F74/><W68/><G115/><T100/><D75/><U4/><E114/><V19/><F106/><W49/><G126/><T22/><D134/><U13/><E128/><N who="2" m="49259" /><F46/><W84/><G107/><T124/><D124/><U11/><E56/><V73/><F73/><W64/><G0/><T17/><D100/><U10/><E10/><V16/><F19/><W95/><G95/><T91/><D57/><U54/><E54/><V125/><F125/><W127/><G127/><T66/><D66/><U103/><E103/><V99/><F99/><W52/><G8/><T133/><D133/><U76/><E76/><V28/><F28/><W53/><REACH who="3" step="1"/><G84/><REACH who="3" ten="291,162,413,124" step="2"/><T58/><D93/><U34/><E85/><V61/><F112/><W26/><G26/><T35/><D25/><U132/><E87/><V47/><F86/><W110/><G110/><T50/><D35/><U92/><E92/><V97/><F69/><W3/><G3/><T90/><D22/><N who="1" m="11599" /><E132/><V77/><F77/><W33/><G33/><T111/><D111/><U102/><E11/><V30/><F79/><W113/><G113/><T12/><D20/><U67/><E102/><V96/><F21/><W15/><G15/><T94/><D94/><U60/><E117/><V41/><F96/><W43/><G43/><T135/><D98/><RYUUKYOKU ba="0,1" sc="291,-10,162,-10,413,-10,124,30" hai3="42,49,51,52,53,55,59,62,64,68,80,82,83" /><INIT seed="6,1,1,5,1,2" ten="281,152,403,154" oya="2" hai0="72,58,86,122,101,70,59,7,28,77,63,17,105" hai1="121,25,42,43,120,0,45,27,64,115,89,133,87" hai2="11,74,123,116,10,96,110,79,132,4,16,21,52" hai3="34,94,8,56,69,100,84,90,125,135,13,60,81"/><V124/><F116/><W95/><G34/><T44/><D72/><U3/><E64/><V113/><F123/><N who="1" m="47177" /><E115/><V14/><F124/><W66/><G125/><T24/><D44/><U118/><E118/><V37/><F37/><W85/><G135/><T1/><D17/><U61/><E61/><V62/><F132/><W83/><G69/><T51/><D51/><U31/><E133/><V109/><F96/><W117/><G117/><T41/><D41/><N who="1" m="15371" /><E45/><V5/><F52/><W78/><REACH who="3" step="1"/><G100/><REACH who="3" ten="281,152,403,144" step="2"/><T55/><D70/><U47/><E47/><V19/><F113/><W75/><G75/><T46/><D101/><U65/><E65/><V104/><F74/><W22/><G22/><T38/><D122/><U50/><E50/><V112/><F21/><W130/><G130/><T30/><D38/><U129/><E129/><V36/><F36/><W32/><G32/><T71/><D71/><U67/><E67/><V91/><F112/><W57/><G57/><T35/><D58/><U12/><E31/><V54/><F110/><W98/><G98/><T40/><D28/><U103/><E103/><V80/><F109/><W53/><G53/><T9/><D30/><U108/><E108/><V97/><F54/><W126/><G126/><T6/><D55/><U119/><E119/><V92/><F97/><W114/><G114/><T128/><D128/><U131/><E131/><V26/><F62/><W107/><G107/><T15/><D63/><U29/><E29/><V127/><F104/><W134/><G134/><T106/><D106/><U76/><E87/><N who="2" m="52351" /><F127/><W39/><G39/><T82/><D105/><RYUUKYOKU ba="1,2" sc="281,-10,152,-10,403,-10,144,30" hai3="8,13,56,60,66,78,81,83,84,85,90,94,95" /><INIT seed="7,2,2,5,0,88" ten="271,142,393,174" oya="3" hai0="23,106,73,125,104,133,131,85,111,114,54,116,128" hai1="120,22,56,63,80,62,61,55,8,39,41,45,81" hai2="10,98,121,34,48,132,102,15,122,113,17,72,92" hai3="1,40,44,35,100,36,76,2,37,53,66,115,12"/><W95/><G35/><T117/><D111/><U5/><E120/><N who="2" m="46187" /><F113/><W19/><G37/><T135/><D73/><U30/><E30/><V25/><F72/><W87/><G115/><T129/><D114/><U99/><E22/><V96/><F132/><N who="0" m="50762" /><D54/><U83/><REACH who="1" step="1"/><E99/><REACH who="1" ten="271,132,393,174" step="2"/><V118/><F96/><W24/><G24/><T33/><D23/><U64/><E64/><V79/><F118/><W14/><G66/><T127/><D33/><U110/><E110/><V9/><F48/><W93/><G36/><T51/><D117/><U28/><E28/><N who="2" m="19727" /><F79/><W94/><G76/><T71/><D116/><U86/><E86/><V130/><F130/><W126/><G87/><T134/><D134/><U16/><E16/><V43/><F43/><W101/><G19/><T18/><D18/><U68/><E68/><V46/><F46/><W70/><G70/><T124/><D71/><U84/><E84/><V7/><F7/><W90/><G40/><T50/><D85/><U109/><E109/><V74/><F74/><W47/><G47/><T75/><D75/><U3/><AGARI ba="2,3" hai="3,5,8,39,41,45,55,56,61,62,63,80,81,83" machi="3" ten="30,2000,0" yaku="1,1,0,1,53,0" doraHai="88" doraHaiUra="97" who="1" fromWho="1" sc="271,-7,132,56,393,-7,174,-12" owari="264,6.0,188,-21.0,386,49.0,162,-34.0" /></mjloggm>