<mjloggm ver="2.3"><GO type="169" lobby="0"/><UN n0="%6E%69%6A%69%68%75" n1="%E8%99%B9%E9%87%8E%E3%82%86%E3%82%81" n2="%E3%83%88%E3%83%88%E3%83%AA%E5%85%88%E7%94%9F%31%39%E6%AD%B3" n3="%E3%83%8F%E3%82%A4%E3%83%96%E3%83%AA%E3%83%83%E3%83%89%E6%89%93%E6%B3%95" dan="17,16,19,16" rate="2160.45,2083.41,2311.70,2114.36" sx="M,F,F,M"/><TAIKYOKU oya="0"/><INIT seed="0,0,0,1,1,105" ten="250,250,250,250" oya="0" hai0="13,110,2,71,117,14,42,3,0,56,7,18,72" hai1="61,36,64,57,87,32,106,53,108,83,20,68,127" hai2="85,34,70,5,28,75,58,48,43,118,51,95,134" hai3="93,129,88,62,17,37,19,81,1,67,4,29,12"/><T92/><D71/><U40/><E32/><V130/><F70/><W122/><G129/><T26/><D42/><U80/><E106/><V46/><F130/><W60/><G37/><T6/><D56/><U124/><E108/><V119/><F134/><W99/><G122/><T114/><D92/><U65/><E65/><V120/><F120/><W91/><G29/><T97/><D97/><U109/><E109/><V10/><F75/><W74/><G1/><T126/><D110/><U47/><E20/><V82/><F95/><W11/><G60/><T52/><D52/><U73/><E73/><V30/><F58/><N who="3" m="37335" /><G74/><T101/><D101/><U77/><REACH who="1" step="1"/><E83/><REACH who="1" ten="250,240,250,250" step="2"/><V113/><F34/><W94/><G81/><T89/><D72/><U104/><E104/><V131/><F131/><W86/><AGARI ba="0,1" hai="4,11,12,17,19,86,88,91,93,94,99" m="37335" machi="86" ten="30,2000,0" yaku="8,1,54,1" doraHai="105" who="3" fromWho="3" sc="250,-10,240,-5,250,-5,250,30" /><INIT seed="1,0,0,5,2,13" ten="240,235,245,280" oya="1" hai0="77,90,56,126,70,125,64,88,107,111,81,89,58" hai1="131,86,28,52,2,14,134,112,130,49,123,72,101" hai2="27,95,8,71,46,6,82,11,128,39,22,15,38" hai3="20,50,66,68,99,102,85,116,76,108,57,121,19"/><U119/><E112/><V69/><F128/><N who="1" m="49193" /><E119/><V124/><F124/><N who="0" m="47722" /><D111/><U43/><E123/><V32/><F32/><W37/><G116/><T31/><D107/><U110/><E2/><V93/><F82/><W83/><G108/><T5/><D5/><U103/><E110/><V133/><F133/><W3/><G3/><T97/><D97/><U80/><E134/><V84/><F11/><W9/><G37/><T1/><D1/><U67/><E67/><V73/><F73/><W18/><G68/><T29/><D70/><U113/><E113/><V17/><F39/><W35/><G35/><T78/><D78/><U25/><E14/><V106/><F106/><W114/><G114/><T42/><D42/><U129/><E72/><V59/><F69/><W94/><G121/><T115/><D115/><U132/><E43/><V117/><F71/><W104/><G9/><T92/><D64/><U33/><E132/><V40/><F117/><W65/><G104/><T87/><D92/><U63/><E63/><V4/><F4/><W10/><G10/><T62/><D62/><U26/><E26/><V109/><F109/><W45/><G65/><T12/><D12/><U0/><E0/><V79/><F79/><W54/><G20/><T51/><D51/><U75/><E75/><V30/><F6/><W61/><AGARI ba="0,0" hai="18,19,45,50,54,57,61,66,76,83,85,94,99,102" machi="61" ten="30,7900,0" yaku="0,1,8,1,52,2" doraHai="13" who="3" fromWho="3" sc="240,-20,235,-39,245,-20,280,79" /><INIT seed="2,0,0,5,0,94" ten="220,196,225,359" oya="2" hai0="70,116,88,63,118,117,28,10,110,64,14,17,41" hai1="104,82,16,3,101,22,89,18,57,39,87,55,69" hai2="23,126,26,29,120,130,35,113,105,124,66,97,47" hai3="86,75,72,91,46,123,31,60,49,4,109,51,128"/><V107/><F113/><W121/><G109/><T9/><D110/><U135/><E3/><V37/><F120/><W127/><G127/><N who="2" m="48681" /><F130/><W52/><G4/><T8/><D41/><U50/><E135/><V1/><F1/><W0/><G0/><T74/><D74/><U102/><E39/><V77/><F77/><W122/><G128/><T53/><D28/><U83/><E69/><V111/><F111/><W129/><G31/><T115/><D115/><U48/><E104/><V106/><F66/><W33/><G33/><T134/><D134/><U34/><E34/><V95/><F23/><W133/><G129/><T24/><D24/><U93/><E48/><V100/><F95/><W58/><G133/><T90/><REACH who="0" step="1"/><D53/><REACH who="0" ten="210,196,225,359" step="2"/><U19/><REACH who="1" step="1"/><E22/><AGARI ba="0,1" hai="8,9,10,14,17,22,63,64,70,88,90,116,117,118" machi="22" ten="50,8000,1" yaku="1,1,2,1,12,1,54,1,53,0" doraHai="94" doraHaiUra="43" who="0" fromWho="1" sc="210,90,196,-80,225,0,359,0" /><INIT seed="3,0,0,0,0,57" ten="300,116,225,359" oya="3" hai0="121,81,6,109,1,19,59,54,85,135,107,102,27" hai1="126,130,15,58,0,93,65,129,22,87,72,8,17" hai2="68,45,40,10,123,41,25,29,92,28,98,13,77" hai3="97,61,111,4,71,80,100,37,49,31,62,23,76"/><W73/><G37/><T74/><D121/><U90/><E72/><V2/><F2/><W60/><G4/><T86/><D135/><U5/><REACH who="1" step="1"/><E126/><REACH who="1" ten="300,106,225,359" step="2"/><V50/><F123/><W110/><G71/><T132/><D74/><U115/><E115/><V39/><F68/><W43/><G31/><T52/><D132/><U127/><E127/><V82/><F29/><W38/><G38/><T35/><D109/><N who="3" m="41481" /><G23/><T20/><D20/><U36/><E36/><V96/><F39/><W125/><G125/><T84/><D35/><U105/><E105/><V106/><F106/><N who="3" m="63759" /><G43/><T101/><D107/><U95/><E95/><V44/><F92/><W91/><G91/><T3/><D81/><U124/><E124/><V14/><F82/><W34/><G34/><T75/><D75/><U128/><E128/><V56/><F28/><W46/><G46/><T47/><D47/><U116/><E116/><V120/><F120/><W83/><G83/><T7/><D101/><U63/><AGARI ba="0,1" hai="0,5,8,15,17,22,58,63,65,87,90,93,129,130" machi="63" ten="30,4000,0" yaku="1,1,0,1,52,1,53,0" doraHai="57" doraHaiUra="114" who="1" fromWho="1" sc="300,-10,106,50,225,-10,359,-20" /><INIT seed="4,0,0,2,5,77" ten="290,156,215,339" oya="0" hai0="49,107,2,84,51,32,42,27,66,44,53,127,128" hai1="119,75,130,41,25,71,61,6,69,8,99,37,112" hai2="56,12,50,43,59,108,36,92,35,18,9,15,94" hai3="86,13,122,1,60,96,82,57,134,103,97,78,72"/><T47/><D107/><U132/><E119/><V105/><F108/><W14/><G122/><T74/><D74/><U106/><E75/><V46/><F35/><W21/><G1/><T76/><D2/><U40/><E132/><V20/><F105/><W135/><G72/><T54/><D128/><U111/><E111/><V133/><F133/><N who="3" m="50699" /><G21/><T28/><D127/><U16/><E130/><V3/><F3/><W110/><G110/><T4/><D4/><U81/><E81/><V123/><F123/><W109/><G96/><T17/><D66/><U98/><E112/><V118/><F118/><W33/><G33/><T55/><REACH who="0" step="1"/><D17/><REACH who="0" ten="280,156,215,339" step="2"/><U68/><E16/><N who="2" m="10271" /><F36/><W113/><G109/><T39/><D39/><U117/><E37/><V65/><F65/><N who="3" m="39055" /><G113/><T80/><AGARI ba="0,1" hai="27,28,32,42,44,47,49,51,53,54,55,76,80,84" machi="80" ten="30,6000,0" yaku="1,1,0,1,52,1,53,0" doraHai="77" doraHaiUra="125" who="0" fromWho="0" sc="280,70,156,-20,215,-20,339,-20" /><INIT seed="4,1,0,5,2,83" ten="350,136,195,319" oya="0" hai0="85,60,116,96,45,43,49,69,55,48,61,74,132" hai1="51,118,38,82,50,63,119,73,46,13,34,113,4" hai2="18,62,70,92,95,6,27,109,129,103,88,79,28" hai3="78,44,26,35,59,8,21,23,80,76,37,24,84"/><T127/><D74/><U101/><E34/><V40/><F109/><W72/><G8/><T16/><D116/><U39/><E101/><V33/><F129/><W81/><G37/><T42/><D132/><U111/><E111/><V71/><F79/><W135/><G44/><T100/><D127/><U115/><E63/><V126/><F126/><W2/><G2/><T10/><D69/><U5/><E73/><V52/><F40/><W19/><G35/><T29/><D29/><U112/><E82/><V102/><F6/><N who="1" m="2665" /><E13/><V117/><F117/><N who="1" m="44553" /><E46/><V22/><F95/><W0/><G0/><T30/><D30/><U15/><E15/><V94/><F92/><W90/><G78/><T124/><D124/><U75/><E75/><V58/><F70/><W89/><G135/><T131/><D100/><U93/><E93/><V56/><F71/><W87/><G72/><T64/><D45/><U20/><E20/><N who="2" m="15463" /><F58/><W77/><G59/><T114/><D42/><U7/><N who="1" m="2673" /><U120/><DORA hai="3" /><E120/><V128/><F33/><W107/><G107/><T41/><D41/><U54/><E54/><V12/><F128/><W65/><G65/><T31/><D64/><U122/><E122/><V32/><F32/><W98/><G98/><AGARI ba="1,0" hai="12,18,22,52,56,62,88,94,98,102,103" m="15463" machi="98" ten="30,3900,0" yaku="8,1,54,2" doraHai="83,3" who="2" fromWho="3" sc="350,0,136,0,195,42,319,-42" /><INIT seed="5,0,0,5,2,3" ten="350,136,237,277" oya="1" hai0="0,6,28,112,27,90,115,36,73,41,49,52,20" hai1="23,35,93,61,101,88,7,26,113,99,21,43,72" hai2="53,29,11,64,56,39,5,131,74,80,132,10,85" hai3="55,66,124,82,22,62,123,122,59,12,125,18,32"/><U16/><E113/><N who="0" m="43593" /><D73/><U89/><E72/><V67/><F39/><W1/><G32/><T24/><D24/><U76/><E76/><V14/><F74/><W92/><G1/><T60/><D60/><U33/><E33/><V38/><F38/><W37/><G37/><T42/><D36/><U86/><E35/><V8/><F131/><W34/><G34/><T109/><D109/><U63/><E43/><V4/><F29/><W114/><G114/><T106/><D106/><U127/><E127/><N who="3" m="48714" /><G82/><T103/><D103/><U78/><E21/><V13/><F8/><W40/><G40/><T119/><D119/><U68/><E68/><V100/><F100/><W133/><G133/><T75/><D75/><U110/><E110/><V30/><F30/><W98/><G66/><T15/><D90/><AGARI ba="0,0" hai="12,18,22,55,59,62,90,92,98,122,123" m="48714" machi="90" ten="30,1000,0" yaku="18,1" doraHai="3" who="3" fromWho="0" sc="350,-10,136,0,237,0,277,10" /><INIT seed="6,0,0,0,0,32" ten="340,136,237,287" oya="2" hai0="17,19,123,41,47,83,94,18,50,64,132,24,20" hai1="57,95,101,130,76,127,104,40,52,89,15,126,122" hai2="92,6,9,60,98,117,43,84,74,68,87,82,39" hai3="26,23,12,81,44,77,124,78,10,14,118,0,63"/><V62/><F117/><W13/><G118/><T135/><D123/><U16/><E130/><V31/><F31/><W79/><G124/><T42/><D64/><U128/><E128/><V109/><F109/><W99/><G99/><T129/><D129/><U102/><E40/><V5/><F5/><W108/><G108/><T106/><D106/><U125/><E76/><V25/><F25/><W56/><G44/><T96/><D83/><U51/><E104/><V34/><F34/><W116/><G116/><T2/><D2/><U120/><E120/><V91/><F74/><W69/><G69/><T7/><D7/><U114/><E114/><V53/><F68/><W112/><G112/><T11/><D41/><U61/><E61/><V28/><F28/><W27/><G81/><T37/><D37/><U103/><E122/><V90/><F43/><W48/><G0/><T46/><D46/><U100/><N who="1" m="25600" /><DORA hai="75" /><U97/><REACH who="1" step="1"/><E127/><REACH who="1" ten="340,126,237,287" step="2"/><V36/><F60/><W30/><G63/><T66/><D42/><U119/><E119/><V58/><REACH who="2" step="1"/><F84/><REACH who="2" ten="340,126,227,287" step="2"/><W113/><G113/><T107/><D107/><U1/><E1/><AGARI ba="0,2" hai="1,6,9,36,39,53,58,62,82,87,90,91,92,98" machi="1" ten="30,11600,0" yaku="1,1,2,1,7,1,52,1,53,0" doraHai="32,75" doraHaiUra="29,8" who="2" fromWho="1" sc="340,0,126,-116,227,136,287,0" /><INIT seed="6,1,0,1,3,79" ten="340,10,363,287" oya="2" hai0="99,21,105,12,120,67,106,64,70,36,19,92,8" hai1="113,25,9,7,1,75,66,47,29,73,95,26,84" hai2="13,39,127,28,126,4,134,17,41,114,30,72,23" hai3="112,46,118,2,103,83,102,91,3,89,124,53,78"/><V38/><F72/><W135/><G118/><T115/><D120/><U94/><E113/><V42/><F114/><W130/><G112/><T116/><D115/><U52/><E66/><V122/><F122/><W82/><G124/><N who="2" m="47657" /><F134/><W45/><G78/><T87/><D116/><U93/><E84/><V107/><F107/><W131/><REACH who="3" step="1"/><G53/><REACH who="3" ten="340,10,363,277" step="2"/><T15/><D67/><U11/><E11/><N who="2" m="4327" /><F41/><W22/><G22/><T90/><D36/><N who="2" m="13866" /><F42/><W63/><G63/><T59/><D70/><U57/><E47/><V51/><F51/><W108/><G108/><T111/><D111/><U96/><E96/><V109/><F109/><W58/><G58/><T129/><D129/><U77/><E77/><V117/><F117/><W20/><G20/><T98/><D105/><U76/><E76/><V128/><F128/><W10/><G10/><T61/><REACH who="0" step="1"/><D106/><REACH who="0" ten="330,10,363,277" step="2"/><U71/><E71/><V33/><F33/><W32/><G32/><T74/><D74/><U5/><E75/><V85/><F85/><W34/><G34/><T88/><D88/><U40/><E73/><V55/><F55/><W48/><G48/><T125/><D125/><U86/><E86/><V68/><F68/><W132/><AGARI ba="1,2" hai="2,3,45,46,82,83,89,91,102,103,130,131,132,135" machi="132" ten="25,12000,2" yaku="1,1,0,1,22,2,52,2,53,0" doraHai="79" doraHaiUra="54" who="3" fromWho="3" sc="330,-31,10,-31,363,-61,277,143" owari="299,-10.0,-21,-52.0,302,10.0,420,52.0" /></mjloggm>