<mjloggm ver="2.3"><GO type="169" lobby="0"/><UN n0="%68%61%79%61%74%6F%E2%98%86" n1="%E3%80%8C%E5%86%86%E3%80%8D" n2="%E3%83%88%E3%83%88%E3%83%AA%E5%85%88%E7%94%9F%31%39%E6%AD%B3" n3="%E3%83%97%E3%83%AD%E3%83%86%E3%82%A4%E3%83%B3%E5%BE%97%E7%9B%9B" dan="16,19,19,16" rate="2100.11,2320.64,2316.18,2164.17" sx="M,M,F,M"/><TAIKYOKU oya="0"/><INIT seed="0,0,0,0,3,113" ten="250,250,250,250" oya="0" hai0="17,38,50,109,79,103,18,85,131,43,29,12,95" hai1="101,128,40,135,15,76,65,110,69,83,70,114,45" hai2="124,32,67,64,36,102,120,6,16,33,22,117,122" hai3="130,133,134,4,34,98,132,1,14,42,31,60,100"/><T13/><D38/><U127/><E110/><V91/><F36/><W66/><G42/><T104/><D104/><U71/><E127/><V53/><F124/><W74/><G14/><T108/><D29/><U68/><E114/><V52/><F102/><W44/><G44/><T63/><D131/><U112/><E112/><V24/><F6/><W9/><G74/><T48/><D63/><U81/><E128/><V56/><F117/><W19/><G19/><T30/><D30/><U92/><E135/><V46/><F46/><W121/><G130/><T73/><D73/><U26/><E26/><V94/><F67/><W96/><G121/><T49/><D43/><U90/><E101/><V21/><F21/><W23/><G23/><T25/><D25/><U39/><E15/><V118/><F64/><W54/><G54/><T0/><D0/><U10/><E10/><V5/><F53/><W107/><G96/><N who="0" m="59807" /><D13/><U89/><E89/><V27/><F118/><W99/><G99/><T119/><D119/><U126/><E126/><V58/><F27/><N who="3" m="18815" /><G133/><T57/><D57/><U41/><E41/><V28/><F56/><W93/><G93/><T3/><D3/><U80/><N who="1" m="17408" /><DORA hai="8" /><U62/><E65/><V47/><F47/><W105/><G105/><T35/><D35/><N who="2" m="13386" /><F28/><W37/><G37/><T84/><D79/><U125/><E125/><V11/><F58/><N who="3" m="37143" /><G134/><T20/><D18/><U51/><E62/><V78/><F52/><W2/><G132/><T61/><D61/><U87/><REACH who="1" step="1"/><E39/><REACH who="1" ten="250,240,250,250" step="2"/><V115/><F115/><W88/><G1/><T111/><AGARI ba="0,1" hai="12,17,20,48,49,50,84,85,108,109,111" m="59807" machi="111" ten="40,7800,0" yaku="14,1,10,1,52,1" doraHai="113,8" who="0" fromWho="0" sc="250,88,240,-26,250,-26,250,-26" /><INIT seed="0,1,0,3,0,21" ten="338,214,224,224" oya="0" hai0="39,47,17,45,81,113,20,3,62,67,42,124,123" hai1="51,32,14,94,24,120,121,70,77,52,76,13,129" hai2="126,25,33,134,87,53,15,27,30,131,100,117,18" hai3="60,99,71,86,75,114,29,128,93,8,72,122,107"/><T44/><D113/><U61/><E129/><V125/><F131/><W91/><G114/><T56/><D124/><N who="2" m="47722" /><F134/><W16/><G128/><T69/><D3/><U97/><E77/><V46/><F117/><W59/><G71/><T130/><D123/><U10/><E76/><V23/><F100/><W50/><G122/><T43/><D130/><U133/><E133/><V57/><F87/><W79/><G50/><T64/><D64/><U115/><E115/><V40/><F15/><W74/><G29/><T92/><D81/><U85/><E85/><V116/><F116/><W55/><G107/><T95/><D69/><U22/><E32/><V12/><F12/><W108/><G108/><T28/><D28/><U106/><E106/><V65/><F65/><W110/><G110/><T37/><REACH who="0" step="1"/><D47/><REACH who="0" ten="328,214,224,224" step="2"/><N who="1" m="27775" /><E121/><V102/><F30/><W73/><G73/><T82/><D82/><U103/><E120/><V112/><F112/><W132/><G132/><T88/><D88/><U19/><E70/><V9/><F46/><W6/><G79/><T38/><D38/><U135/><E135/><V1/><F1/><N who="3" m="79" /><G75/><T4/><D4/><N who="1" m="3271" /><E61/><V26/><F102/><N who="3" m="60783" /><G74/><T41/><D41/><U118/><E118/><V7/><F40/><W119/><G72/><T105/><D105/><U84/><E84/><V89/><F89/><W78/><G78/><T96/><D96/><U111/><E111/><V34/><F34/><W36/><G36/><T66/><D66/><U11/><E11/><V127/><F33/><W2/><G119/><T31/><D31/><U0/><E0/><N who="2" m="231" /><F127/><W90/><G2/><T83/><D83/><RYUUKYOKU ba="1,1" sc="328,10,214,10,224,10,224,-30" hai0="17,20,37,39,42,43,44,45,56,62,67,92,95" hai1="14,19,22,24,94,97,103" hai2="18,23,25,26,27,53,57" /><INIT seed="0,2,1,5,4,67" ten="338,224,234,194" oya="0" hai0="62,133,122,32,106,78,113,27,88,102,63,25,79" hai1="21,100,125,65,17,105,76,47,29,72,98,94,52" hai2="3,11,2,34,131,39,132,5,28,129,82,7,114" hai3="53,116,46,48,95,117,55,26,111,19,18,120,9"/><T51/><D122/><U30/><E125/><V128/><F39/><W109/><G120/><T10/><D113/><U92/><E105/><V8/><F82/><W31/><G95/><T64/><D63/><U86/><E72/><V54/><F54/><W37/><G37/><T107/><D133/><U22/><E65/><V57/><F57/><W20/><G53/><T0/><D106/><U80/><E94/><V96/><F96/><W49/><G49/><T58/><D51/><N who="1" m="28799" /><E21/><V74/><F74/><W43/><G55/><T59/><D59/><U41/><E41/><V1/><F132/><W89/><G89/><T104/><D104/><U126/><E126/><V33/><F114/><W38/><G38/><T115/><D115/><U75/><E75/><V124/><F124/><W84/><G84/><T23/><D32/><N who="2" m="12394" /><F28/><W101/><G101/><T13/><D102/><U130/><E130/><V40/><F40/><W118/><REACH who="3" step="1"/><G9/><AGARI ba="2,1" hai="1,2,3,5,7,8,9,11,128,129,131" m="12394" machi="9" ten="50,8000,1" yaku="28,2,19,1,34,2" doraHai="67" who="2" fromWho="3" sc="338,0,224,0,234,96,194,-86" /><INIT seed="1,0,0,3,1,71" ten="338,224,330,108" oya="1" hai0="18,131,53,1,11,55,81,19,115,46,132,24,50" hai1="83,118,70,85,86,28,6,65,45,12,47,13,82" hai2="91,94,52,96,7,42,123,49,57,124,60,105,32" hai3="23,119,128,88,8,127,95,134,36,78,51,122,25"/><U75/><E75/><V72/><F123/><W68/><G68/><T103/><D115/><U30/><E70/><V87/><F72/><W121/><G78/><T93/><D131/><U125/><E6/><V114/><F32/><W97/><G128/><T116/><D116/><U20/><E20/><V113/><F124/><W31/><G127/><T34/><D81/><U17/><E125/><V16/><F7/><W5/><G119/><T22/><D34/><U77/><E118/><V48/><F105/><W43/><G51/><T44/><D132/><U135/><E135/><V99/><F48/><W126/><G126/><T69/><D69/><U133/><E133/><V66/><F42/><W54/><G54/><T41/><D46/><N who="1" m="17419" /><E65/><V39/><F39/><W104/><G104/><T38/><D38/><U35/><E35/><V2/><F2/><W107/><G107/><T40/><D40/><U111/><E111/><V76/><F76/><W15/><REACH who="3" step="1"/><G134/><REACH who="3" ten="338,224,330,98" step="2"/><T100/><D55/><U112/><E77/><V74/><F74/><W106/><G106/><T120/><D53/><U10/><E112/><N who="2" m="43115" /><F66/><W37/><G37/><T110/><D50/><U3/><E82/><V27/><F49/><W26/><G26/><T21/><D24/><U129/><E83/><V98/><F27/><W59/><G59/><T63/><D41/><U64/><E129/><V67/><F67/><W117/><G117/><T73/><D73/><U102/><E64/><V9/><F87/><W29/><G29/><T79/><D79/><U90/><E86/><V84/><F84/><W0/><G0/><T130/><D1/><RYUUKYOKU ba="0,1" sc="338,-15,224,-15,330,15,98,15" hai2="9,16,52,57,60,91,94,96,98,99" hai3="5,8,15,23,25,31,36,43,88,95,97,121,122" /><INIT seed="2,1,1,0,4,29" ten="323,209,345,113" oya="2" hai0="101,42,126,50,130,112,56,25,74,73,32,24,15" hai1="61,116,68,35,14,83,63,30,44,58,65,109,97" hai2="12,31,133,64,107,79,48,37,127,129,85,102,71" hai3="10,3,95,47,87,132,96,72,55,84,81,128,57"/><V40/><F129/><W26/><G128/><T89/><D112/><U78/><E116/><V123/><F123/><W76/><G132/><T22/><D101/><U120/><E120/><V94/><F133/><W0/><G47/><T104/><D104/><U122/><E122/><V67/><F37/><W18/><G3/><T45/><D126/><U7/><E109/><V5/><F127/><W105/><G105/><T49/><D15/><U8/><E44/><V54/><F40/><W124/><G124/><T108/><D108/><U82/><E97/><V38/><F38/><W131/><G131/><T13/><D13/><U17/><E17/><V2/><F2/><W75/><G75/><T117/><D117/><U1/><E14/><V119/><F119/><W9/><G84/><T51/><D89/><U115/><E115/><V103/><F107/><W34/><G72/><T99/><D99/><U39/><E39/><V53/><F31/><W111/><G0/><T121/><D130/><U21/><E21/><V62/><F67/><W92/><G92/><T90/><D74/><U91/><E91/><N who="2" m="53615" /><F79/><W114/><G111/><T69/><D73/><U59/><E78/><V86/><F86/><W20/><G34/><T125/><D32/><U23/><E23/><V27/><F27/><W113/><G113/><T135/><D135/><U110/><E110/><V16/><F5/><W19/><G19/><T100/><D121/><U77/><E77/><V11/><F48/><N who="3" m="30951" /><G114/><T60/><D125/><U36/><E36/><V93/><F103/><AGARI ba="1,1" hai="9,10,18,20,26,76,81,87,95,96,103" m="30951" machi="103" ten="30,1000,0" yaku="8,1" doraHai="29" who="3" fromWho="2" sc="323,0,209,0,345,-13,113,23" /><INIT seed="3,0,0,5,2,56" ten="323,209,332,136" oya="3" hai0="16,65,115,45,78,111,55,39,48,87,24,44,23" hai1="13,51,52,134,93,117,106,110,8,38,37,2,109" hai2="19,108,67,135,112,127,100,18,59,17,126,132,50" hai3="123,105,25,88,46,43,21,15,62,114,129,7,80"/><W75/><G105/><T12/><D115/><U95/><E2/><V119/><F112/><W122/><G114/><T6/><D111/><N who="1" m="42507" /><E106/><V66/><F108/><W104/><G104/><T68/><D39/><N who="1" m="14859" /><E134/><N who="2" m="51243" /><F100/><W73/><G129/><T26/><D6/><N who="1" m="3223" /><E117/><V69/><F119/><W14/><G123/><T85/><D78/><U133/><E133/><V94/><F94/><W128/><G122/><T40/><D26/><U47/><AGARI ba="0,0" hai="47,51,52,93,95" m="3223,14859,42507" machi="47" ten="30,2000,0" yaku="14,1,54,1" doraHai="56" who="1" fromWho="1" sc="323,-5,209,20,332,-5,136,-10" /><INIT seed="4,0,0,3,0,9" ten="318,229,327,126" oya="0" hai0="35,131,23,126,22,33,120,97,73,129,102,60,13" hai1="49,48,110,127,75,134,28,16,114,26,47,108,24" hai2="51,133,101,93,39,14,79,57,40,88,64,104,11" hai3="62,45,4,117,52,27,130,74,89,7,119,115,118"/><T15/><D73/><U25/><E75/><V1/><F1/><W99/><G74/><T69/><D120/><U87/><E134/><V84/><F133/><W107/><G115/><T10/><D126/><U112/><E127/><V46/><F104/><W41/><G130/><N who="0" m="49675" /><D10/><U122/><E122/><V78/><F101/><W50/><G27/><T61/><D23/><U66/><E66/><V43/><F43/><W123/><G123/><T5/><D22/><U63/><E63/><N who="0" m="24137" /><D5/><U125/><E125/><V12/><F64/><W90/><G90/><T44/><D44/><U106/><E106/><V96/><F12/><N who="0" m="4682" /><D69/><U65/><E26/><V67/><F67/><W59/><REACH who="3" step="1"/><G89/><REACH who="3" ten="318,229,327,116" step="2"/><T17/><D17/><U121/><E16/><V132/><F132/><W38/><G38/><T37/><D37/><U72/><E24/><V76/><F39/><W81/><G81/><T105/><AGARI ba="0,1" hai="33,35,97,102,105" m="4682,24137,49675" machi="105" ten="30,11700,0" yaku="19,1,52,3" doraHai="9" who="0" fromWho="0" sc="318,127,229,-39,327,-39,116,-39" /><INIT seed="4,1,0,4,2,134" ten="445,190,288,77" oya="0" hai0="50,88,60,18,106,4,92,104,119,26,59,58,41" hai1="99,53,76,69,6,135,29,78,32,3,13,85,31" hai2="43,79,81,55,122,107,20,10,68,22,111,51,67" hai3="21,66,131,25,62,132,2,113,36,129,93,74,115"/><T114/><D114/><N who="3" m="43529" /><G74/><T38/><D38/><U34/><E69/><V123/><F111/><W40/><G2/><T42/><D4/><U52/><E99/><V64/><F107/><W12/><G12/><T14/><D26/><U130/><E13/><V54/><F43/><W8/><G8/><T5/><D5/><U77/><E85/><V125/><F125/><W0/><G0/><T48/><D119/><U127/><E135/><V65/><F68/><N who="3" m="42071" /><G132/><T19/><D92/><U110/><E110/><V117/><F117/><W17/><G93/><T87/><D87/><U63/><E63/><V94/><F10/><W16/><G17/><T7/><D60/><U73/><E6/><V15/><F94/><W120/><G120/><T90/><D7/><U72/><E3/><V30/><F30/><N who="1" m="11273" /><E127/><V96/><F96/><W98/><G98/><T57/><D57/><U118/><E118/><V71/><F71/><W44/><AGARI ba="1,0" hai="16,21,25,36,40,44,129,131" m="42071,43529" machi="44" ten="30,2000,0" yaku="15,1,54,1" doraHai="134" who="3" fromWho="3" sc="445,-11,190,-6,288,-6,77,23" /><INIT seed="5,0,0,5,3,101" ten="434,184,282,100" oya="1" hai0="16,111,30,134,47,38,132,130,12,66,60,135,92" hai1="131,65,78,97,108,118,59,70,0,90,48,40,127" hai2="80,27,82,115,29,61,87,18,19,98,85,56,120" hai3="37,75,84,91,42,28,5,106,23,32,21,22,96"/><U35/><E35/><V25/><F120/><W44/><G75/><T122/><D111/><U46/><E0/><V119/><F119/><W124/><G124/><T109/><D109/><U104/><E108/><V8/><F115/><W55/><G5/><T15/><D30/><U110/><E110/><V128/><F128/><W71/><G71/><T58/><D130/><U45/><E131/><V117/><F117/><W10/><G10/><T11/><D122/><U6/><E6/><V88/><F98/><W36/><G55/><T4/><D92/><U107/><E118/><V95/><F95/><W94/><G32/><T52/><D66/><U102/><E127/><V126/><F126/><W50/><REACH who="3" step="1"/><G28/><REACH who="3" ten="434,184,282,90" step="2"/><T1/><D4/><U83/><E70/><V13/><F29/><W103/><AGARI ba="0,1" hai="21,22,23,36,37,42,44,50,84,91,94,96,103,106" machi="103" ten="30,7900,0" yaku="1,1,2,1,0,1,52,1,53,0" doraHai="101" doraHaiUra="121" who="3" fromWho="3" sc="434,-20,184,-39,282,-20,90,89" /><INIT seed="6,0,0,2,1,117" ten="414,145,262,179" oya="2" hai0="97,132,54,59,6,56,49,41,19,17,29,114,121" hai1="77,60,11,16,128,36,84,96,7,98,25,14,47" hai2="68,30,134,122,107,124,57,45,82,1,4,74,135" hai3="0,119,92,9,43,130,3,93,106,90,81,87,131"/><V100/><F57/><W58/><G106/><T86/><D29/><U76/><E128/><N who="3" m="49194" /><G119/><T71/><D71/><U37/><E60/><V79/><F124/><W105/><G105/><T111/><D6/><U129/><E129/><V95/><F95/><N who="3" m="36427" /><G9/><T35/><D35/><U5/><E36/><V103/><F45/><W13/><G13/><T46/><D97/><U38/><E37/><V61/><F30/><W112/><G112/><T69/><D69/><U109/><E109/><V108/><F108/><W28/><G28/><T40/><D114/><U21/><E7/><V80/><F80/><W78/><G43/><T27/><D56/><U102/><E84/><V118/><F118/><W48/><G78/><T104/><D41/><U110/><E110/><V2/><F103/><W123/><G123/><T15/><D121/><U115/><E115/><V99/><F122/><W64/><G64/><T65/><D40/><U66/><E66/><N who="2" m="41039" /><F4/><W32/><G32/><T91/><D65/><U8/><E8/><V116/><F116/><W42/><G42/><T24/><D104/><U62/><E102/><V22/><F22/><W94/><N who="3" m="36435" /><W53/><AGARI ba="0,0" hai="0,3,48,53,58,81,87,90" m="36435,49194" machi="53" ten="40,2700,0" yaku="4,1,19,1" doraHai="117" who="3" fromWho="3" sc="414,-7,145,-7,262,-13,179,27" /><INIT seed="7,0,0,1,0,39" ten="407,138,249,206" oya="3" hai0="17,11,30,119,14,95,45,99,112,123,16,81,125" hai1="109,82,96,115,135,65,35,127,126,134,4,37,69" hai2="108,32,41,111,20,76,113,110,47,8,116,89,85" hai3="15,102,40,106,36,22,18,50,72,55,78,121,25"/><W54/><G121/><T100/><D112/><U27/><E82/><V56/><F32/><W79/><G36/><T67/><D125/><N who="1" m="47627" /><E96/><V128/><F116/><W1/><G1/><T92/><D67/><U98/><E98/><V34/><F128/><W68/><G68/><T19/><D30/><N who="1" m="19935" /><E37/><V118/><F34/><W9/><G72/><T7/><D19/><U103/><E103/><V44/><F76/><N who="3" m="29227" /><G102/><T60/><D14/><U31/><E31/><V61/><F110/><W94/><G94/><T29/><D92/><U105/><E105/><V5/><F108/><W43/><G106/><T53/><D95/><U90/><E90/><V52/><F89/><W93/><G93/><T86/><D100/><U75/><E109/><V80/><F80/><W120/><G120/><T23/><D86/><U2/><E75/><V124/><F124/><W3/><G55/><T59/><D53/><U87/><E87/><V62/><F85/><W71/><G71/><T114/><D81/><U91/><E91/><V12/><F111/><W117/><G54/><T58/><D123/><U74/><E74/><V33/><F52/><W107/><G107/><T83/><D99/><U101/><E101/><V57/><F57/><W13/><G50/><T104/><D58/><U66/><E115/><V84/><F113/><W130/><G43/><T48/><D104/><U49/><E49/><V21/><F41/><W28/><G40/><T38/><D83/><U63/><E66/><V132/><F56/><W133/><G28/><T42/><D38/><U46/><E46/><V122/><F122/><W73/><G73/><RYUUKYOKU ba="0,0" sc="407,-10,138,30,249,-10,206,-10" hai1="2,4,63,65,69,134,135" owari="397,49.0,168,-33.0,239,4.0,196,-20.0" /></mjloggm>