<mjloggm ver="2.3"><GO type="169" lobby="0"/><UN n0="%E3%83%88%E3%83%88%E3%83%AA%E5%85%88%E7%94%9F%31%39%E6%AD%B3" n1="%30%E3%81%8F%E3%83%BC%E3%81%AB%E3%82%83%E3%82%93%30" n2="%43%4C%53" n3="%E3%81%A1%E3%82%87%E3%82%8A%E3%81%8A" dan="19,17,17,17" rate="2340.05,2206.97,2191.64,2188.35" sx="F,F,M,M"/><TAIKYOKU oya="0"/><INIT seed="0,0,0,5,3,111" ten="250,250,250,250" oya="0" hai0="24,133,112,113,79,118,80,119,97,120,17,69,124" hai1="14,60,94,55,99,132,53,7,1,26,30,92,108" hai2="75,62,77,59,28,88,57,73,5,74,71,91,52" hai3="127,47,76,39,43,23,134,123,16,117,11,13,4"/><T121/><D69/><U25/><E1/><V63/><F71/><W100/><G117/><N who="0" m="44555" /><D17/><U135/><E108/><V126/><F126/><W20/><G127/><T50/><D50/><U68/><E26/><V67/><F77/><W87/><G123/><N who="0" m="47179" /><D124/><U22/><E92/><V33/><REACH who="2" step="1"/><F5/><REACH who="2" ten="250,250,240,250" step="2"/><W93/><G134/><T34/><D133/><U58/><E68/><V41/><F41/><W103/><G76/><T131/><D131/><U54/><E135/><V66/><F66/><W115/><G4/><T27/><D27/><AGARI ba="0,1" hai="27,28,33,52,57,59,62,63,67,73,74,75,88,91" machi="27" ten="40,5200,0" yaku="1,1,54,2,53,0" doraHai="111" doraHaiUra="35" who="2" fromWho="0" sc="250,-52,250,0,240,62,250,0" /><INIT seed="1,0,0,4,3,84" ten="198,250,302,250" oya="1" hai0="109,18,81,126,135,73,89,32,5,134,106,27,21" hai1="114,97,91,80,113,38,46,67,93,42,33,59,90" hai2="103,70,132,31,122,60,22,96,99,71,56,37,88" hai3="133,41,51,64,123,34,104,9,107,53,69,4,12"/><U55/><E33/><V63/><F122/><W127/><G123/><T23/><D106/><U112/><E67/><V10/><F37/><W121/><G121/><T30/><D73/><U6/><E6/><V1/><F132/><N who="0" m="50730" /><D81/><U13/><E13/><V95/><F60/><W49/><G34/><T94/><D109/><U68/><E68/><V85/><F96/><W61/><G133/><T125/><D5/><U48/><REACH who="1" step="1"/><E80/><REACH who="1" ten="198,240,302,250" step="2"/><V111/><F111/><W2/><G12/><N who="0" m="9415" /><D32/><U40/><E40/><V11/><F1/><W26/><G26/><T16/><D30/><U25/><E25/><N who="2" m="16823" /><F70/><W117/><G69/><T86/><AGARI ba="0,1" hai="16,23,27,86,89,94,125,126" m="9415,50730" machi="86" ten="30,4000,0" yaku="20,1,52,1,54,1" doraHai="84" who="0" fromWho="0" sc="198,50,240,-20,302,-10,250,-10" /><INIT seed="2,0,0,3,1,116" ten="248,220,292,240" oya="2" hai0="104,53,42,38,135,80,111,108,85,90,129,70,30" hai1="103,49,43,109,39,83,0,28,79,133,47,51,102" hai2="29,63,15,113,9,66,12,96,41,1,87,50,68" hai3="11,125,64,72,118,8,99,16,24,60,88,120,18"/><V5/><F113/><W58/><G118/><T21/><D104/><U101/><E109/><N who="0" m="42057" /><D70/><U100/><E133/><V73/><F73/><W110/><G120/><T76/><D129/><U56/><E28/><V130/><F130/><W31/><G125/><T37/><D42/><U59/><N who="1" m="25600" /><DORA hai="6" /><U45/><E0/><V131/><F96/><W32/><G72/><T33/><D33/><U97/><E97/><V121/><F121/><W36/><G36/><T119/><D119/><U22/><E22/><V40/><F131/><W107/><G107/><T78/><D53/><U123/><E123/><V117/><F117/><W35/><G35/><T14/><D135/><U77/><E77/><N who="0" m="29801" /><D14/><U114/><E114/><V10/><F1/><W94/><REACH who="3" step="1"/><G110/><REACH who="3" ten="248,220,292,230" step="2"/><T52/><D37/><U19/><E39/><V17/><F29/><W86/><G86/><T132/><D38/><U106/><E106/><V67/><F87/><W61/><G61/><T34/><D34/><U48/><E48/><V57/><REACH who="2" step="1"/><F50/><REACH who="2" ten="248,220,282,230" step="2"/><W25/><G25/><T71/><D132/><U81/><E51/><V89/><F89/><W93/><G93/><T134/><D134/><U112/><E112/><V65/><F65/><W44/><G44/><T124/><D30/><U95/><E47/><V20/><F20/><W62/><G62/><AGARI ba="0,2" hai="5,9,10,12,15,17,40,41,57,62,63,66,67,68" machi="62" ten="40,18000,2" yaku="1,1,52,2,53,3" doraHai="116,6" doraHaiUra="7,54" who="2" fromWho="3" sc="248,0,220,0,282,200,230,-180" /><INIT seed="2,1,0,5,5,20" ten="248,220,482,50" oya="2" hai0="2,88,11,115,89,9,113,58,114,91,123,111,127" hai1="87,7,19,85,3,57,60,119,77,82,131,134,65" hai2="1,135,16,38,130,55,75,95,124,6,78,106,26" hai3="15,14,117,73,92,63,10,56,39,129,62,125,53"/><V0/><F38/><W24/><G117/><T101/><D123/><U37/><E119/><V33/><F106/><W133/><G73/><T70/><D70/><U31/><E131/><V74/><F130/><W30/><G39/><T107/><D111/><U90/><E134/><V47/><F78/><W76/><G129/><T100/><D127/><U61/><E37/><V35/><F124/><W46/><G76/><T120/><D120/><U32/><E7/><V98/><F35/><W36/><G133/><T93/><D107/><U84/><E3/><V94/><F94/><W110/><G110/><T102/><D2/><U105/><E105/><V5/><F1/><W52/><G125/><T23/><D93/><U22/><E31/><V29/><F5/><W50/><G36/><T71/><D71/><U108/><E32/><V99/><F99/><W51/><G92/><T86/><D86/><U49/><E108/><V68/><F68/><W97/><G97/><T44/><D58/><U18/><E18/><V116/><F16/><N who="3" m="8279" /><G15/><T21/><D44/><U8/><E8/><AGARI ba="1,0" hai="8,9,11,21,23,88,89,91,100,101,102,113,114,115" machi="8" ten="50,8000,1" yaku="29,2,28,2,54,1" doraHai="20" who="0" fromWho="1" sc="248,83,220,-83,482,0,50,0" /><INIT seed="3,0,0,5,1,8" ten="331,137,482,50" oya="3" hai0="132,34,17,2,40,112,30,48,21,59,125,64,100" hai1="28,11,116,19,89,26,106,9,3,103,126,86,76" hai2="15,78,50,131,4,123,55,31,68,57,52,94,128" hai3="117,80,62,130,27,107,124,23,39,101,104,115,90"/><W119/><G39/><T91/><D2/><U20/><E126/><V109/><F68/><W63/><G115/><T69/><D125/><U18/><E116/><V96/><F78/><W71/><G124/><T135/><D112/><U51/><E76/><V44/><F31/><W113/><G113/><T56/><D100/><U65/><E3/><V133/><F109/><W60/><G71/><T122/><D122/><U29/><E65/><V37/><F123/><W6/><G6/><T7/><D7/><U43/><E103/><V111/><F111/><W54/><G130/><N who="2" m="49705" /><F133/><W45/><G101/><T82/><D30/><U73/><E73/><V118/><F118/><W46/><G117/><T32/><D69/><U35/><E106/><V1/><F1/><W14/><G107/><T98/><D40/><U105/><E105/><V74/><F74/><W72/><G104/><T0/><D0/><U77/><E77/><V110/><F110/><W75/><G75/><T16/><D64/><U92/><E35/><V81/><F81/><W88/><G27/><T67/><D67/><U5/><E29/><V84/><F84/><N who="3" m="50183" /><G72/><T33/><D82/><U127/><E127/><V58/><F37/><W24/><G24/><T134/><D33/><U83/><E83/><V66/><F4/><W49/><G90/><T47/><D34/><U42/><E5/><V87/><F87/><W22/><G119/><T97/><D32/><U121/><E121/><V79/><F79/><W25/><G25/><N who="0" m="14503" /><D91/><U41/><E51/><V13/><F50/><N who="3" m="29007" /><G14/><T102/><D102/><U10/><AGARI ba="0,0" hai="9,10,11,18,19,20,26,28,41,42,43,86,89,92" machi="10" ten="30,2000,0" yaku="0,1,8,1" doraHai="8" who="1" fromWho="1" sc="331,-5,137,20,482,-5,50,-10" /><INIT seed="4,0,0,2,3,2" ten="326,157,477,40" oya="0" hai0="76,44,22,124,97,53,42,19,133,3,102,130,108" hai1="41,87,112,84,8,86,107,74,83,75,110,15,0" hai2="82,94,61,88,36,17,63,34,73,23,129,81,37" hai3="64,45,35,32,12,4,127,1,89,10,117,28,118"/><T125/><D3/><U7/><E110/><V114/><F34/><W99/><G64/><T56/><D108/><U52/><E107/><V5/><F73/><W31/><G45/><T39/><D76/><U25/><E41/><V111/><F111/><W101/><G89/><T100/><D130/><U59/><E112/><V51/><F36/><W126/><G99/><T119/><D119/><N who="3" m="45577" /><G101/><T106/><D133/><U90/><E0/><V116/><F17/><W33/><G1/><T27/><REACH who="0" step="1"/><D100/><REACH who="0" ten="316,157,477,40" step="2"/><U78/><E75/><V72/><F129/><W49/><G49/><AGARI ba="0,1" hai="19,22,27,39,42,44,49,53,56,97,102,106,124,125" machi="49" ten="40,3900,0" yaku="1,1,2,1,53,0" doraHai="2" doraHaiUra="66" who="0" fromWho="3" sc="316,49,157,0,477,0,40,-39" /><INIT seed="4,1,0,0,2,50" ten="365,157,477,1" oya="0" hai0="28,9,46,10,37,19,41,1,21,31,45,87,13" hai1="121,114,124,101,18,49,66,92,63,112,15,17,126" hai2="35,89,42,6,134,0,77,135,2,91,68,95,96" hai3="12,67,8,73,23,81,3,116,5,44,79,48,78"/><T131/><D131/><U30/><E121/><V122/><F122/><W25/><G116/><T24/><D37/><U125/><E30/><V20/><F35/><W111/><G111/><T108/><D108/><U55/><E101/><V90/><F68/><W80/><G67/><T7/><D41/><U115/><E92/><V76/><F42/><W74/><G25/><N who="0" m="16431" /><D87/><U94/><E94/><V26/><F76/><W110/><G110/><T57/><D57/><N who="1" m="33007" /><E15/><V120/><F77/><W61/><G61/><T127/><D46/><U60/><E60/><V40/><F40/><W86/><G23/><N who="0" m="15775" /><D45/><U29/><E29/><V34/><F34/><W123/><G123/><T43/><D43/><U88/><E88/><V14/><F120/><W71/><G71/><T39/><D39/><U117/><E117/><V109/><F109/><W58/><G58/><T102/><D102/><U16/><E17/><N who="2" m="12559" /><F89/><W113/><G3/><N who="2" m="1065" /><F90/><W11/><G86/><T84/><D84/><U128/><E128/><V85/><F85/><W4/><G44/><T118/><D118/><U104/><E104/><V100/><F100/><W64/><G64/><T132/><D132/><U103/><E103/><V97/><F97/><W98/><G98/><T106/><D106/><U51/><E51/><V130/><F130/><W133/><G133/><T59/><D59/><AGARI ba="1,0" hai="16,18,59,63,66,112,114,115,124,125,126" m="33007" machi="59" ten="40,8000,1" yaku="15,1,11,1,18,1,52,1,54,1" doraHai="50" who="1" fromWho="0" sc="365,-83,157,83,477,0,1,0" /><INIT seed="5,0,0,4,1,80" ten="282,240,477,1" oya="1" hai0="86,76,53,42,27,119,74,105,9,96,125,59,5" hai1="95,25,6,66,56,35,45,110,133,47,54,126,113" hai2="41,92,65,108,100,4,14,34,131,83,114,51,78" hai3="24,0,82,84,63,37,57,15,127,85,123,48,46"/><U77/><E113/><V67/><F34/><W87/><G123/><T22/><D119/><U39/><E133/><V91/><F100/><W61/><G0/><T17/><D125/><U3/><E126/><V10/><F131/><W40/><G127/><T72/><D42/><U121/><E121/><V64/><F108/><W79/><G37/><T117/><D117/><U36/><E110/><V69/><F69/><W1/><G1/><T120/><D120/><U2/><E39/><V38/><F38/><W99/><G99/><T116/><D116/><U19/><E66/><V8/><F8/><W106/><G106/><T89/><D76/><U93/><E3/><V16/><F4/><W12/><G24/><T20/><D20/><U30/><E77/><V112/><F112/><W32/><G32/><T124/><D124/><U81/><E81/><V98/><F114/><W128/><G128/><T90/><D90/><U118/><E118/><V115/><F115/><W122/><G122/><T132/><D132/><U26/><E26/><V130/><F130/><W13/><G61/><N who="0" m="36079" /><D105/><U68/><E19/><V71/><F71/><W11/><G11/><T75/><D9/><N who="1" m="2263" /><E68/><V43/><F51/><W49/><G49/><T52/><D5/><U18/><E18/><V111/><F111/><W33/><G33/><T102/><D52/><AGARI ba="0,0" hai="12,13,15,40,46,48,52,57,63,79,82,84,85,87" machi="52" ten="40,8000,1" yaku="8,1,52,3,54,1" doraHai="80" who="3" fromWho="0" sc="282,-80,240,0,477,0,1,80" /><INIT seed="6,0,0,4,5,133" ten="202,240,477,81" oya="2" hai0="72,80,2,117,92,81,85,112,127,22,66,64,78" hai1="70,95,119,79,17,41,68,108,6,60,57,93,124" hai2="91,98,14,128,99,12,39,118,83,9,107,110,7" hai3="55,134,58,31,67,103,43,36,126,97,90,24,52"/><V102/><F118/><W51/><G134/><T71/><D2/><U49/><E108/><V96/><F39/><W37/><G90/><T84/><D117/><U87/><E119/><V113/><F113/><W0/><G0/><T100/><D112/><U42/><E6/><V125/><F128/><W88/><G126/><T122/><D122/><U30/><E30/><V3/><F96/><W56/><G43/><T48/><D72/><U116/><E116/><V16/><F14/><W104/><G88/><N who="0" m="51247" /><D71/><U131/><E70/><V33/><F33/><W109/><G67/><T101/><D127/><U8/><E68/><V1/><F125/><W129/><G129/><T5/><D5/><U47/><E42/><V53/><F1/><W77/><G77/><T46/><D22/><U26/><E131/><V74/><F7/><W135/><G135/><T82/><D82/><N who="1" m="47583" /><E124/><V45/><F74/><W34/><REACH who="3" step="1"/><G109/><REACH who="3" ten="202,240,477,71" step="2"/><T18/><D66/><U105/><E41/><V4/><F3/><W13/><G13/><T21/><D64/><U121/><E121/><V114/><F12/><W19/><G19/><T111/><D111/><U89/><E89/><V76/><F16/><W61/><AGARI ba="0,1" hai="24,31,34,36,37,51,52,55,56,58,61,97,103,104" machi="61" ten="20,5200,0" yaku="1,1,0,1,7,1,54,1,53,0" doraHai="133" doraHaiUra="40" who="3" fromWho="3" sc="202,-13,240,-13,477,-26,71,62" /><INIT seed="7,0,0,4,5,5" ten="189,227,451,133" oya="3" hai0="56,52,47,96,77,69,129,103,51,55,61,68,84" hai1="111,105,63,95,13,108,79,89,104,60,35,38,66" hai2="130,83,71,135,99,118,1,9,40,41,48,32,88" hai3="10,57,50,93,34,30,28,109,14,20,46,64,113"/><W112/><G34/><T62/><D129/><U82/><E38/><V12/><F71/><W7/><G109/><T81/><REACH who="0" step="1"/><D62/><REACH who="0" ten="179,227,451,133" step="2"/><U78/><E60/><V4/><F130/><W122/><G122/><T124/><D124/><U29/><E111/><V23/><F32/><W74/><G74/><T133/><D133/><U54/><E108/><V86/><F135/><W85/><G20/><T49/><D49/><U53/><E63/><V80/><F80/><W70/><G70/><T39/><D39/><U42/><E82/><V24/><F118/><W22/><G22/><T45/><D45/><U91/><E35/><V3/><F99/><W131/><G131/><T90/><D90/><U43/><E89/><V123/><F123/><W72/><G72/><T114/><D114/><N who="3" m="44137" /><G64/><T36/><D36/><U101/><E66/><V33/><F33/><W58/><G57/><T75/><D75/><U128/><E128/><V25/><F23/><W37/><G37/><T116/><D116/><U16/><E91/><V107/><F24/><W132/><G58/><T125/><D125/><U19/><E79/><V117/><F25/><W98/><G132/><T27/><D27/><U6/><E78/><V127/><F117/><W8/><G85/><T73/><D73/><U21/><E21/><V97/><F127/><W15/><G50/><T102/><D102/><U44/><E101/><N who="2" m="62895" /><F48/><W121/><G46/><T119/><D119/><U2/><E44/><V115/><F115/><W59/><G59/><T110/><D110/><U100/><E100/><V26/><F26/><W120/><G120/><T67/><D67/><RYUUKYOKU ba="0,1" sc="179,15,227,-15,451,15,133,-15" hai0="47,51,52,55,56,61,68,69,77,81,84,96,103" hai2="1,3,4,9,12,40,41,83,86,88" owari="194,-21.0,212,1.0,476,58.0,118,-38.0" /></mjloggm>