<mjloggm ver="2.3"><GO type="169" lobby="0"/><UN n0="%74%61%74%73%75%37%30%32" n1="%59%65%6C%6C%6F%77%31%33" n2="%E3%83%88%E3%83%88%E3%83%AA%E5%85%88%E7%94%9F%31%39%E6%AD%B3" n3="%E3%82%B7%E3%82%A7%E3%83%95%E3%83%81%E3%83%A7%E3%82%B3" dan="16,16,19,16" rate="2188.57,2058.66,2317.56,2065.53" sx="M,M,F,M"/><TAIKYOKU oya="0"/><INIT seed="0,0,0,3,5,58" ten="250,250,250,250" oya="0" hai0="4,15,38,128,46,115,11,91,59,117,30,109,34" hai1="41,21,68,48,105,114,98,65,110,118,2,99,96" hai2="42,74,62,1,33,27,67,63,106,14,10,20,76" hai3="89,100,70,52,57,86,0,31,54,53,12,18,75"/><T29/><D115/><U82/><E114/><V43/><F106/><W97/><G0/><T22/><D117/><U51/><E118/><V88/><F1/><W36/><G70/><T116/><D116/><U92/><E105/><V24/><F33/><W120/><G75/><T7/><D34/><U6/><E110/><V78/><F74/><W108/><G36/><T107/><D107/><U103/><E82/><V8/><F8/><W84/><G31/><T126/><D7/><U87/><E87/><N who="3" m="33322" /><G100/><T60/><D109/><U19/><E6/><N who="2" m="3415" /><F88/><W122/><G108/><T23/><D91/><U125/><E125/><V90/><F90/><W16/><G18/><T55/><D126/><U95/><E2/><V71/><F67/><W3/><G3/><T28/><REACH who="0" step="1"/><D128/><REACH who="0" ten="240,250,250,250" step="2"/><U9/><E103/><V26/><F71/><W112/><G112/><T130/><D130/><U73/><E95/><V40/><F20/><N who="3" m="11271" /><G120/><T66/><D66/><U81/><E65/><V102/><F102/><W113/><G122/><T134/><D134/><U61/><E68/><V5/><F5/><W49/><G113/><T121/><D121/><U127/><E127/><V132/><F132/><W45/><G89/><T79/><D79/><AGARI ba="0,1" hai="24,26,27,40,42,43,62,63,76,78,79" m="3415" machi="79" ten="30,3900,0" yaku="8,1,52,2" doraHai="58" who="2" fromWho="0" sc="240,-39,250,0,250,49,250,0" /><INIT seed="1,0,0,3,4,77" ten="201,250,299,250" oya="1" hai0="7,130,47,115,128,124,94,129,112,104,11,13,37" hai1="74,53,23,92,0,57,134,56,131,18,89,105,12" hai2="84,79,31,103,15,133,34,125,81,82,2,111,101" hai3="50,132,66,42,117,110,87,30,116,21,59,3,1"/><U48/><E134/><V10/><F2/><W17/><G132/><T26/><D104/><U100/><E131/><N who="0" m="33537" /><T109/><DORA hai="49" /><D37/><U85/><E0/><V29/><F133/><W86/><G30/><T102/><D47/><U8/><E74/><V90/><F111/><W88/><G87/><T62/><D102/><U98/><E8/><V40/><F125/><W9/><G110/><T19/><D94/><U4/><E4/><V65/><F65/><W114/><G9/><N who="0" m="6575" /><D62/><U69/><REACH who="1" step="1"/><E69/><REACH who="1" ten="201,240,299,250" step="2"/><V51/><F10/><W52/><G1/><N who="0" m="495" /><D109/><U123/><E123/><V58/><F29/><W95/><G3/><T14/><D124/><U97/><E97/><V119/><F31/><W78/><G116/><T22/><D14/><U72/><E72/><V43/><F15/><W106/><G117/><T64/><D64/><U55/><E55/><V46/><F119/><W54/><G54/><T71/><D71/><U113/><E113/><V28/><F28/><AGARI ba="0,1" hai="22,26,28,112,115" m="495,6575,33537" machi="28" ten="40,5200,0" yaku="19,1,34,2" doraHai="77,49" who="0" fromWho="2" sc="201,62,240,0,299,-52,250,0" /><INIT seed="2,0,0,5,0,63" ten="263,240,247,250" oya="2" hai0="113,97,27,4,20,6,76,134,129,10,13,67,92" hai1="90,8,122,51,121,114,1,95,100,85,5,38,29" hai2="104,81,42,71,120,83,111,31,135,98,59,115,49" hai3="102,73,36,77,99,109,131,28,88,96,58,2,82"/><V103/><F115/><W78/><G36/><T45/><D113/><U70/><E114/><V53/><F120/><W19/><G2/><T56/><D129/><U43/><E70/><V11/><F71/><W0/><G0/><T37/><D134/><U30/><E100/><V14/><F135/><W55/><G131/><T108/><D108/><U52/><E43/><V112/><F112/><W127/><G109/><T18/><D76/><U87/><E38/><V69/><F111/><W25/><G127/><T123/><D123/><N who="1" m="47115" /><E87/><V65/><F31/><W126/><G126/><T86/><D86/><U72/><E72/><V32/><F32/><W79/><G19/><T61/><D37/><U94/><E94/><V118/><F42/><W89/><G73/><T75/><D75/><U12/><E1/><V48/><F48/><W106/><G82/><T130/><D45/><AGARI ba="0,0" hai="5,8,12,29,30,45,51,52,85,90,95" m="47115" machi="45" ten="30,2000,0" yaku="13,1,54,1" doraHai="63" who="1" fromWho="0" sc="263,-20,240,20,247,0,250,0" /><INIT seed="3,0,0,3,4,55" ten="243,260,247,250" oya="3" hai0="8,80,20,96,130,58,81,88,53,123,127,50,82" hai1="35,9,37,77,51,43,72,126,119,65,95,47,100" hai2="109,34,38,12,83,122,16,30,70,15,106,46,121" hai3="84,71,54,135,45,6,108,25,134,76,52,19,132"/><W113/><G113/><T49/><D123/><N who="2" m="47114" /><F70/><W27/><G6/><T69/><D69/><U41/><E35/><V29/><F106/><W66/><G108/><T32/><D32/><U90/><E119/><V131/><F109/><W110/><G110/><T93/><D127/><U129/><E129/><V102/><F102/><W112/><G112/><T87/><D130/><U124/><E100/><V22/><F131/><W78/><G45/><T107/><D107/><U44/><E65/><V99/><F99/><W105/><G105/><T128/><D128/><U62/><E62/><V94/><F94/><W42/><G42/><T26/><D8/><U68/><E68/><V17/><F34/><W4/><G4/><T11/><D11/><U13/><E77/><N who="3" m="29802" /><G84/><T0/><D0/><U3/><E3/><V125/><F83/><W7/><G7/><T48/><REACH who="0" step="1"/><D87/><REACH who="0" ten="233,260,247,250" step="2"/><U2/><E2/><V114/><F125/><W103/><G132/><T5/><D5/><U116/><E72/><V39/><F114/><W36/><G135/><T133/><D133/><U57/><E116/><V85/><F85/><W64/><G71/><T10/><D10/><U117/><E117/><V115/><F115/><W56/><G134/><T97/><D97/><U120/><E120/><V111/><F111/><W24/><G103/><T89/><D89/><U28/><E90/><V118/><F118/><W63/><G36/><N who="2" m="13865" /><F46/><W74/><G74/><T86/><D86/><U67/><E47/><V104/><F104/><W101/><G101/><T1/><D1/><U75/><E126/><V73/><F73/><W60/><G19/><AGARI ba="0,1" hai="19,20,26,48,49,50,53,58,80,81,82,88,93,96" machi="19" ten="40,12000,2" yaku="1,1,6,1,8,1,52,1,54,1,53,1" doraHai="55" doraHaiUra="92" who="0" fromWho="3" sc="233,130,260,0,247,0,250,-120" /><INIT seed="4,0,0,0,2,30" ten="363,260,247,130" oya="0" hai0="61,95,45,85,58,124,131,97,60,73,12,14,15" hai1="25,17,108,36,21,7,52,53,40,121,114,26,71" hai2="79,41,76,39,81,88,116,107,5,113,72,70,100" hai3="50,104,16,65,117,75,105,86,34,83,51,66,4"/><T32/><D73/><U54/><E121/><V74/><F70/><W94/><G117/><T109/><D32/><U118/><E71/><V2/><F116/><W13/><G4/><T128/><D124/><U80/><E118/><V132/><F113/><W96/><G75/><T24/><D24/><U56/><E108/><V90/><F132/><W93/><G34/><T89/><D109/><U115/><E7/><V9/><F100/><W101/><G104/><T22/><D22/><U119/><E119/><V102/><F102/><W46/><G94/><T77/><D45/><U91/><E40/><V31/><F31/><W111/><G105/><T125/><D125/><U57/><E36/><V129/><F107/><W82/><G82/><N who="0" m="47311" /><D58/><U18/><E18/><V27/><F27/><W10/><G111/><T64/><D64/><U135/><E135/><V23/><F23/><W33/><G33/><T130/><AGARI ba="0,0" hai="12,14,15,60,61,89,95,97,128,130,131" m="47311" machi="130" ten="40,2100,0" yaku="19,1" doraHai="30" who="0" fromWho="0" sc="363,21,260,-7,247,-7,130,-7" /><INIT seed="4,1,0,1,1,50" ten="384,253,240,123" oya="0" hai0="98,100,81,118,45,103,34,84,0,54,64,91,65" hai1="61,101,30,110,43,53,55,94,41,5,19,2,7" hai2="134,58,109,16,128,38,29,106,31,20,28,47,123" hai3="127,49,18,72,17,59,117,104,97,83,96,3,52"/><T95/><D0/><U6/><E2/><V46/><F109/><W80/><G117/><T82/><D118/><U11/><E30/><V85/><F123/><W9/><G127/><T89/><D34/><U108/><E61/><V71/><F71/><W4/><G72/><T40/><D54/><N who="1" m="20491" /><E110/><V69/><F69/><W130/><G130/><T63/><D81/><U132/><E132/><V112/><F106/><W13/><G18/><T67/><REACH who="0" step="1"/><D63/><REACH who="0" ten="374,253,240,123" step="2"/><U92/><E108/><V15/><F134/><W22/><G104/><T78/><D78/><U87/><E94/><V44/><F128/><W115/><G115/><T102/><D102/><U42/><E101/><V113/><F38/><AGARI ba="1,1" hai="38,40,45,64,65,67,82,84,89,91,95,98,100,103" machi="38" ten="40,3900,0" yaku="1,1,53,1" doraHai="50" doraHaiUra="76" who="0" fromWho="2" sc="374,52,253,0,240,-42,123,0" /><INIT seed="4,2,0,2,3,114" ten="426,253,198,123" oya="0" hai0="131,6,118,30,132,38,121,135,3,41,128,22,43" hai1="76,42,49,40,67,24,52,72,46,32,83,28,99" hai2="115,94,18,71,101,85,4,60,25,123,88,51,86" hai3="12,48,62,8,74,36,107,75,102,63,130,110,11"/><T7/><D121/><U97/><REACH who="1" step="1"/><E67/><REACH who="1" ten="426,243,198,123" step="2"/><V53/><F123/><W69/><G110/><T31/><D38/><U77/><E77/><V56/><F115/><W58/><G36/><T129/><D131/><U68/><E68/><V91/><F71/><W116/><G130/><T17/><D129/><U79/><E79/><V125/><F125/><W106/><G69/><T89/><D128/><U90/><E90/><V57/><F91/><W87/><G75/><T82/><D89/><U124/><E124/><V111/><F111/><W109/><G74/><T108/><D108/><U5/><E5/><V92/><F4/><W105/><G109/><T96/><D7/><U0/><E0/><V29/><F86/><W80/><G87/><T35/><D6/><U93/><E93/><V15/><F92/><W65/><G65/><T19/><D3/><U127/><E127/><V70/><F70/><W23/><G106/><T61/><D132/><U9/><E9/><V98/><F85/><W100/><G107/><T10/><D135/><U112/><E112/><V73/><F73/><W39/><G8/><T16/><D10/><U122/><E122/><V78/><F78/><W59/><G11/><T134/><D134/><U95/><E95/><V33/><F88/><W50/><G105/><T47/><D82/><U34/><E34/><V133/><F133/><W113/><G80/><T26/><D35/><U13/><E13/><V119/><F15/><W21/><G12/><T117/><D22/><U103/><E103/><V84/><F84/><W1/><G39/><T20/><D20/><N who="3" m="7753" /><G113/><T81/><D81/><RYUUKYOKU ba="2,1" sc="426,-10,243,30,198,-10,123,-10" hai1="24,28,32,40,42,46,49,52,72,76,83,97,99" /><INIT seed="5,3,1,3,0,13" ten="416,273,188,113" oya="1" hai0="56,123,135,118,58,82,91,129,39,83,89,53,105" hai1="43,22,61,69,108,109,50,44,127,81,125,92,121" hai2="76,18,54,116,21,98,90,73,79,112,77,133,122" hai3="15,103,95,19,115,94,132,16,72,67,107,55,42"/><U85/><E121/><V7/><F116/><W5/><G72/><T23/><D118/><U100/><E69/><V68/><F122/><W99/><G107/><T93/><D123/><U66/><E22/><V88/><F68/><W49/><G115/><T124/><D105/><U2/><E2/><V63/><F112/><W96/><G42/><T131/><D39/><U101/><E66/><V78/><F133/><W28/><G28/><T62/><D124/><N who="1" m="47691" /><E92/><N who="2" m="56583" /><F73/><W3/><G3/><T46/><D135/><U64/><E64/><V48/><F7/><W113/><G67/><T51/><D91/><N who="1" m="51631" /><E61/><V70/><F70/><W60/><G60/><T111/><D111/><AGARI ba="3,1" hai="43,44,50,100,101,108,109,111" m="51631,47691" machi="111" ten="30,2900,0" yaku="10,1,18,1" doraHai="13" who="1" fromWho="0" sc="416,-38,273,48,188,0,113,0" /><INIT seed="5,4,0,5,0,50" ten="378,321,188,113" oya="1" hai0="77,46,92,82,16,80,99,1,97,53,66,111,125" hai1="84,60,25,81,40,38,89,62,86,87,129,13,101" hai2="2,74,36,33,63,30,116,19,78,108,14,127,103" hai3="112,79,69,45,67,121,134,18,114,31,120,55,32"/><U98/><E129/><V39/><F116/><W105/><G105/><T133/><D111/><U58/><E38/><V85/><F108/><W8/><G79/><T135/><D125/><U113/><E40/><V68/><F2/><W117/><G31/><T4/><D66/><U102/><E113/><N who="3" m="43626" /><G32/><T130/><D130/><U9/><E25/><V61/><F74/><W15/><G134/><N who="0" m="51211" /><D4/><U59/><E98/><V106/><F30/><W24/><G24/><T124/><D1/><U119/><E119/><V10/><F33/><W115/><N who="3" m="43634" /><W54/><DORA hai="71" /><G117/><T0/><D0/><U107/><E107/><V94/><F106/><W104/><G104/><T118/><D99/><U21/><E21/><V23/><F127/><W42/><G67/><T109/><D109/><U88/><E81/><V91/><F78/><W5/><G69/><T28/><D28/><U48/><E48/><V49/><F39/><N who="3" m="21727" /><G5/><T65/><D65/><N who="1" m="39063" /><E102/><V44/><F103/><W122/><AGARI ba="4,0" hai="8,15,18,54,55,120,121,122" m="21727,43634" machi="122" ten="50,8000,1" yaku="15,1,52,3" doraHai="50,71" who="3" fromWho="3" sc="378,-24,321,-44,188,-24,113,92" /><INIT seed="6,0,0,0,3,45" ten="354,277,164,205" oya="2" hai0="48,83,70,98,66,2,6,94,13,109,53,71,52" hai1="17,22,110,23,107,26,51,77,103,58,31,90,125" hai2="127,34,59,115,11,43,62,3,106,61,49,79,69" hai3="50,15,73,128,100,129,36,27,97,60,87,117,47"/><V0/><F34/><W39/><G73/><T93/><D109/><U35/><E110/><V63/><F106/><W135/><G117/><T111/><D2/><U21/><E77/><V101/><F101/><W19/><G27/><T88/><D111/><U38/><E38/><V95/><F69/><W68/><G135/><T40/><D83/><U57/><E125/><V10/><F127/><W12/><G87/><T72/><D72/><U74/><E74/><V126/><F126/><W16/><G60/><N who="2" m="23145" /><F0/><W131/><G15/><T102/><D66/><U24/><E58/><V18/><F3/><W108/><G68/><T29/><D29/><U86/><E103/><V46/><F115/><W64/><G64/><T67/><D67/><U54/><E107/><V132/><F132/><W5/><G5/><T65/><D65/><U37/><E37/><N who="3" m="14410" /><G12/><T96/><D71/><U91/><E91/><V112/><F112/><W134/><G134/><T25/><D25/><U82/><AGARI ba="0,0" hai="17,21,22,23,24,26,31,35,51,54,57,82,86,90" machi="82" ten="20,2700,0" yaku="0,1,7,1,52,1" doraHai="45" who="1" fromWho="1" sc="354,-7,277,27,164,-13,205,-7" /><INIT seed="7,0,0,0,0,134" ten="347,304,151,198" oya="3" hai0="42,70,109,106,6,75,23,131,40,103,10,128,60" hai1="30,96,14,16,84,66,121,93,9,74,68,33,95" hai2="110,90,44,0,130,13,108,67,54,65,116,122,92" hai3="64,102,125,87,61,56,47,41,29,45,39,135,18"/><W22/><G135/><T21/><D109/><U94/><E74/><V53/><F0/><W72/><G72/><T81/><D106/><U85/><E121/><V31/><F116/><W133/><G133/><T115/><D103/><U26/><REACH who="1" step="1"/><E96/><REACH who="1" ten="347,294,151,198" step="2"/><V57/><F122/><W32/><G125/><T88/><D75/><U50/><E50/><V17/><F130/><W111/><G111/><T99/><D128/><U119/><E119/><V105/><F105/><W59/><G87/><T132/><D131/><U55/><E55/><V43/><F110/><W77/><G39/><T1/><D132/><U25/><E25/><V63/><F108/><W113/><G113/><T51/><D115/><U58/><E58/><V7/><F7/><W11/><G41/><T114/><D114/><U78/><E78/><V118/><F118/><W117/><G77/><T2/><D42/><U82/><E82/><V98/><F54/><W79/><G56/><T112/><D112/><U104/><E104/><V107/><F107/><W101/><G79/><T73/><D73/><U86/><E86/><V35/><F35/><W38/><G38/><T80/><D81/><U89/><E89/><V76/><F76/><W24/><G32/><T28/><D80/><U5/><E5/><V48/><REACH who="2" step="1"/><F31/><REACH who="2" ten="347,294,141,198" step="2"/><W127/><G117/><T100/><D28/><U36/><E36/><V71/><F71/><W97/><G29/><T124/><D70/><U52/><E52/><V129/><F129/><W69/><G69/><T37/><D6/><U83/><E83/><V20/><AGARI ba="0,2" hai="13,17,20,43,44,48,53,57,63,65,67,90,92,98" machi="20" ten="20,12000,2" yaku="1,1,0,1,7,1,8,1,53,2" doraHai="134" doraHaiUra="62" who="2" fromWho="2" sc="347,-30,294,-30,141,140,198,-60" owari="317,42.0,264,-14.0,281,8.0,138,-36.0" /></mjloggm>