<mjloggm ver="2.3"><GO type="169" lobby="0"/><UN n0="%E2%80%A0%E3%81%BE%E3%83%BC%E5%9D%8A%E2%80%A0" n1="%E3%83%88%E3%83%88%E3%83%AA%E5%85%88%E7%94%9F%31%39%E6%AD%B3" n2="%E3%83%A2%E3%82%A4%E3%83%92%E3%83%A3%E3%83%B3" n3="%E7%99%BD%E9%B9%BF%E6%84%9B%E8%8E%89" dan="17,19,16,18" rate="2175.64,2260.82,2076.79,2262.73" sx="M,F,F,F"/><TAIKYOKU oya="0"/><INIT seed="0,0,0,3,2,41" ten="250,250,250,250" oya="0" hai0="96,81,34,35,18,58,33,116,38,15,115,45,75" hai1="101,55,72,64,90,76,66,40,98,63,133,7,6" hai2="129,53,44,73,50,80,123,104,30,97,46,91,51" hai3="124,107,21,132,57,79,47,93,122,29,1,49,54"/><T17/><D115/><U60/><E133/><V94/><F129/><W26/><G107/><T102/><D116/><U127/><E127/><V71/><F123/><W48/><G132/><T28/><D28/><U92/><E55/><V23/><F71/><W113/><G113/><T85/><D75/><U89/><E72/><V27/><F104/><W68/><G68/><T88/><D58/><U36/><E76/><V130/><F130/><W42/><G124/><T59/><D59/><U0/><E63/><V108/><F108/><W83/><G122/><T4/><D4/><U61/><E61/><V13/><F13/><W112/><G112/><T82/><D82/><U84/><E89/><V16/><F73/><W110/><G110/><T105/><REACH who="0" step="1"/><D15/><REACH who="0" ten="240,250,250,250" step="2"/><U11/><E7/><V9/><F80/><W87/><G1/><T135/><D135/><U103/><E6/><V100/><F30/><W25/><G26/><T43/><AGARI ba="0,1" hai="17,18,33,34,35,38,43,45,81,85,88,96,102,105" machi="43" ten="40,12000,1" yaku="1,1,0,1,52,1,54,1,53,1" doraHai="41" doraHaiUra="99" who="0" fromWho="0" sc="240,130,250,-40,250,-40,250,-40" /><INIT seed="0,1,0,3,1,130" ten="370,210,210,210" oya="0" hai0="120,53,11,105,134,42,123,26,99,40,12,48,44" hai1="10,119,43,33,127,122,16,21,76,37,45,22,56" hai2="90,102,97,118,34,125,55,31,19,5,23,17,41" hai3="30,38,79,18,8,129,75,126,88,78,132,82,52"/><T74/><D74/><U113/><E119/><V35/><F125/><W69/><G129/><T0/><D0/><U51/><E122/><V32/><F118/><W57/><G69/><T116/><D116/><U62/><E33/><V9/><F41/><W94/><G38/><T1/><D1/><U98/><E127/><V124/><F124/><W89/><BYE who="2" /><G126/><UN n2="%E3%83%A2%E3%82%A4%E3%83%92%E3%83%A3%E3%83%B3" /><T59/><D26/><U81/><E113/><V63/><F90/><W36/><G36/><T110/><D42/><U27/><E98/><V121/><F31/><W135/><G30/><T96/><D110/><U91/><E91/><V24/><F19/><W87/><G79/><T68/><D68/><U77/><E37/><V4/><F9/><W112/><G89/><T114/><D114/><U2/><E81/><V106/><F121/><W54/><G112/><T111/><D99/><U7/><REACH who="1" step="1"/><E22/><REACH who="1" ten="370,200,210,210" step="2"/><V115/><F115/><W101/><G101/><T95/><D111/><U109/><E109/><V103/><F103/><W3/><G3/><T86/><D120/><U65/><AGARI ba="1,1" hai="2,7,10,16,21,27,43,45,51,56,62,65,76,77" machi="65" ten="20,12000,2" yaku="1,1,0,1,7,1,54,1,53,2" doraHai="130" doraHaiUra="72" who="1" fromWho="1" sc="370,-61,200,133,210,-31,210,-31" /><INIT seed="1,0,0,2,0,0" ten="309,333,179,179" oya="1" hai0="67,48,6,104,105,39,62,13,130,8,58,32,29" hai1="4,89,52,40,60,66,22,103,98,99,50,118,112" hai2="44,63,82,96,73,81,85,31,110,84,127,106,28" hai3="92,64,71,121,7,131,129,59,18,88,111,9,30"/><U107/><E112/><V83/><F73/><W46/><G121/><T65/><D39/><U37/><E118/><V2/><F110/><W120/><G120/><T80/><D130/><N who="3" m="49673" /><G111/><T51/><D67/><U122/><E122/><V49/><F127/><W70/><G30/><T19/><D32/><U27/><E40/><V23/><F2/><N who="3" m="247" /><G46/><T69/><D29/><U108/><E37/><V45/><F63/><N who="3" m="38015" /><G18/><T135/><D135/><U11/><E108/><V72/><F72/><W16/><G16/><T102/><D19/><U5/><E11/><V123/><F123/><W109/><G109/><T76/><D102/><U43/><E43/><V93/><F45/><W97/><AGARI ba="0,0" hai="70,71,88,92,97" m="38015,247,49673" machi="97" ten="30,4000,0" yaku="19,1,52,1,54,1" doraHai="0" who="3" fromWho="3" sc="309,-10,333,-20,179,-10,179,40" /><INIT seed="2,0,0,0,0,90" ten="299,313,169,219" oya="2" hai0="20,127,97,85,62,45,69,72,79,98,133,94,84" hai1="113,109,86,126,33,83,60,18,65,56,125,129,123" hai2="0,70,3,17,78,31,58,92,4,91,71,128,66" hai3="102,87,59,8,89,121,27,111,101,68,73,61,37"/><V46/><F128/><W49/><G121/><T43/><D127/><N who="1" m="48651" /><E33/><V118/><F118/><W80/><G37/><T67/><D133/><U10/><E109/><V22/><F31/><W47/><G68/><T119/><D119/><U41/><E41/><V64/><F78/><W122/><G122/><T108/><D98/><U1/><E123/><V11/><F3/><W16/><G73/><T96/><D97/><U9/><E1/><V32/><F32/><W106/><G106/><T38/><D108/><U5/><E5/><V34/><F34/><W24/><G111/><T35/><D35/><U120/><E120/><V51/><F58/><W36/><G36/><T26/><D79/><U112/><E129/><V7/><F7/><W63/><G24/><T2/><D72/><U124/><E124/><V107/><F107/><W81/><G81/><T19/><REACH who="0" step="1"/><D2/><REACH who="0" ten="289,313,169,219" step="2"/><U57/><E86/><V95/><F71/><W39/><G39/><T50/><D50/><U30/><E112/><V132/><F132/><W116/><G116/><T55/><D55/><U99/><E99/><V75/><F75/><W134/><G134/><T12/><D12/><U13/><E13/><V115/><F70/><W21/><G63/><T14/><D14/><U82/><E60/><V93/><F115/><W15/><G15/><T23/><D23/><U105/><E113/><V52/><REACH who="2" step="1"/><F91/><AGARI ba="0,1" hai="19,20,26,38,43,45,62,67,69,84,85,91,94,96" machi="91" ten="30,3900,0" yaku="1,1,7,1,52,1,53,0" doraHai="90" doraHaiUra="74" who="0" fromWho="2" sc="289,49,313,0,169,-39,219,0" /><INIT seed="3,0,0,2,2,123" ten="338,313,130,219" oya="3" hai0="113,59,26,110,93,20,121,66,104,70,132,58,9" hai1="102,6,83,46,120,88,92,96,75,5,99,8,63" hai2="94,11,2,36,7,87,79,29,122,128,135,68,30" hai3="112,61,76,78,77,100,118,131,34,105,95,129,97"/><W91/><G34/><T82/><D121/><U111/><E120/><V127/><F122/><W23/><G112/><T44/><D104/><U24/><E111/><V134/><F68/><W3/><G3/><T60/><D113/><U49/><E75/><V40/><F127/><W28/><G61/><T117/><D117/><U81/><E24/><V27/><F128/><N who="3" m="49227" /><G28/><T73/><D132/><N who="2" m="50730" /><F27/><W12/><G23/><T89/><D44/><U106/><E63/><V1/><F1/><W53/><G53/><T22/><D22/><U32/><E32/><V42/><F36/><W0/><G12/><T124/><D9/><U47/><E47/><V84/><F84/><N who="3" m="52711" /><G0/><T52/><D124/><U72/><E72/><V18/><F18/><W57/><G57/><T65/><D70/><U35/><E35/><V17/><F17/><W67/><G67/><T54/><D110/><U4/><REACH who="1" step="1"/><E8/><REACH who="1" ten="338,303,130,219" step="2"/><V45/><F45/><W41/><G41/><AGARI ba="0,1" hai="4,5,6,41,46,49,81,83,88,92,96,99,102,106" machi="41" ten="40,5200,0" yaku="1,1,2,1,54,1,53,0" doraHai="123" doraHaiUra="64" who="1" fromWho="3" sc="338,0,303,62,130,0,219,-52" /><INIT seed="4,0,0,1,2,26" ten="338,365,130,167" oya="0" hai0="4,53,40,18,38,110,1,112,29,2,14,128,113" hai1="94,23,30,57,58,125,43,69,105,56,122,5,77" hai2="13,124,118,117,28,22,44,96,74,101,60,86,73" hai3="123,81,72,119,41,27,90,83,63,71,99,126,50"/><T133/><D38/><U130/><E122/><V129/><F129/><W64/><G119/><N who="2" m="45577" /><F124/><W135/><G126/><T54/><D40/><U89/><E69/><V47/><F86/><W9/><G135/><T65/><D65/><U33/><E105/><N who="2" m="63655" /><F60/><W100/><G123/><T16/><D128/><U98/><E33/><V103/><F103/><W115/><G115/><N who="0" m="44107" /><D133/><U70/><E70/><V55/><F13/><W31/><G90/><T32/><D54/><U107/><E43/><V104/><F104/><N who="3" m="63519" /><G72/><N who="2" m="27753" /><F55/><W7/><G41/><T120/><D53/><U20/><E107/><V111/><F111/><W102/><G102/><T34/><D110/><U134/><E134/><V39/><F39/><W131/><G50/><T25/><D120/><U68/><E130/><V87/><F87/><W12/><G131/><T62/><D62/><U106/><E106/><V79/><F79/><W42/><G42/><T24/><D14/><U17/><E125/><V49/><F49/><W8/><G8/><N who="0" m="2063" /><D2/><U59/><E68/><V48/><F48/><W61/><G63/><T51/><D51/><U116/><E116/><V66/><F66/><W84/><G84/><T35/><D25/><AGARI ba="0,0" hai="22,25,28,44,47" m="27753,63655,45577" machi="25" ten="30,2000,0" yaku="12,1,52,1" doraHai="26" who="2" fromWho="0" sc="338,-20,365,0,130,20,167,0" /><INIT seed="5,0,0,1,0,78" ten="318,365,150,167" oya="1" hai0="51,109,52,76,12,100,29,46,115,96,116,83,3" hai1="71,135,106,4,66,88,118,102,50,35,54,85,89" hai2="103,72,122,44,19,113,130,92,20,134,55,91,7" hai3="81,107,33,6,39,38,87,5,63,101,124,42,57"/><U125/><E118/><V32/><F134/><W27/><G124/><T111/><D3/><U49/><E35/><V59/><F130/><W99/><G33/><T128/><D116/><U24/><E135/><V16/><F122/><W30/><G42/><T108/><D128/><U25/><E125/><V48/><F32/><W95/><G107/><T120/><D120/><U79/><E79/><V17/><F72/><W34/><G5/><T68/><D115/><U9/><E50/><V93/><F7/><W37/><G6/><T105/><D68/><U26/><E102/><V2/><F2/><W40/><G40/><T131/><D131/><U53/><E106/><V28/><F113/><W114/><G114/><T90/><D29/><U123/><E123/><V22/><F28/><W133/><G133/><T65/><D65/><U8/><E89/><V36/><F36/><W129/><G129/><T14/><REACH who="0" step="1"/><D90/><REACH who="0" ten="308,365,150,167" step="2"/><U132/><E66/><V15/><F91/><W94/><G30/><T58/><D58/><U61/><E71/><V0/><F0/><W75/><G57/><T84/><AGARI ba="0,1" hai="12,14,46,51,52,76,83,84,96,100,105,108,109,111" machi="84" ten="30,7900,0" yaku="1,1,0,1,52,1,54,1,53,0" doraHai="78" doraHaiUra="62" who="0" fromWho="0" sc="308,89,365,-39,150,-20,167,-20" /><INIT seed="6,0,0,5,1,58" ten="397,326,130,147" oya="2" hai0="69,132,46,35,48,116,30,27,70,135,133,90,53" hai1="114,2,81,76,39,128,82,113,68,3,37,115,89" hai2="8,134,66,21,4,7,24,17,91,25,23,47,51" hai3="130,43,77,63,33,118,99,73,111,52,62,96,105"/><V97/><F134/><W22/><G111/><T72/><D116/><U28/><E128/><V78/><F78/><W13/><G33/><T84/><D72/><N who="1" m="43143" /><E28/><V131/><F131/><W29/><G130/><T6/><D6/><U16/><E89/><V1/><F7/><W123/><G123/><T12/><D12/><U45/><E82/><AGARI ba="0,0" hai="27,30,35,46,48,53,69,70,82,84,90,132,133,135" machi="82" ten="40,1300,0" yaku="20,1" doraHai="58" who="0" fromWho="1" sc="397,13,326,-13,130,0,147,0" /><INIT seed="7,0,0,4,2,68" ten="410,313,130,147" oya="3" hai0="84,108,60,23,10,50,81,129,14,100,73,74,44" hai1="5,97,116,53,69,91,134,111,38,22,94,62,117" hai2="131,95,132,63,114,41,48,105,76,27,99,31,79" hai3="51,115,58,54,128,109,126,15,107,29,103,33,123"/><W120/><G107/><T65/><D108/><U80/><E111/><V6/><F105/><W87/><G109/><T110/><D110/><U64/><E134/><V135/><F114/><W86/><G103/><T130/><D100/><U0/><E22/><N who="2" m="15863" /><F6/><W119/><G115/><T2/><D2/><U96/><E96/><V77/><F63/><W26/><G119/><T85/><D23/><U17/><E17/><V25/><F25/><W59/><G128/><N who="0" m="49259" /><D60/><U9/><E53/><V83/><F131/><W121/><G126/><T67/><D67/><U19/><E19/><V43/><F83/><W1/><G1/><T92/><D65/><U30/><E80/><V56/><F135/><W71/><G71/><T11/><D92/><U3/><E30/><V8/><F8/><N who="0" m="3114" /><D14/><U90/><E3/><V72/><F72/><N who="0" m="27754" /><D81/><U122/><E122/><V7/><F7/><W98/><G15/><T42/><AGARI ba="0,0" hai="42,44,50,84,85" m="27754,3114,49259" machi="42" ten="40,1500,0" yaku="19,1" doraHai="68" who="0" fromWho="0" sc="410,15,313,-4,130,-4,147,-7" owari="425,52.0,309,11.0,126,-37.0,140,-26.0" /></mjloggm>