<mjloggm ver="2.3"><GO type="169" lobby="0"/><UN n0="%4E%45%4F%E3%81%B5%E3%81%A3%E3%81%8F%E3%82%93" n1="%33%31%6A%69%6E" n2="%44%2D%4C%65%61%72%6E" n3="%E3%83%88%E3%83%88%E3%83%AA%E5%85%88%E7%94%9F%31%39%E6%AD%B3" dan="16,19,16,19" rate="2111.15,2309.13,2057.08,2285.46" sx="M,F,M,F"/><TAIKYOKU oya="0"/><INIT seed="0,0,0,5,5,132" ten="250,250,250,250" oya="0" hai0="1,48,84,86,50,55,89,11,108,78,51,91,80" hai1="92,85,19,25,124,126,13,53,76,62,28,128,15" hai2="18,27,87,54,30,98,115,103,123,83,52,66,118" hai3="134,95,4,102,64,20,129,96,90,71,35,133,42"/><T44/><D108/><U5/><E128/><V58/><F123/><W112/><G35/><T46/><D78/><U74/><E74/><V45/><F115/><W24/><G112/><T81/><D1/><U114/><E114/><V60/><F18/><W63/><G129/><T21/><D11/><N who="1" m="4335" /><E62/><V22/><F45/><W113/><G113/><T75/><D75/><U16/><E53/><V101/><F101/><W125/><G4/><T72/><D72/><U109/><E109/><V67/><F67/><W56/><G125/><N who="1" m="48234" /><E15/><V69/><F69/><W39/><G71/><T107/><D107/><U26/><E26/><V82/><F118/><W61/><G61/><T105/><D105/><U32/><E92/><V94/><REACH who="2" step="1"/><F83/><AGARI ba="0,0" hai="16,19,25,28,32,76,83,85" m="48234,4335" machi="83" ten="30,8000,1" yaku="18,1,52,3,54,1" doraHai="132" who="1" fromWho="2" sc="250,0,250,80,250,-80,250,0" /><INIT seed="1,0,0,2,4,40" ten="250,330,170,250" oya="1" hai0="124,119,58,29,32,82,23,60,46,70,115,59,47" hai1="52,86,35,134,30,71,111,108,63,125,88,87,69" hai2="72,118,120,84,135,44,54,28,1,129,14,117,34" hai3="39,133,13,9,56,64,18,131,62,98,126,20,132"/><U4/><E125/><V25/><F120/><W100/><G126/><T61/><D124/><U65/><E134/><V66/><F72/><W15/><G131/><T24/><D119/><U127/><E127/><V31/><F1/><W92/><REACH who="3" step="1"/><G39/><REACH who="3" ten="250,330,170,240" step="2"/><T106/><D115/><U99/><E111/><V22/><F129/><W19/><AGARI ba="0,1" hai="9,13,15,18,19,20,56,62,64,92,98,100,132,133" machi="19" ten="30,4000,0" yaku="1,1,2,1,0,1,53,0" doraHai="40" doraHaiUra="75" who="3" fromWho="3" sc="250,-10,330,-20,170,-10,240,50" /><INIT seed="2,0,0,2,3,120" ten="240,310,160,290" oya="2" hai0="75,103,26,55,101,69,81,27,134,114,129,73,29" hai1="60,100,14,119,99,19,31,40,104,2,82,3,25" hai2="59,20,12,110,92,67,117,51,96,63,132,37,53" hai3="46,133,42,50,41,123,15,72,112,56,43,90,80"/><V113/><F113/><W84/><G123/><T13/><D114/><U106/><E119/><V86/><F117/><W94/><G112/><T44/><D134/><U87/><E104/><V57/><F132/><W35/><G35/><T102/><D129/><U47/><E60/><V105/><F37/><W127/><G133/><T4/><D69/><U38/><E19/><V33/><F33/><W88/><G127/><T135/><D135/><U22/><REACH who="1" step="1"/><E14/><REACH who="1" ten="240,300,160,290" step="2"/><V85/><F105/><W10/><G56/><T39/><D13/><U107/><E107/><V74/><F74/><W68/><G68/><T17/><D75/><U49/><E49/><V131/><F131/><W1/><G1/><T111/><D17/><U70/><E70/><V8/><F20/><W30/><G30/><T124/><D29/><U66/><E66/><V18/><REACH who="2" step="1"/><F110/><REACH who="2" ten="240,300,150,290" step="2"/><W83/><G72/><T28/><D73/><U128/><E128/><V6/><F6/><W48/><G10/><T125/><D4/><U34/><E34/><V52/><F52/><W115/><G115/><T16/><D55/><U77/><AGARI ba="0,2" hai="2,3,22,25,31,38,40,47,77,82,87,99,100,106" machi="77" ten="20,5200,0" yaku="1,1,0,1,7,1,53,1" doraHai="120" doraHaiUra="78" who="1" fromWho="1" sc="240,-13,300,72,150,-26,290,-13" /><INIT seed="3,0,0,3,5,64" ten="227,372,124,277" oya="3" hai0="67,45,63,19,62,38,113,98,122,73,41,12,135" hai1="51,20,82,2,115,116,58,10,31,40,84,37,88" hai2="39,23,15,94,91,118,42,30,101,49,22,74,110" hai3="6,48,44,132,119,92,114,130,75,1,81,95,26"/><W126/><G114/><T53/><D135/><U86/><E115/><V89/><F118/><W3/><G119/><T112/><D122/><U127/><E127/><V99/><F39/><W102/><G126/><T131/><D131/><U35/><E116/><V129/><F74/><W46/><G130/><T21/><D73/><U24/><E37/><V83/><F129/><W0/><G132/><T27/><D62/><U56/><E35/><V93/><F110/><W77/><G102/><T117/><D117/><U100/><E100/><V9/><F83/><W54/><G6/><T29/><D53/><U96/><E96/><V5/><F30/><W72/><G72/><T60/><D60/><U128/><E128/><V133/><F133/><W50/><REACH who="3" step="1"/><G26/><REACH who="3" ten="227,372,124,267" step="2"/><T59/><REACH who="0" step="1"/><D98/><REACH who="0" ten="217,372,124,267" step="2"/><U70/><E24/><V105/><F105/><W79/><G79/><T17/><D17/><U71/><E31/><V111/><F111/><W125/><G125/><T106/><D106/><U120/><E120/><V55/><F101/><W134/><G134/><T13/><D13/><U87/><E2/><V18/><F18/><W8/><G8/><AGARI ba="0,2" hai="8,12,19,21,27,29,38,41,45,59,63,67,112,113" machi="8" ten="40,1300,0" yaku="1,1,53,0" doraHai="64" doraHaiUra="34" who="0" fromWho="3" sc="217,33,372,0,124,0,267,-13" /><INIT seed="4,0,0,5,4,134" ten="250,372,124,254" oya="0" hai0="94,77,59,28,69,31,92,122,11,64,24,88,135" hai1="116,47,95,124,12,115,100,118,18,49,73,43,53" hai2="9,125,48,96,19,23,41,27,16,13,82,126,120" hai3="62,46,90,123,108,133,104,65,45,109,85,111,78"/><T34/><D122/><U114/><E124/><N who="2" m="47723" /><F120/><W113/><G123/><T57/><D135/><U15/><E73/><V52/><F96/><W117/><G133/><T70/><D77/><U26/><E26/><V107/><F82/><W35/><G117/><T60/><D28/><U39/><E15/><V20/><F41/><W36/><G35/><T5/><D70/><U42/><E95/><V129/><F129/><W3/><G3/><T14/><D94/><U103/><E103/><V66/><F66/><W8/><G104/><T101/><D101/><U79/><E100/><V121/><F121/><W7/><G108/><T75/><D75/><U102/><E102/><V93/><F93/><W71/><G109/><T0/><D0/><U6/><E43/><V132/><F132/><W63/><G111/><T50/><D50/><U106/><E106/><V55/><F107/><W74/><G74/><T37/><D37/><U2/><E42/><V61/><F61/><W112/><G36/><T98/><AGARI ba="0,0" hai="5,11,14,24,31,34,57,59,60,64,69,88,92,98" machi="98" ten="20,3900,0" yaku="0,1,7,1,54,1" doraHai="134" who="0" fromWho="0" sc="250,39,372,-13,124,-13,254,-13" /><INIT seed="4,1,0,1,4,90" ten="289,359,111,241" oya="0" hai0="9,52,55,114,122,6,88,124,110,121,58,23,17" hai1="69,79,15,123,71,81,126,3,86,116,20,134,37" hai2="94,97,120,111,78,32,95,70,40,53,100,128,36" hai3="25,21,43,31,13,83,63,2,104,92,0,84,16"/><T26/><D114/><U66/><E116/><V113/><F111/><W108/><G108/><T89/><D110/><U65/><E123/><V8/><F120/><W132/><G104/><T47/><D124/><U91/><E3/><V75/><F113/><W5/><G132/><T112/><D112/><U85/><E37/><V22/><F32/><W135/><G135/><T18/><D122/><U60/><E126/><V33/><F33/><W130/><G130/><T77/><D121/><U56/><E134/><V61/><F128/><W30/><G43/><T64/><D77/><U24/><E15/><V74/><F78/><W48/><G48/><N who="0" m="28703" /><D64/><U119/><E119/><V28/><F8/><N who="3" m="4239" /><G63/><N who="0" m="36319" /><D6/><U106/><E106/><V117/><F117/><W50/><G50/><T46/><D46/><U34/><E34/><V67/><F53/><W87/><G0/><T49/><D49/><U115/><E115/><V14/><F40/><W4/><G4/><T45/><D45/><U39/><E65/><V51/><F51/><W35/><G2/><T41/><D41/><U44/><E44/><V19/><F36/><W72/><G72/><T98/><D98/><U68/><E39/><V42/><F42/><W131/><G131/><T57/><D57/><U76/><E76/><V109/><F109/><W59/><G59/><T103/><D103/><U80/><E69/><V99/><F28/><AGARI ba="1,0" hai="20,24,28,56,60,66,68,71,79,80,81,85,86,91" machi="28" ten="30,1000,0" yaku="7,1" doraHai="90" who="1" fromWho="2" sc="289,0,359,13,111,-13,241,0" /><INIT seed="5,0,0,0,2,35" ten="289,372,98,241" oya="1" hai0="15,92,88,7,43,79,54,102,105,77,40,45,8" hai1="30,29,42,125,23,31,59,50,86,108,46,85,11" hai2="74,98,21,67,1,93,127,96,94,55,120,57,41" hai3="68,106,0,116,22,53,100,73,126,109,91,97,51"/><U66/><E125/><V103/><F127/><W134/><G109/><T131/><D131/><U115/><E115/><V48/><F120/><W49/><G126/><T60/><D105/><U63/><E108/><V83/><F41/><W89/><G68/><T4/><D102/><U99/><E11/><V82/><F67/><W75/><G134/><T113/><D113/><U34/><E34/><V10/><F74/><W2/><G116/><T58/><D4/><U81/><E99/><V38/><F38/><W72/><G22/><T135/><D135/><U32/><E32/><V17/><F10/><W47/><REACH who="3" step="1"/><G51/><REACH who="3" ten="289,372,98,231" step="2"/><N who="0" m="27071" /><D40/><U18/><REACH who="1" step="1"/><E81/><REACH who="1" ten="289,362,98,231" step="2"/><V123/><F123/><W13/><G13/><AGARI ba="0,2" hai="13,18,23,29,30,31,42,46,50,59,63,66,85,86" machi="13" ten="40,7700,0" yaku="1,1,2,1,8,1,53,0" doraHai="35" doraHaiUra="118" who="1" fromWho="3" sc="289,0,362,97,98,0,231,-77" /><INIT seed="5,1,0,4,4,83" ten="289,459,98,154" oya="1" hai0="23,60,21,113,34,70,3,67,44,75,94,91,40" hai1="129,132,106,103,33,13,64,93,38,66,20,55,119" hai2="109,102,74,96,95,73,123,39,130,117,108,7,124" hai3="11,22,118,125,131,46,19,15,56,29,26,28,54"/><U49/><E119/><V97/><F39/><W2/><G131/><T134/><D34/><U126/><E38/><V104/><F7/><W71/><G71/><T48/><D3/><U30/><E106/><V36/><F36/><W121/><G121/><T31/><D31/><U10/><E129/><V68/><F68/><W86/><G125/><T61/><D75/><U65/><E132/><V32/><F32/><W35/><G118/><T18/><D61/><U135/><E33/><V1/><F1/><W17/><G46/><T6/><D6/><U62/><E135/><V105/><F130/><W77/><G2/><T79/><D79/><U50/><E20/><V84/><F117/><W59/><G35/><T52/><D18/><U12/><E30/><V25/><F25/><W120/><G120/><T78/><D78/><U16/><E13/><V127/><F123/><W128/><G59/><T8/><D8/><U112/><E112/><V69/><F69/><W99/><G99/><T37/><D113/><U0/><E0/><V63/><F63/><N who="3" m="36247" /><G128/><T122/><D122/><U98/><E126/><V53/><F53/><W9/><G9/><T92/><D134/><U90/><E103/><V82/><F105/><W76/><G76/><T41/><D21/><U47/><REACH who="1" step="1"/><E50/><REACH who="1" ten="289,449,98,154" step="2"/><V111/><F127/><W110/><G29/><T89/><D23/><U100/><E100/><N who="2" m="60447" /><F124/><W4/><G28/><T116/><D116/><U45/><E45/><V27/><F27/><W51/><G51/><T57/><D37/><U14/><E14/><V87/><F74/><W114/><G114/><T115/><D115/><RYUUKYOKU ba="1,1" sc="289,-15,449,15,98,15,154,-15" hai1="10,12,16,47,49,55,62,64,65,66,90,93,98" hai2="73,82,84,87,97,102,104,108,109,111" /><INIT seed="5,2,1,0,2,11" ten="274,464,113,139" oya="1" hai0="117,53,86,85,123,103,91,100,104,19,70,36,50" hai1="27,114,29,37,33,12,46,126,55,88,121,96,124" hai2="4,35,111,58,113,90,43,125,109,26,61,47,23" hai3="77,22,45,69,74,1,28,80,40,49,32,9,131"/><U39/><E114/><V25/><F113/><W110/><G110/><T76/><D36/><U94/><E121/><V24/><F125/><N who="1" m="48233" /><E12/><V67/><F4/><W21/><G131/><T73/><D70/><U133/><E133/><V130/><F130/><W10/><G69/><T127/><D127/><U65/><E65/><V102/><F102/><W60/><G60/><T14/><D117/><U59/><E46/><V3/><F3/><W83/><G32/><T97/><D73/><U92/><E94/><V18/><F90/><W54/><G28/><T8/><D76/><U129/><E129/><V68/><F68/><W118/><G118/><T98/><D91/><U95/><E95/><V6/><F6/><N who="3" m="1231" /><G10/><T93/><D123/><U57/><E57/><AGARI ba="2,1" hai="8,14,19,50,53,57,85,86,93,97,98,100,103,104" machi="57" ten="30,2000,0" yaku="7,1,52,1" doraHai="11" who="0" fromWho="1" sc="274,36,464,-26,113,0,139,0" /><INIT seed="6,0,0,3,3,131" ten="310,438,113,139" oya="2" hai0="39,105,97,25,48,13,23,89,72,52,46,113,10" hai1="95,71,62,98,21,32,102,86,111,33,94,100,24" hai2="34,1,107,9,120,36,83,109,37,30,66,124,29" hai3="116,16,31,3,8,135,17,93,82,44,4,84,103"/><V61/><F120/><W20/><G116/><T118/><D72/><U68/><E111/><V73/><F109/><W114/><G114/><T28/><D118/><U126/><E126/><V134/><F124/><W26/><G135/><T51/><D39/><U110/><E110/><V75/><F30/><W6/><G6/><T133/><D133/><U40/><E40/><V43/><F107/><W49/><G93/><N who="0" m="56495" /><D105/><U38/><E38/><N who="2" m="14955" /><F43/><W76/><REACH who="3" step="1"/><G103/><REACH who="3" ten="310,438,113,129" step="2"/><T56/><D113/><U12/><E95/><V5/><F134/><W64/><G64/><T27/><D27/><U70/><E94/><V127/><F127/><W87/><G87/><T11/><D13/><U47/><E86/><V99/><F99/><W55/><AGARI ba="0,1" hai="3,4,8,16,17,20,26,31,44,49,55,76,82,84" machi="55" ten="20,5200,0" yaku="1,1,0,1,7,1,54,1,53,0" doraHai="131" doraHaiUra="104" who="3" fromWho="3" sc="310,-13,438,-13,113,-26,129,62" /><INIT seed="7,0,0,0,5,12" ten="297,425,87,191" oya="3" hai0="49,23,127,75,81,65,73,59,56,17,5,8,86" hai1="135,83,20,27,35,69,32,48,128,82,60,36,78" hai2="54,38,76,31,77,2,95,126,111,88,63,26,89" hai3="92,132,102,22,97,29,15,13,68,70,39,45,51"/><W134/><G39/><T71/><D71/><U101/><E36/><V10/><F111/><W122/><G122/><T16/><D127/><U34/><E101/><V21/><F38/><W18/><G29/><T108/><D108/><U125/><E125/><V79/><F126/><W117/><G117/><T55/><D73/><U9/><E9/><V67/><F2/><W129/><G129/><T1/><D75/><U99/><E99/><V84/><F10/><W103/><G103/><T100/><D100/><U106/><E106/><V28/><F89/><W19/><G132/><T37/><D23/><U33/><E33/><V72/><F72/><W131/><G131/><T74/><D74/><U64/><E128/><V110/><F110/><W44/><G134/><T40/><D40/><U80/><E48/><V98/><F54/><W116/><G116/><T6/><D6/><U66/><E66/><V133/><F133/><W91/><G102/><T87/><D87/><U47/><E47/><V130/><F130/><W30/><G30/><T61/><D37/><U62/><E64/><V114/><F114/><W90/><G90/><AGARI ba="0,0" hai="1,5,8,16,17,49,55,56,59,61,65,81,86,90" machi="90" ten="30,7700,0" yaku="7,1,52,2,54,1" doraHai="12" who="0" fromWho="3" sc="297,77,425,0,87,0,191,-77" owari="374,17.0,425,53.0,87,-41.0,114,-29.0" /></mjloggm>