<mjloggm ver="2.3"><GO type="169" lobby="0"/><UN n0="%3D%E5%9C%92%E5%9F%8E%E5%AF%BA%E6%80%9C%3D" n1="%E3%82%B8%E3%83%A7%E3%82%B8%E3%83%A7%E3%83%87%E3%82%A3%E3%82%AA" n2="%E3%81%A1%E3%81%B3%E3%81%A6%E3%81%A4" n3="%E3%83%88%E3%83%88%E3%83%AA%E5%85%88%E7%94%9F%31%39%E6%AD%B3" dan="16,16,17,19" rate="2100.32,2070.27,2166.07,2263.01" sx="F,M,M,F"/><TAIKYOKU oya="0"/><INIT seed="0,0,0,4,4,94" ten="250,250,250,250" oya="0" hai0="58,5,10,120,39,115,19,7,95,70,72,134,40" hai1="67,43,59,121,54,46,64,103,41,62,89,98,15" hai2="90,11,108,87,6,27,109,126,83,1,35,51,14" hai3="37,20,57,88,8,130,106,100,68,3,84,42,101"/><T102/><D70/><U53/><E121/><V49/><F126/><W74/><G68/><T66/><D72/><U76/><E76/><V116/><F116/><W9/><G74/><T82/><D39/><U16/><E89/><V56/><F1/><W128/><G20/><T61/><D40/><U18/><E18/><V75/><F75/><W118/><G118/><T2/><D115/><U117/><E117/><V78/><F56/><W113/><G113/><T0/><D134/><U48/><E43/><V31/><REACH who="2" step="1"/><F78/><REACH who="2" ten="250,250,240,250" step="2"/><W45/><G57/><T47/><D0/><U111/><E111/><AGARI ba="0,1" hai="6,11,14,27,31,35,49,51,83,87,90,108,109,111" machi="111" ten="40,5200,0" yaku="1,1,2,1,14,1,53,0" doraHai="94" doraHaiUra="133" who="2" fromWho="1" sc="250,0,250,-52,240,62,250,0" /><INIT seed="1,0,0,0,4,48" ten="250,198,302,250" oya="1" hai0="127,36,84,70,93,56,20,14,83,44,52,97,131" hai1="24,95,67,104,118,102,79,98,107,12,88,42,135" hai2="58,119,47,59,89,134,43,49,75,66,8,21,68" hai3="103,108,80,30,17,115,90,87,40,41,5,129,27"/><U51/><E118/><V46/><F75/><W61/><G115/><T77/><D70/><U60/><E79/><V33/><F33/><W96/><G108/><T69/><D69/><U73/><E73/><V16/><F119/><W71/><G129/><T19/><D127/><U91/><E135/><V39/><F8/><W23/><G5/><T10/><D131/><U111/><E111/><V11/><F11/><W72/><G72/><T9/><D44/><U0/><E0/><V122/><F122/><W92/><G71/><T99/><D99/><U28/><E12/><V106/><F106/><W85/><G61/><N who="0" m="35975" /><D36/><U26/><E104/><V55/><F134/><W45/><G87/><T50/><D50/><U117/><E117/><V133/><F133/><W35/><G45/><T53/><D53/><U18/><E42/><V65/><F65/><W54/><G54/><T130/><D130/><U38/><E38/><V86/><F68/><W3/><G3/><T78/><D78/><U2/><E51/><V109/><F66/><W29/><G29/><T32/><D32/><U63/><E2/><V76/><F76/><W121/><G121/><T81/><D81/><U1/><E1/><V64/><F64/><W62/><G62/><T13/><D13/><AGARI ba="0,0" hai="13,17,23,27,30,35,40,41,80,85,90,92,96,103" machi="13" ten="30,1000,0" yaku="7,1" doraHai="48" who="3" fromWho="0" sc="250,-10,198,0,302,0,250,10" /><INIT seed="2,0,0,5,5,92" ten="240,198,302,260" oya="2" hai0="22,53,124,39,10,57,19,102,86,88,61,130,72" hai1="122,47,120,79,68,31,58,2,125,101,66,96,95" hai2="37,83,107,67,80,117,106,15,55,8,135,99,6" hai3="94,87,76,28,1,63,98,104,70,44,48,25,45"/><V132/><F117/><W4/><G1/><T34/><D34/><U64/><E2/><V9/><F37/><W56/><G4/><T52/><D72/><U43/><E68/><V14/><F67/><W97/><G70/><T42/><D124/><U126/><E79/><V54/><F99/><N who="3" m="37899" /><G104/><T11/><D102/><U0/><E31/><V13/><F13/><W21/><G48/><T5/><D130/><U62/><E66/><V69/><F69/><W27/><G27/><T3/><D42/><U85/><E85/><V134/><F134/><W100/><G100/><T118/><D39/><N who="1" m="22015" /><E0/><V112/><F112/><W65/><G94/><T78/><D118/><U93/><E93/><V89/><F89/><W29/><G28/><T110/><D78/><U30/><E30/><V131/><F131/><W49/><G49/><T23/><D5/><AGARI ba="0,0" hai="5,6,8,9,14,15,54,55,80,83,106,107,132,135" machi="5" ten="25,2400,0" yaku="22,2" doraHai="92" who="2" fromWho="0" sc="240,-24,198,0,302,24,260,0" /><INIT seed="2,1,0,3,5,76" ten="216,198,326,260" oya="2" hai0="71,62,28,12,132,128,14,47,23,77,70,27,134" hai1="43,1,25,120,17,80,37,95,0,93,22,51,109" hai2="4,38,122,81,29,126,111,97,60,83,68,48,20" hai3="110,100,82,65,55,72,78,74,49,85,105,61,67"/><V107/><F122/><W18/><G110/><T123/><D123/><U42/><E109/><V52/><F38/><W115/><G115/><T3/><D3/><U26/><E120/><V54/><F4/><W2/><G2/><T66/><D71/><U6/><E37/><V127/><F111/><W94/><G105/><T34/><D128/><U133/><E133/><N who="0" m="51305" /><D47/><U92/><E6/><V106/><F20/><W46/><G67/><T101/><D101/><U86/><E26/><V119/><F29/><W96/><REACH who="3" step="1"/><G18/><REACH who="3" ten="216,198,326,250" step="2"/><T40/><D34/><U112/><E112/><V41/><F107/><W58/><AGARI ba="1,1" hai="46,49,55,58,61,65,72,74,78,82,85,94,96,100" machi="58" ten="20,8000,1" yaku="1,1,2,1,0,1,7,1,52,1,53,0" doraHai="76" doraHaiUra="19" who="3" fromWho="3" sc="216,-21,198,-21,326,-41,250,93" /><INIT seed="3,0,0,5,5,6" ten="195,177,285,343" oya="3" hai0="79,41,66,101,72,12,0,4,9,117,103,61,90" hai1="127,49,85,59,36,14,73,97,83,102,29,87,120" hai2="10,39,88,124,30,81,134,58,84,74,56,93,128" hai3="89,33,130,62,118,86,18,27,21,38,7,53,8"/><W122/><G118/><T78/><D117/><U51/><E36/><V24/><F39/><W52/><G122/><T107/><D41/><U125/><E120/><V132/><F128/><W96/><G38/><T108/><D108/><U106/><E73/><V63/><F124/><W48/><G130/><T94/><D107/><U20/><E87/><V71/><F71/><W15/><G33/><T54/><D54/><U68/><E68/><V50/><F50/><W47/><G96/><T112/><D0/><U57/><E51/><V99/><F74/><W113/><G113/><T104/><D104/><U35/><E35/><V64/><F58/><W123/><G123/><T69/><D112/><U82/><E82/><V95/><F10/><W45/><G62/><T115/><D115/><U116/><E116/><V11/><F11/><W42/><G47/><T75/><D75/><U26/><E49/><V91/><REACH who="2" step="1"/><F81/><AGARI ba="0,0" hai="7,8,15,18,21,27,42,45,48,52,53,81,86,89" machi="81" ten="30,11600,0" yaku="7,1,8,1,52,1,54,1" doraHai="6" who="3" fromWho="2" sc="195,0,177,0,285,-116,343,116" /><INIT seed="3,1,0,4,4,90" ten="195,177,169,459" oya="3" hai0="35,64,77,131,113,49,86,120,15,101,125,119,48" hai1="130,107,127,69,87,53,129,62,128,0,9,79,34" hai2="103,27,20,21,134,8,32,5,61,40,78,72,115" hai3="88,4,63,33,6,116,106,68,51,111,109,105,31"/><W57/><G116/><T28/><D15/><U76/><E107/><V60/><F103/><W74/><G74/><T26/><D64/><U66/><E34/><V92/><F115/><W80/><G68/><T16/><D16/><U104/><E104/><N who="3" m="40042" /><G51/><T10/><D10/><U50/><E127/><V37/><F32/><W97/><G31/><T84/><D26/><U29/><E87/><N who="0" m="33321" /><D48/><U12/><E0/><V13/><F21/><W98/><G33/><T132/><D101/><U85/><E85/><V99/><F40/><W75/><G57/><T124/><D113/><U19/><REACH who="1" step="1"/><E29/><REACH who="1" ten="195,167,169,459" step="2"/><V121/><F121/><W112/><G112/><T42/><D120/><U23/><E23/><V135/><F37/><W22/><G22/><T30/><D30/><U46/><AGARI ba="1,1" hai="9,12,19,46,50,53,62,66,69,76,79,128,129,130" machi="46" ten="30,4000,0" yaku="1,1,0,1,19,1,53,0" doraHai="90" doraHaiUra="1" who="1" fromWho="1" sc="195,-11,167,53,169,-11,459,-21" /><INIT seed="4,0,0,4,4,64" ten="184,220,158,438" oya="0" hai0="112,34,91,37,23,134,115,67,111,18,75,77,88" hai1="73,50,46,135,2,65,30,74,89,87,35,95,70" hai2="31,101,71,97,0,108,132,118,11,49,51,55,106" hai3="100,45,47,4,102,86,83,125,5,110,32,12,13"/><T63/><D37/><U33/><E2/><V61/><F108/><W43/><G110/><T56/><D34/><U78/><E135/><V10/><F132/><W69/><G32/><T104/><D104/><U123/><E123/><V52/><F118/><W22/><G69/><T98/><D134/><U114/><E114/><N who="0" m="43561" /><D98/><U107/><E107/><V48/><F31/><W16/><G125/><T80/><D111/><U93/><E35/><V21/><F21/><W20/><G20/><T133/><D133/><U57/><E57/><V41/><F41/><W26/><G26/><AGARI ba="0,0" hai="18,23,26,56,63,67,75,77,80,88,91" m="43561" machi="26" ten="30,2900,0" yaku="15,1,54,1" doraHai="64" who="0" fromWho="3" sc="184,29,220,0,158,0,438,-29" /><INIT seed="4,1,0,4,0,123" ten="213,220,158,409" oya="0" hai0="135,32,70,107,128,34,120,130,116,16,62,24,68" hai1="41,78,132,85,75,83,27,26,97,129,15,28,48" hai2="43,110,91,36,108,53,67,3,64,47,133,19,5" hai3="45,18,23,2,109,79,49,105,99,111,58,76,4"/><T39/><D39/><U12/><E129/><N who="0" m="49769" /><D120/><U98/><E132/><V134/><F91/><W73/><G58/><T17/><D116/><U59/><E75/><V44/><F19/><N who="0" m="7242" /><D135/><N who="2" m="51722" /><F5/><W52/><G4/><T40/><D40/><U92/><E97/><V72/><F72/><W89/><G73/><T11/><D107/><U30/><E27/><V96/><F96/><W118/><G118/><T42/><D42/><U35/><E30/><V77/><F77/><W0/><G79/><T46/><D46/><U101/><E41/><N who="2" m="22567" /><F53/><W87/><G76/><T31/><D11/><U80/><E80/><V37/><F3/><W104/><G104/><T55/><D32/><U9/><E9/><V50/><F37/><W57/><G45/><T86/><D86/><U93/><E93/><V126/><F126/><W63/><G105/><T22/><D34/><U82/><E82/><V125/><F125/><W51/><G87/><T13/><D13/><U54/><AGARI ba="1,0" hai="12,15,26,28,35,48,54,59,78,83,85,92,98,101" machi="54" ten="30,1100,0" yaku="0,1" doraHai="123" who="1" fromWho="1" sc="213,-6,220,14,158,-4,409,-4" /><INIT seed="5,0,0,4,0,111" ten="207,234,154,405" oya="1" hai0="100,96,15,68,82,106,39,64,78,3,11,8,1" hai1="43,21,45,37,117,88,131,32,81,76,89,110,134" hai2="49,50,69,52,115,58,130,16,92,0,118,109,35" hai3="29,104,126,119,46,17,124,18,51,125,13,122,25"/><U12/><E117/><V84/><F118/><W103/><G122/><T91/><D39/><U22/><E32/><V38/><F38/><W40/><G119/><T102/><D102/><U60/><E110/><V33/><F0/><W61/><G61/><T27/><D8/><U99/><E131/><V70/><F109/><W56/><G56/><T93/><D27/><U9/><E134/><V75/><F75/><W55/><G40/><T107/><D64/><U31/><E60/><V108/><F35/><N who="3" m="20911" /><G13/><T116/><D68/><U113/><E31/><V95/><F33/><W87/><G87/><T94/><D94/><U65/><E65/><V26/><F108/><W44/><G44/><T19/><D107/><U20/><E99/><AGARI ba="0,0" hai="17,18,46,51,55,99,103,104,124,125,126" m="20911" machi="99" ten="30,1000,0" yaku="18,1" doraHai="111" who="3" fromWho="1" sc="207,0,234,-10,154,0,405,10" /><INIT seed="6,0,0,0,0,117" ten="207,224,154,415" oya="2" hai0="61,12,9,37,73,93,72,124,6,41,16,83,106" hai1="121,98,97,130,48,127,107,3,26,32,112,132,7" hai2="75,119,126,78,64,125,76,113,49,2,4,38,88" hai3="21,29,69,60,66,24,108,74,128,82,42,27,40"/><V129/><F38/><W10/><G108/><T80/><D106/><U135/><E48/><V58/><F119/><W133/><G128/><T55/><D124/><N who="2" m="47722" /><F75/><W103/><G133/><T23/><D72/><U25/><E7/><V56/><F129/><W50/><G103/><T65/><D73/><U111/><E26/><V33/><F33/><W14/><G50/><T99/><D55/><U18/><E25/><V47/><F4/><W63/><G63/><T54/><D54/><U52/><E52/><N who="2" m="29759" /><F2/><W116/><G116/><T5/><D41/><U36/><E18/><V35/><F35/><W89/><G27/><T11/><D37/><U115/><E98/><V90/><F113/><W45/><G45/><T77/><D6/><U123/><E97/><V20/><F20/><W28/><G28/><T110/><D110/><U114/><E114/><V122/><F122/><W134/><G74/><T101/><D77/><N who="2" m="29802" /><F64/><W91/><G29/><T81/><REACH who="0" step="1"/><D5/><REACH who="0" ten="197,224,154,415" step="2"/><U67/><E111/><V70/><F70/><AGARI ba="0,1" hai="9,11,12,16,23,61,65,70,80,81,83,93,99,101" machi="70" ten="40,5200,0" yaku="1,1,2,1,54,1,53,0" doraHai="117" doraHaiUra="86" who="0" fromWho="2" sc="197,62,224,0,154,-52,415,0" /><INIT seed="7,0,0,5,4,130" ten="259,224,102,415" oya="3" hai0="59,97,33,15,100,7,37,105,4,6,71,24,13" hai1="55,62,30,78,88,104,32,29,112,68,109,28,73" hai2="43,9,95,39,44,25,45,17,116,81,8,74,38" hai3="129,126,51,61,14,34,5,40,123,87,79,76,134"/><W26/><G123/><T120/><D37/><U1/><E109/><V131/><F116/><W113/><G129/><T86/><D120/><U36/><E1/><V69/><F69/><W10/><G126/><T47/><D47/><U58/><E36/><V82/><F131/><W93/><G93/><T99/><D86/><U53/><E32/><V102/><F25/><W94/><G94/><T2/><D2/><U89/><E68/><V46/><F95/><W57/><G26/><T96/><D59/><U72/><E104/><V65/><F65/><W117/><G34/><T70/><D100/><U41/><E41/><V3/><F102/><W80/><G76/><T21/><D105/><U92/><E92/><V133/><F46/><W125/><G125/><T107/><D107/><U16/><E78/><V20/><F74/><W132/><G79/><T127/><D33/><U48/><E73/><V35/><F35/><W63/><G57/><T90/><D90/><N who="1" m="34923" /><E72/><V22/><F3/><W0/><G87/><T135/><D135/><U31/><E112/><V124/><F124/><W115/><G113/><T101/><D101/><U19/><E31/><V23/><F23/><W77/><G115/><T122/><D122/><U84/><E84/><V49/><F17/><W18/><G18/><N who="0" m="12343" /><D127/><U98/><E98/><V110/><F110/><W52/><G0/><T12/><AGARI ba="0,0" hai="4,6,7,12,13,15,70,71,96,97,99" m="12343" machi="12" ten="40,2700,0" yaku="29,2" doraHai="130" who="0" fromWho="0" sc="259,27,224,-7,102,-7,415,-13" owari="286,9.0,217,-18.0,95,-40.0,402,49.0" /></mjloggm>