<mjloggm ver="2.3"><GO type="169" lobby="0"/><UN n0="%E9%A6%AC%E6%9D%89%E5%AF%A7%E9%A6%99" n1="%79%61%6D%61%64%61" n2="%E3%83%88%E3%83%88%E3%83%AA%E5%85%88%E7%94%9F%31%39%E6%AD%B3" n3="%E3%81%8B%E3%82%8B%E3%81%B3%E3%81%99" dan="16,16,19,16" rate="2165.53,2102.99,2299.83,2035.84" sx="F,M,F,M"/><TAIKYOKU oya="0"/><INIT seed="0,0,0,3,1,103" ten="250,250,250,250" oya="0" hai0="66,53,17,5,122,125,41,58,87,44,128,73,71" hai1="64,107,10,55,95,100,46,19,124,11,116,119,21" hai2="88,14,57,129,79,31,127,90,32,134,75,132,76" hai3="69,27,33,112,111,70,61,113,133,51,28,106,96"/><T108/><D73/><U60/><E124/><V114/><F114/><W84/><G111/><T135/><D122/><U89/><E119/><V130/><F14/><W9/><G133/><N who="2" m="51305" /><F31/><W15/><G51/><N who="0" m="31039" /><D135/><U94/><E46/><V80/><F32/><W29/><G29/><T121/><D121/><U4/><E4/><V126/><F79/><W99/><G84/><T117/><D117/><U12/><E116/><V35/><F57/><W62/><G70/><T105/><D105/><U86/><E55/><V18/><F18/><W131/><G69/><T65/><D125/><N who="2" m="47626" /><F35/><W38/><G33/><T120/><D120/><U56/><E107/><V36/><F36/><W82/><G38/><N who="0" m="21559" /><D5/><U98/><AGARI ba="0,0" hai="10,11,12,19,21,56,60,64,86,89,94,95,98,100" machi="98" ten="30,2000,0" yaku="0,1,8,1" doraHai="103" who="1" fromWho="1" sc="250,-10,250,20,250,-5,250,-5" /><INIT seed="1,0,0,4,2,3" ten="240,270,245,245" oya="1" hai0="35,114,17,75,99,47,70,122,111,41,40,124,26" hai1="48,60,23,32,67,5,85,27,71,76,4,15,104" hai2="91,123,20,37,105,97,57,77,46,84,79,126,106" hai3="22,69,81,29,102,132,61,13,38,74,44,88,14"/><U110/><E104/><V109/><F123/><W6/><G132/><T125/><D114/><U100/><E100/><N who="2" m="62607" /><F57/><W45/><G102/><T42/><D70/><U72/><E72/><V120/><F46/><W9/><G38/><T43/><D75/><U58/><E110/><V87/><F37/><W10/><G22/><T8/><D122/><U24/><E32/><V127/><F20/><W31/><G61/><T107/><D111/><U66/><E71/><V121/><F106/><W117/><G69/><T56/><D56/><U133/><E133/><V30/><F30/><N who="3" m="11275" /><G74/><T134/><D134/><U12/><E67/><V63/><F63/><W118/><G118/><T96/><D107/><U73/><E73/><V7/><F109/><W54/><G54/><T16/><D35/><U103/><E48/><V101/><F101/><W130/><G130/><T51/><D26/><N who="1" m="9771" /><E103/><V18/><F120/><W28/><N who="3" m="11283" /><W68/><DORA hai="33" /><G68/><T94/><D99/><U116/><E116/><V59/><F121/><W112/><G117/><T39/><D39/><U65/><E65/><V49/><F49/><W131/><G131/><T93/><D96/><U21/><E21/><V11/><F127/><N who="0" m="48714" /><D8/><U64/><E64/><V119/><F126/><W53/><G112/><T34/><D34/><U55/><E66/><V135/><F135/><W80/><G10/><T86/><D86/><U129/><E129/><V98/><F87/><W0/><G9/><T78/><D78/><U83/><E23/><V36/><F119/><W89/><G89/><T19/><AGARI ba="0,0" hai="16,17,19,40,41,42,43,47,51,93,94" m="48714" machi="19" ten="40,2700,0" yaku="18,1,54,1" doraHai="3,33" who="0" fromWho="0" sc="240,27,270,-13,245,-7,245,-7" /><INIT seed="2,0,0,1,5,96" ten="267,257,238,238" oya="2" hai0="29,28,104,15,10,26,105,113,67,54,112,108,3" hai1="51,95,43,135,107,1,5,126,122,89,102,106,130" hai2="93,101,24,11,16,45,22,127,121,18,85,46,60" hai3="63,17,32,35,61,77,70,118,97,57,103,88,98"/><V7/><F121/><W114/><G118/><T123/><D67/><U71/><E71/><V128/><F128/><W50/><G77/><T27/><D54/><U25/><E130/><V33/><F127/><W125/><G125/><T13/><D123/><U100/><E122/><V94/><F33/><W9/><G114/><T92/><D92/><U72/><E72/><V52/><F18/><W62/><G70/><T90/><D90/><U36/><E36/><V69/><F93/><W31/><G31/><T41/><D41/><U131/><E131/><V20/><F20/><W83/><G50/><T81/><D81/><U19/><E1/><V115/><F115/><W84/><G57/><T42/><D42/><U111/><E5/><V116/><F116/><W37/><G37/><T65/><D65/><U40/><E19/><V66/><F52/><W119/><G119/><T6/><D108/><U23/><E111/><V64/><F64/><W53/><G53/><T12/><D105/><U55/><E55/><V79/><F79/><W86/><G86/><T49/><D49/><U74/><E51/><V87/><F87/><W58/><G58/><T59/><D59/><U47/><E126/><V82/><F82/><W14/><REACH who="3" step="1"/><G97/><REACH who="3" ten="267,257,238,228" step="2"/><T0/><D113/><U110/><E110/><V80/><F85/><W76/><G76/><T48/><D112/><U2/><E74/><V134/><F69/><W68/><G68/><T30/><D48/><U34/><E43/><V39/><F39/><W44/><G44/><T75/><D75/><U124/><E124/><V56/><F46/><W8/><G8/><RYUUKYOKU ba="0,1" sc="267,-10,257,-10,238,-10,228,30" hai3="9,14,17,32,35,61,62,63,83,84,88,98,103" /><INIT seed="3,1,1,1,4,98" ten="257,247,228,258" oya="3" hai0="131,65,2,132,124,23,8,54,81,91,96,135,29" hai1="130,53,90,42,113,70,108,32,129,16,93,46,63" hai2="134,88,0,66,100,128,105,14,27,92,15,39,94" hai3="110,122,86,104,9,125,22,44,24,48,11,56,115"/><W61/><G115/><T31/><D131/><N who="1" m="50187" /><E113/><V85/><F0/><W117/><G122/><T80/><D65/><N who="1" m="41279" /><E32/><V57/><F39/><W106/><G117/><T72/><D124/><U51/><E108/><V26/><F105/><W28/><G110/><T59/><D2/><U4/><E4/><V133/><F128/><W123/><G123/><T49/><D8/><U126/><E16/><V109/><F109/><W47/><G125/><T118/><D118/><U73/><E73/><V120/><F120/><W25/><G25/><N who="2" m="9225" /><F133/><N who="0" m="51274" /><D23/><U50/><E126/><V119/><F119/><W83/><G106/><T18/><D18/><U30/><E30/><N who="0" m="11273" /><D72/><U111/><E111/><V64/><F134/><W102/><G9/><T12/><D12/><N who="2" m="4650" /><F57/><W21/><G11/><T99/><D80/><U38/><E53/><V7/><F7/><W114/><G114/><T33/><D33/><U77/><E77/><V74/><F74/><W58/><G21/><T34/><D34/><U60/><E60/><V3/><F3/><W75/><G75/><T36/><D36/><U112/><E112/><V35/><F35/><W55/><G61/><T10/><D10/><U79/><E79/><V41/><F41/><W95/><G22/><T13/><D13/><U62/><E62/><V107/><F107/><W17/><G104/><T52/><D54/><U6/><E6/><V101/><F92/><W97/><G17/><T82/><D81/><U76/><E76/><V45/><F45/><W67/><G47/><T69/><D69/><U1/><E1/><V40/><F40/><W20/><G67/><AGARI ba="1,1" hai="64,66,67,85,88,94,100,101" m="4650,9225" machi="67" ten="30,7700,0" yaku="8,1,52,2,54,1" doraHai="98" who="2" fromWho="3" sc="257,0,247,0,228,90,258,-80" /><INIT seed="4,0,0,3,1,71" ten="257,247,318,178" oya="0" hai0="113,5,87,31,57,91,13,86,116,105,135,130,23" hai1="124,22,14,102,0,89,25,98,118,38,123,12,52" hai2="46,82,21,34,80,10,48,133,35,43,24,70,65" hai3="127,49,83,66,81,36,56,106,99,95,41,103,76"/><T114/><D105/><U111/><E118/><V97/><F133/><W60/><G127/><T30/><D116/><U79/><E111/><V100/><F10/><W67/><G67/><T132/><D86/><U32/><E123/><V78/><F65/><W37/><G106/><T44/><D57/><U27/><E0/><V77/><F70/><W40/><G83/><T2/><D44/><U88/><E79/><V85/><F97/><W112/><G112/><N who="0" m="43115" /><D91/><N who="1" m="34891" /><E38/><V110/><F100/><W109/><G109/><T58/><D58/><U19/><E32/><V61/><F61/><W3/><G3/><T73/><D87/><U29/><E124/><V9/><F9/><W108/><G108/><T69/><D73/><U92/><E52/><V128/><F128/><W55/><G41/><T131/><D2/><U26/><E14/><V126/><F110/><W122/><G40/><T74/><D69/><U8/><AGARI ba="0,0" hai="8,12,19,22,25,26,27,29,92,98,102" m="34891" machi="8" ten="30,2000,0" yaku="8,1,54,1" doraHai="71" who="1" fromWho="1" sc="257,-10,247,20,318,-5,178,-5" /><INIT seed="5,0,0,3,3,133" ten="247,267,313,173" oya="1" hai0="95,107,5,47,20,127,39,32,100,37,71,60,83" hai1="30,62,36,75,78,31,1,116,51,11,113,73,52" hai2="58,84,101,25,28,66,105,117,76,88,102,129,104" hai3="29,26,94,72,34,38,109,122,16,74,65,128,24"/><U41/><E116/><V18/><F117/><W89/><G122/><T103/><D32/><U118/><E118/><V110/><F110/><W96/><G109/><T49/><D5/><N who="1" m="1455" /><E62/><V8/><F129/><W40/><G128/><T0/><D0/><U50/><E51/><V126/><F76/><W21/><REACH who="3" step="1"/><G65/><REACH who="3" ten="247,267,313,163" step="2"/><N who="0" m="41383" /><D39/><U44/><E113/><V55/><F66/><W57/><G57/><T106/><D37/><U125/><E36/><V43/><F58/><W119/><G119/><T3/><D107/><U80/><E44/><AGARI ba="0,1" hai="16,21,24,26,29,34,38,40,44,72,74,89,94,96" machi="44" ten="40,5200,0" yaku="1,1,54,1,53,1" doraHai="133" doraHaiUra="91" who="3" fromWho="1" sc="247,0,267,-52,313,0,163,62" /><INIT seed="6,0,0,4,0,53" ten="247,215,313,225" oya="2" hai0="71,69,27,68,15,116,49,102,118,73,54,80,77" hai1="47,87,24,39,25,41,88,85,4,121,64,99,109" hai2="127,20,131,91,86,123,40,14,56,38,9,76,115" hai3="34,65,93,37,17,120,107,72,52,66,101,63,83"/><V18/><F123/><W10/><G34/><T108/><D108/><U19/><E109/><V57/><F38/><W61/><G37/><T132/><D132/><U104/><E121/><V98/><F115/><W6/><G107/><T31/><D102/><U70/><E4/><N who="2" m="3367" /><F131/><W8/><G120/><T22/><REACH who="0" step="1"/><D15/><REACH who="0" ten="237,215,313,225" step="2"/><U2/><E2/><V12/><F127/><W29/><G101/><T90/><D90/><U134/><E134/><V106/><F91/><W97/><G6/><T125/><D125/><U112/><E112/><V44/><F12/><W62/><G8/><T55/><D55/><U26/><E104/><V33/><F40/><W81/><G52/><T103/><D103/><U100/><E100/><V45/><F106/><W130/><G10/><T128/><D128/><U16/><E64/><V5/><F5/><W36/><G130/><T119/><D119/><U32/><E32/><V23/><F33/><W84/><G65/><T92/><D92/><U0/><E0/><V129/><F129/><W21/><G66/><T28/><D28/><U42/><E42/><V67/><F67/><W58/><G29/><T11/><D11/><U7/><E7/><V89/><F89/><W113/><G93/><T60/><D60/><U35/><E35/><V78/><F23/><W133/><G133/><T1/><D1/><U48/><E88/><V135/><F135/><W75/><G21/><T46/><AGARI ba="0,1" hai="22,27,31,46,49,54,68,69,71,73,77,80,116,118" machi="46" ten="40,2700,0" yaku="1,1,0,1,53,0" doraHai="53" doraHaiUra="111" who="0" fromWho="0" sc="237,37,215,-7,313,-13,225,-7" /><INIT seed="7,0,0,1,2,8" ten="274,208,300,218" oya="3" hai0="22,101,96,51,108,127,65,82,13,54,55,16,23" hai1="29,69,116,103,94,19,131,129,83,36,53,109,105" hai2="128,35,88,1,43,32,126,48,111,124,120,93,92" hai3="33,115,42,0,100,64,76,80,119,47,72,135,26"/><W87/><G119/><T112/><D108/><U122/><E109/><V60/><F111/><W70/><G0/><T97/><D127/><N who="2" m="48682" /><F1/><W104/><G115/><T71/><D71/><U20/><E116/><V77/><F77/><W6/><G6/><T98/><D65/><U61/><E122/><V9/><F9/><W62/><G135/><T118/><D118/><U91/><E36/><V75/><F75/><W59/><G59/><N who="0" m="33247" /><D112/><U89/><E29/><V40/><F128/><N who="1" m="49225" /><E105/><V106/><F106/><W18/><G87/><T63/><D82/><U68/><E103/><V2/><F2/><W30/><G18/><T27/><D101/><U81/><E89/><V50/><F60/><W130/><G130/><T134/><D134/><U85/><E61/><V17/><F17/><W79/><G79/><T86/><D86/><U38/><E38/><V102/><F102/><W56/><G100/><T24/><D23/><U90/><E90/><V121/><F93/><W41/><G104/><T133/><D133/><U113/><E113/><V114/><F114/><W123/><G123/><T10/><D10/><U52/><E94/><V78/><F120/><W11/><G11/><T117/><D117/><U28/><E83/><V37/><F121/><W125/><G125/><T34/><D34/><N who="2" m="12842" /><F37/><W84/><G72/><T31/><D31/><U73/><E73/><V49/><F78/><W57/><G62/><T39/><D39/><U58/><E28/><V5/><F5/><W25/><G30/><T67/><D67/><U14/><E58/><AGARI ba="0,0" hai="13,16,22,24,27,55,58,63,96,97,98" m="33247" machi="58" ten="30,3900,0" yaku="8,1,52,1,54,1" doraHai="8" who="0" fromWho="1" sc="274,39,208,-39,300,0,218,0" owari="313,41.0,169,-33.0,300,10.0,218,-18.0" /></mjloggm>