<mjloggm ver="2.3"><GO type="169" lobby="0"/><UN n0="%79%6A%69%72%6F" n1="%E3%83%9E%E3%83%A9%E3%83%A9%E3%83%BC%E2%99%82" n2="%E7%91%9E%E5%8E%9F%E3%81%AF%E3%82%84%E3%82%8A%E3%83%97%E3%83%AD" n3="%E3%83%88%E3%83%88%E3%83%AA%E5%85%88%E7%94%9F%31%39%E6%AD%B3" dan="16,16,18,19" rate="2098.17,2107.12,2181.10,2328.41" sx="M,M,F,F"/><TAIKYOKU oya="0"/><INIT seed="0,0,0,2,1,80" ten="250,250,250,250" oya="0" hai0="78,58,51,110,75,6,20,69,118,72,7,19,34" hai1="37,16,93,50,85,107,44,17,114,36,100,15,30" hai2="77,35,79,131,87,126,24,121,8,112,115,99,122" hai3="101,26,40,11,62,95,92,13,89,61,83,76,49"/><T73/><D118/><U91/><E114/><V132/><F35/><W81/><G26/><T88/><D69/><U10/><E30/><V74/><F24/><W130/><G130/><T127/><D34/><U27/><E27/><V82/><F8/><W90/><G101/><T29/><D29/><U42/><E107/><V41/><F41/><W123/><G123/><N who="2" m="47113" /><F131/><W94/><G83/><T120/><D120/><U23/><E100/><V111/><F111/><W43/><G62/><T59/><D78/><U53/><E36/><V25/><F25/><W5/><G61/><T63/><D127/><U9/><REACH who="1" step="1"/><E17/><REACH who="1" ten="250,240,250,250" step="2"/><V102/><F126/><W129/><G129/><T22/><D19/><U134/><E134/><V133/><F115/><W47/><REACH who="3" step="1"/><G43/><REACH who="3" ten="250,240,250,240" step="2"/><T64/><D110/><U124/><E124/><V4/><F112/><W125/><G125/><T113/><D113/><U18/><E18/><V32/><F102/><W60/><G60/><T1/><D63/><U109/><E109/><V135/><F135/><W116/><G116/><T97/><D64/><U52/><E52/><V39/><F133/><W57/><G57/><AGARI ba="0,2" hai="9,10,15,16,23,37,42,44,50,53,57,85,91,93" machi="57" ten="30,12000,2" yaku="1,1,7,1,25,2,52,1,54,1,53,0" doraHai="80" doraHaiUra="21" who="1" fromWho="3" sc="250,0,240,140,250,0,240,-120" /><INIT seed="1,0,0,0,4,22" ten="250,380,250,120" oya="1" hai0="11,56,96,30,1,28,58,109,105,113,76,77,12" hai1="60,26,53,72,92,43,98,131,17,82,119,106,102" hai2="120,80,112,38,99,115,31,20,32,88,114,21,41" hai3="85,94,37,95,68,66,130,71,75,70,35,118,135"/><U61/><E119/><V4/><F120/><W67/><G75/><T107/><D113/><U24/><E72/><V81/><F4/><W125/><G37/><T50/><D1/><U73/><E73/><V123/><F123/><W19/><G118/><T40/><D109/><U8/><E43/><V6/><F6/><W116/><G116/><T103/><D105/><U36/><E36/><V134/><F134/><W0/><G0/><T84/><D58/><N who="1" m="34895" /><E106/><V51/><F38/><W59/><G135/><T39/><D39/><U128/><E61/><V10/><F10/><W129/><G35/><T83/><D77/><U14/><E82/><N who="2" m="31851" /><F32/><W110/><G125/><T108/><D108/><U52/><E52/><V49/><F41/><W69/><G110/><T97/><D56/><U90/><E102/><V46/><F46/><W122/><G122/><T126/><D126/><U23/><E8/><V133/><F133/><W3/><G3/><T87/><D103/><U57/><E57/><V117/><F117/><W104/><G104/><T79/><D40/><U101/><E101/><V13/><F51/><W47/><G71/><T7/><D50/><U29/><E29/><N who="0" m="11369" /><D107/><U74/><E74/><V45/><F45/><W5/><G69/><T18/><D79/><U54/><E54/><V15/><F49/><W124/><G70/><T89/><D76/><U86/><E86/><V48/><F48/><W65/><G68/><T25/><D87/><U100/><E100/><V111/><F111/><W91/><G124/><T9/><D9/><U62/><E62/><V93/><F31/><W27/><G129/><AGARI ba="0,0" hai="14,17,23,24,26,90,92,98,128,129,131" m="34895" machi="129" ten="30,11600,0" yaku="6,1,19,1,52,2" doraHai="22" who="1" fromWho="3" sc="250,0,380,116,250,0,120,-116" /><INIT seed="1,1,0,2,5,104" ten="250,496,250,4" oya="1" hai0="39,34,20,22,68,47,40,57,27,42,61,13,106" hai1="71,73,43,7,80,128,12,110,48,96,36,67,135" hai2="95,125,56,113,76,52,45,86,81,92,14,130,51" hai3="108,55,79,121,64,16,124,60,10,2,84,6,46"/><U126/><E48/><V44/><F130/><W35/><G121/><T102/><D40/><U103/><E80/><V66/><F125/><W132/><G35/><T70/><D34/><U8/><E12/><V0/><F0/><W91/><G124/><T119/><D119/><U98/><E8/><V99/><F113/><W77/><G108/><T31/><D102/><U11/><E7/><V30/><F30/><W82/><G132/><T97/><D97/><U49/><E67/><V107/><F107/><W83/><G16/><T25/><D13/><U4/><E49/><V101/><F66/><W89/><G55/><T41/><D106/><U29/><E110/><V23/><F92/><W62/><G46/><T112/><D42/><U54/><E43/><V18/><AGARI ba="1,0" hai="14,18,23,44,45,51,52,56,76,81,86,95,99,101" machi="18" ten="30,4000,0" yaku="0,1,8,1,54,1" doraHai="104" who="2" fromWho="2" sc="250,-11,496,-21,250,43,4,-11" owari="239,-16.0,475,58.0,293,9.0,-7,-51.0" /></mjloggm>