<mjloggm ver="2.3"><GO type="169" lobby="0"/><UN n0="%E3%82%A6%E3%83%AB%E3%83%88%E3%83%A9%E7%AB%8B%E7%9B%B4" n1="%E3%81%BF%E3%81%A9%E3%82%8A%E7%89%A7%E5%A0%B4" n2="%67%61%70%61%6F" n3="%6B%6F%7A%61%6B%69%6E%67" dan="18,17,16,16" rate="2214.33,2188.96,2068.11,2124.38" sx="M,M,M,M"/><TAIKYOKU oya="0"/><INIT seed="0,0,0,2,0,8" ten="250,250,250,250" oya="0" hai0="108,122,110,68,91,18,50,31,78,12,133,98,75" hai1="56,53,48,132,70,96,3,5,125,120,40,33,13" hai2="52,23,127,89,7,21,37,62,49,129,15,102,20" hai3="38,16,0,44,117,124,81,42,17,32,82,59,61"/><T93/><D68/><U65/><E120/><V103/><F37/><W54/><G117/><T130/><D122/><U107/><E3/><V24/><F129/><W69/><G32/><T128/><D31/><U19/><E33/><V135/><F135/><W118/><G118/><T105/><D50/><U47/><E125/><V58/><F127/><W79/><G0/><T39/><D39/><U126/><E126/><V123/><F123/><W46/><G124/><T14/><D105/><U114/><E114/><V119/><F119/><W51/><G82/><N who="0" m="45407" /><D133/><U66/><E5/><V94/><F24/><W63/><G63/><T83/><D83/><U45/><E45/><V57/><F7/><W41/><REACH who="3" step="1"/><G69/><REACH who="3" ten="250,250,250,240" step="2"/><T92/><D92/><U74/><E70/><V26/><F26/><W100/><G100/><T101/><D101/><U116/><E116/><V104/><F104/><W95/><G95/><T2/><D2/><U97/><E107/><V55/><REACH who="2" step="1"/><F15/><REACH who="2" ten="250,250,240,240" step="2"/><W27/><G27/><T6/><D14/><U60/><E132/><V111/><F111/><N who="0" m="42538" /><D6/><U134/><E134/><V106/><F106/><W71/><G71/><T4/><D4/><U22/><E74/><AGARI ba="0,2" hai="16,17,38,41,42,44,46,51,54,59,61,74,79,81" machi="74" ten="30,3900,0" yaku="1,1,7,1,54,1,53,0" doraHai="8" doraHaiUra="29" who="3" fromWho="1" sc="250,0,250,-39,240,0,240,59" /><INIT seed="1,0,0,1,5,76" ten="250,211,240,299" oya="1" hai0="60,117,79,92,57,16,109,70,35,115,104,50,122" hai1="123,44,14,107,99,11,46,129,73,116,36,105,87" hai2="82,88,64,26,135,78,7,126,40,130,24,1,39" hai3="3,42,51,23,37,62,63,43,103,15,119,8,56"/><U32/><E116/><V127/><F64/><W29/><G37/><T68/><D104/><U91/><E123/><V13/><F1/><W86/><G3/><T94/><D35/><U106/><E73/><V48/><F39/><W30/><G119/><T93/><D115/><U54/><E32/><V2/><F2/><W85/><G103/><T72/><D117/><U77/><E129/><V58/><F135/><W84/><G23/><T21/><D50/><U97/><E77/><V132/><F132/><W96/><G96/><T110/><D122/><U71/><E71/><V101/><F101/><W95/><G95/><T124/><D124/><N who="2" m="47658" /><F78/><W102/><G102/><T65/><D70/><U128/><E128/><V114/><F114/><W6/><G62/><T121/><D68/><U134/><E134/><V33/><F33/><W47/><REACH who="3" step="1"/><G43/><REACH who="3" ten="250,211,240,289" step="2"/><T9/><D121/><U34/><E34/><V20/><F40/><W98/><G98/><N who="1" m="37386" /><E36/><V83/><F130/><W38/><G38/><T120/><D120/><U28/><E106/><V53/><F20/><W41/><G41/><T80/><REACH who="0" step="1"/><D9/><REACH who="0" ten="240,211,240,289" step="2"/><U66/><E107/><V112/><F112/><W17/><G17/><T25/><AGARI ba="0,2" hai="16,21,25,57,60,65,72,79,80,92,93,94,109,110" machi="25" ten="30,16000,3" yaku="1,1,2,1,0,1,52,1,54,1,53,3" doraHai="76" doraHaiUra="89" who="0" fromWho="0" sc="240,180,211,-80,240,-40,289,-40" /><INIT seed="2,0,0,0,4,76" ten="420,131,200,249" oya="2" hai0="109,105,11,95,26,115,16,75,19,14,124,126,40" hai1="120,117,60,99,72,113,4,132,3,73,7,78,79" hai2="58,118,35,93,30,119,122,61,114,91,123,85,52" hai3="12,94,38,49,50,2,0,1,88,100,82,134,8"/><V21/><F35/><W98/><G38/><T48/><D105/><U47/><E113/><V17/><F30/><W111/><G111/><T34/><D75/><U77/><E117/><V107/><F107/><W87/><REACH who="3" step="1"/><G134/><REACH who="3" ten="420,131,200,239" step="2"/><T131/><D109/><U55/><E132/><V129/><F114/><W42/><G42/><T90/><D40/><U67/><E72/><V15/><REACH who="2" step="1"/><F129/><REACH who="2" ten="420,131,190,239" step="2"/><W84/><G84/><T31/><D131/><U66/><E73/><V71/><F71/><W20/><G20/><T46/><D115/><U54/><E120/><AGARI ba="0,2" hai="15,17,21,52,58,61,85,91,93,118,119,120,122,123" machi="120" ten="40,3900,0" yaku="1,1,54,1,53,0" doraHai="76" doraHaiUra="44" who="2" fromWho="1" sc="420,0,131,-39,190,59,239,0" /><INIT seed="2,1,0,3,2,117" ten="420,92,249,239" oya="2" hai0="90,99,55,123,26,64,59,127,113,73,37,112,107" hai1="72,96,124,71,25,77,76,30,115,34,8,103,52" hai2="119,95,43,125,105,32,132,38,20,1,97,39,116" hai3="47,53,14,2,44,57,83,114,92,66,24,80,29"/><V13/><F1/><W111/><G2/><T93/><D127/><U102/><E115/><V88/><F32/><W19/><G111/><T134/><D134/><U22/><E124/><V98/><F125/><W104/><G104/><T122/><D64/><U79/><E71/><V51/><F132/><W101/><G114/><T129/><D129/><U91/><E34/><V42/><F39/><W17/><G66/><T110/><D110/><U35/><E35/><V70/><F70/><W16/><G14/><T84/><D37/><U85/><E72/><V69/><F69/><W33/><G101/><N who="0" m="62911" /><D59/><U40/><E40/><V5/><F38/><W60/><REACH who="3" step="1"/><G92/><REACH who="3" ten="420,92,249,229" step="2"/><T120/><D26/><U81/><E103/><V131/><F105/><W56/><G56/><T3/><D3/><U28/><E102/><V89/><F119/><W61/><G61/><T46/><D46/><AGARI ba="1,1" hai="16,17,19,24,29,33,44,46,47,53,57,60,80,83" machi="46" ten="40,2600,0" yaku="1,1,54,1,53,0" doraHai="117" doraHaiUra="65" who="3" fromWho="0" sc="420,-29,92,0,249,0,229,39" /><INIT seed="3,0,0,3,4,42" ten="391,92,249,268" oya="3" hai0="63,79,22,124,87,55,82,120,83,127,111,62,35" hai1="50,52,9,66,121,114,88,54,11,61,131,116,60" hai2="69,30,101,26,104,32,67,126,68,115,90,14,31" hai3="99,118,29,65,56,102,3,93,103,7,40,76,98"/><W10/><G118/><T77/><D35/><U72/><E121/><V16/><F115/><W57/><G29/><T4/><D120/><U123/><E114/><V122/><F126/><N who="0" m="48170" /><D111/><U80/><E123/><V17/><F122/><W125/><G125/><T84/><D4/><U81/><E131/><V105/><F31/><W21/><G65/><T64/><D55/><U135/><E135/><V89/><F17/><W53/><G21/><T49/><D49/><U86/><E116/><V8/><F104/><W12/><G3/><T108/><D108/><U58/><E72/><V47/><F69/><W24/><G24/><T94/><D22/><U129/><E81/><V113/><F113/><W71/><G71/><T51/><D51/><U109/><E129/><V117/><F117/><W41/><G76/><T107/><D107/><U44/><E109/><V6/><F6/><W70/><G70/><AGARI ba="0,0" hai="9,11,44,50,52,54,58,60,61,66,70,80,86,88" machi="70" ten="30,7700,0" yaku="7,1,52,1,54,2" doraHai="42" who="1" fromWho="3" sc="391,0,92,77,249,0,268,-77" /><INIT seed="4,0,0,4,4,133" ten="391,169,249,191" oya="0" hai0="105,70,17,66,52,56,109,60,74,38,126,39,26" hai1="36,116,106,27,53,90,50,54,7,63,16,10,89" hai2="35,111,102,48,118,122,21,110,42,120,86,43,44" hai3="117,13,6,135,99,114,115,49,87,130,112,125,103"/><T73/><D105/><U134/><E116/><V25/><F35/><W34/><G34/><T80/><D109/><U65/><E36/><V57/><F102/><W15/><G135/><T81/><D126/><U47/><E106/><V37/><F86/><W76/><G117/><T30/><D17/><U92/><E134/><V78/><F78/><W72/><G72/><T91/><D74/><U94/><E53/><N who="2" m="31911" /><F21/><W131/><G49/><T127/><D127/><U113/><E113/><V32/><F25/><W55/><G55/><T123/><D123/><N who="2" m="47146" /><F32/><W101/><G125/><T64/><D81/><U61/><E94/><V23/><F23/><W121/><G121/><T59/><D91/><U2/><E90/><V119/><F43/><W96/><G87/><T104/><D26/><U31/><E31/><V19/><F19/><W22/><G76/><T79/><D79/><U67/><E27/><V0/><F0/><W11/><G22/><T129/><D30/><U1/><E1/><V51/><F37/><W71/><G15/><T8/><D38/><U85/><REACH who="1" step="1"/><E16/><REACH who="1" ten="391,159,249,191" step="2"/><V95/><F95/><W93/><G115/><T3/><D3/><U45/><E45/><V100/><F100/><W20/><G114/><T75/><D39/><U132/><E132/><V24/><F24/><W41/><G112/><T18/><D18/><U62/><AGARI ba="0,1" hai="2,7,10,47,50,54,61,62,63,65,67,85,89,92" machi="62" ten="30,4000,0" yaku="1,1,0,1,53,1" doraHai="133" doraHaiUra="88" who="1" fromWho="1" sc="391,-20,159,50,249,-10,191,-10" /><INIT seed="5,0,0,1,0,11" ten="371,209,239,181" oya="1" hai0="14,5,1,94,71,87,29,10,51,37,113,96,105" hai1="54,38,129,44,4,8,59,125,6,57,40,108,89" hai2="100,56,36,32,122,103,45,97,74,130,39,22,70" hai3="16,33,135,115,26,63,131,76,88,82,83,19,28"/><U46/><E125/><V101/><F32/><W119/><G115/><T84/><D37/><U116/><E116/><V95/><F70/><W58/><G119/><T64/><D105/><U117/><E117/><V48/><F122/><W50/><G131/><T15/><D113/><U18/><E129/><V17/><F74/><W111/><G111/><T99/><D29/><U41/><E108/><V12/><F130/><W85/><G50/><T81/><D64/><U79/><E79/><V67/><F39/><W120/><G135/><T0/><D71/><U3/><E4/><V72/><F72/><W47/><G47/><T13/><D0/><U133/><E133/><V132/><F132/><W91/><G120/><T42/><D96/><U73/><E73/><V69/><F69/><W62/><G62/><T106/><D106/><U127/><E127/><V7/><F7/><W61/><G61/><T124/><D124/><U9/><E54/><V25/><F36/><W121/><G121/><T23/><D23/><U20/><E9/><N who="2" m="6287" /><F56/><W128/><G128/><T2/><D2/><U112/><E112/><V60/><F60/><W53/><G91/><N who="0" m="55775" /><D1/><U75/><E75/><AGARI ba="0,0" hai="16,19,26,28,33,53,58,63,75,76,82,83,85,88" machi="75" ten="30,3900,0" yaku="7,1,54,2" doraHai="11" who="3" fromWho="1" sc="371,0,209,-39,239,0,181,39" /><INIT seed="6,0,0,2,4,41" ten="371,170,239,220" oya="2" hai0="81,98,89,32,93,94,13,24,114,16,113,5,112" hai1="92,101,60,26,75,102,33,55,70,109,69,120,19" hai2="0,73,45,122,50,25,42,18,40,105,57,51,30" hai3="133,103,38,49,77,64,44,65,124,90,127,22,68"/><V59/><F73/><W87/><G77/><T129/><D129/><U63/><E109/><V71/><F105/><W62/><G103/><T79/><D5/><U82/><E120/><V37/><F0/><W34/><G34/><T84/><D94/><U4/><E4/><V135/><F18/><W8/><G133/><T29/><REACH who="0" step="1"/><D114/><REACH who="0" ten="361,170,239,220" step="2"/><U118/><E92/><V47/><F122/><W117/><G124/><T100/><D100/><U99/><E102/><V58/><F135/><W10/><G127/><T27/><D27/><U126/><E26/><V72/><F25/><W66/><G117/><T6/><D6/><U52/><E101/><V17/><F30/><W134/><G134/><T123/><D123/><U97/><E118/><V15/><F17/><W86/><G68/><T116/><D116/><U132/><E132/><V128/><F128/><W2/><G2/><T21/><AGARI ba="0,1" hai="13,16,21,24,29,32,79,81,84,89,93,98,112,113" machi="21" ten="30,4000,0" yaku="1,1,0,1,54,1,53,0" doraHai="41" doraHaiUra="131" who="0" fromWho="0" sc="361,50,170,-10,239,-20,220,-10" /><INIT seed="7,0,0,1,5,78" ten="411,160,219,210" oya="3" hai0="126,64,117,35,97,132,20,47,127,2,110,28,66" hai1="124,59,26,131,48,129,38,109,82,45,42,103,75" hai2="93,49,84,29,17,19,9,70,44,95,46,39,57" hai3="116,55,85,7,10,32,114,122,74,92,61,115,4"/><W40/><G74/><T11/><D35/><U102/><E109/><V22/><F70/><W60/><G122/><T52/><D110/><U1/><E124/><N who="0" m="47657" /><D132/><U77/><E26/><N who="2" m="16599" /><F39/><W51/><G32/><T25/><D117/><U58/><E1/><V128/><F128/><W21/><G116/><T83/><D83/><U100/><REACH who="1" step="1"/><E38/><REACH who="1" ten="411,150,219,210" step="2"/><V16/><F9/><W72/><G10/><T107/><D2/><U101/><N who="1" m="25600" /><DORA hai="118" /><U105/><E105/><V130/><F130/><AGARI ba="0,1" hai="42,45,48,58,59,75,77,82,129,130,131" m="25600" machi="130" ten="50,16000,3" yaku="1,1,19,1,52,1,53,5" doraHai="78,118" doraHaiUra="79,96" who="1" fromWho="2" sc="411,0,150,170,219,-160,210,0" owari="411,51.0,320,12.0,59,-44.0,210,-19.0" /></mjloggm>