<mjloggm ver="2.3"><GO type="169" lobby="0"/><UN n0="%E6%96%87%E5%9B%9B%E9%83%8E" n1="%E8%99%8E%E7%9A%AE%E7%8C%AB" n2="%E5%85%83%E6%B0%97%E4%B8%80%E7%99%BA" n3="%E3%83%88%E3%83%88%E3%83%AA%E5%85%88%E7%94%9F%31%39%E6%AD%B3" dan="16,16,16,19" rate="2153.34,2023.34,2104.65,2270.24" sx="M,F,F,F"/><TAIKYOKU oya="0"/><INIT seed="0,0,0,0,2,17" ten="250,250,250,250" oya="0" hai0="31,0,38,40,105,2,114,80,76,28,66,10,86" hai1="125,129,100,127,14,115,30,81,82,70,60,112,83" hai2="93,69,46,64,24,45,109,108,96,131,89,97,87" hai3="73,52,65,106,16,71,53,19,98,91,32,104,33"/><T47/><D114/><N who="1" m="43563" /><E100/><V49/><F131/><W63/><G73/><T118/><D118/><U134/><E129/><V55/><F69/><W103/><G104/><T21/><D105/><U26/><E14/><V75/><F75/><W123/><G123/><T44/><D66/><N who="1" m="41287" /><E134/><V15/><F64/><W126/><G126/><N who="1" m="48138" /><E81/><V4/><F45/><W23/><G91/><T56/><D47/><U124/><N who="1" m="48146" /><U95/><DORA hai="20" /><E95/><V88/><F89/><W67/><G67/><T8/><D56/><U90/><E90/><V128/><F128/><W94/><G94/><T61/><D61/><U35/><AGARI ba="0,0" hai="26,30,35,82,83" m="48146,41287,43563" machi="35" ten="50,6400,0" yaku="11,1,18,1,52,1" doraHai="17,20" who="1" fromWho="1" sc="250,-32,250,64,250,-16,250,-16" /><INIT seed="1,0,0,2,1,16" ten="218,314,234,234" oya="1" hai0="1,7,54,60,69,131,50,129,62,78,119,63,130" hai1="90,41,80,77,122,61,76,11,35,46,113,48,65" hai2="95,23,134,86,92,2,91,97,116,128,94,105,124" hai3="18,83,51,87,121,9,42,28,13,107,26,84,58"/><U72/><E122/><V104/><F2/><W100/><G121/><T20/><D78/><U10/><E113/><V49/><F116/><W89/><G107/><T118/><D69/><U79/><E35/><V4/><F4/><W67/><G100/><T57/><REACH who="0" step="1"/><D20/><REACH who="0" ten="208,314,234,234" step="2"/><U126/><E76/><V85/><F23/><N who="3" m="15455" /><G84/><T22/><D22/><U39/><E77/><V81/><F134/><W75/><G75/><T125/><D125/><U40/><E126/><V109/><F124/><W19/><G9/><AGARI ba="0,1" hai="1,7,9,50,54,57,60,62,63,118,119,129,130,131" machi="9" ten="50,3200,0" yaku="1,1,19,1,53,0" doraHai="16" doraHaiUra="25" who="0" fromWho="3" sc="208,42,314,0,234,0,234,-32" /><INIT seed="2,0,0,5,0,135" ten="250,314,234,202" oya="2" hai0="26,25,14,32,64,35,52,47,126,57,24,63,91" hai1="49,96,28,2,41,112,40,19,58,0,38,127,132" hai2="134,67,110,114,74,94,68,81,119,43,72,121,92" hai3="59,9,88,84,22,61,23,70,115,12,18,104,131"/><V69/><F114/><W78/><G104/><T44/><D126/><U99/><E112/><V16/><F119/><W5/><G115/><T65/><D14/><U90/><E132/><V122/><F134/><W111/><G111/><T20/><D20/><U123/><E123/><V120/><F43/><W10/><G70/><T130/><D130/><U76/><E76/><V101/><F110/><W36/><G36/><T62/><D91/><U118/><E118/><V80/><F101/><W60/><G78/><T33/><REACH who="0" step="1"/><D65/><REACH who="0" ten="240,314,234,202" step="2"/><U17/><E90/><V97/><F67/><W87/><G131/><T31/><D31/><U11/><E28/><V37/><F120/><W42/><G23/><T83/><D83/><U103/><E127/><V95/><F121/><W71/><G10/><T48/><D48/><U133/><E49/><V124/><F122/><W106/><G61/><T29/><D29/><U54/><E11/><V3/><F124/><W105/><G88/><T79/><D79/><U85/><E133/><V107/><F37/><W27/><G60/><T102/><D102/><U34/><E103/><V13/><F80/><W30/><G30/><T55/><D55/><U8/><E54/><V113/><F113/><W77/><G77/><T117/><D117/><U116/><E8/><N who="2" m="6183" /><F81/><W86/><G42/><T46/><D46/><U6/><E38/><V1/><F1/><W129/><G129/><T73/><D73/><N who="2" m="28266" /><F3/><W53/><G71/><AGARI ba="0,1" hai="24,25,26,32,33,35,44,47,52,57,62,63,64,71" machi="71" ten="50,8000,1" yaku="1,1,54,1,53,3" doraHai="135" doraHaiUra="21" who="0" fromWho="3" sc="240,90,314,0,234,0,202,-80" /><INIT seed="3,0,0,4,4,102" ten="330,314,234,122" oya="3" hai0="8,118,1,125,101,132,42,88,64,78,19,77,50" hai1="74,32,91,57,6,31,122,61,70,96,72,62,26" hai2="27,126,79,100,35,2,104,124,41,81,49,29,52" hai3="135,105,90,115,25,80,120,5,24,113,48,131,3"/><W87/><G120/><T54/><D118/><U44/><E122/><V69/><F2/><W71/><G71/><T68/><D42/><U83/><E6/><V55/><F69/><W37/><G37/><T128/><D125/><N who="2" m="48234" /><F41/><W95/><G131/><T82/><D128/><U127/><E127/><V20/><F35/><W14/><G3/><T92/><D101/><U46/><E70/><V107/><F100/><W76/><G135/><T9/><D132/><U93/><E62/><V38/><F38/><W65/><G105/><N who="2" m="40521" /><F49/><W59/><G115/><T36/><D36/><U16/><E72/><AGARI ba="0,0" hai="20,27,29,52,55,72,79,81" m="40521,48234" machi="72" ten="30,8000,1" yaku="18,1,52,3,54,1" doraHai="102" who="2" fromWho="1" sc="330,0,314,-80,234,80,122,0" /><INIT seed="4,0,0,3,0,13" ten="330,234,314,122" oya="0" hai0="2,64,61,19,29,95,30,129,45,100,82,102,50" hai1="60,122,88,135,32,43,44,105,10,107,84,28,117" hai2="132,8,38,20,6,94,70,22,134,63,101,41,116" hai3="24,49,62,120,3,27,65,126,9,25,75,106,130"/><T72/><D2/><U109/><E117/><V18/><F116/><W59/><G106/><T131/><D72/><U98/><E122/><V56/><F70/><W58/><G75/><T79/><D82/><U14/><E109/><V15/><F41/><W68/><G120/><T133/><D79/><U39/><E135/><N who="2" m="51755" /><F38/><W92/><G130/><N who="0" m="49675" /><D133/><U121/><E121/><V52/><F6/><W114/><G114/><T33/><D19/><U127/><E127/><V111/><F111/><W26/><G126/><T103/><D95/><U99/><E60/><V86/><F86/><W125/><G125/><T108/><D33/><U76/><E76/><V34/><F34/><W119/><G119/><T67/><D108/><U87/><E87/><V40/><F40/><W36/><G36/><T113/><D113/><U89/><E105/><V77/><F77/><W7/><N who="3" m="6144" /><DORA hai="85" /><W81/><G81/><T4/><D4/><U21/><E32/><V11/><F11/><W96/><REACH who="3" step="1"/><G49/><REACH who="3" ten="330,234,314,112" step="2"/><T55/><D61/><U91/><E107/><V80/><F80/><W53/><G53/><T93/><D93/><U83/><E21/><V97/><AGARI ba="0,1" hai="8,15,18,20,22,52,56,63,94,97,101" m="51755" machi="97" ten="30,4000,0" yaku="20,1,52,1,54,1" doraHai="13,85" who="2" fromWho="2" sc="330,-20,234,-10,314,50,112,-10" /><INIT seed="5,0,0,1,5,6" ten="310,224,364,102" oya="1" hai0="69,54,27,10,16,129,2,44,79,94,43,132,124" hai1="37,109,18,114,48,39,4,119,35,77,26,15,3" hai2="113,111,83,47,115,58,8,71,128,107,120,87,127" hai3="91,82,80,73,93,105,75,104,30,50,96,55,62"/><U52/><E119/><V98/><F71/><W14/><G50/><T45/><D69/><U86/><E114/><V130/><F111/><W131/><G55/><T72/><D124/><U116/><E116/><V28/><F28/><W60/><G60/><T57/><D129/><N who="2" m="49770" /><F58/><W135/><G14/><T0/><D132/><U67/><E67/><V42/><F120/><W19/><G19/><T9/><D94/><U5/><E109/><V97/><F8/><W46/><G46/><T85/><D72/><N who="3" m="27721" /><G62/><T23/><D2/><U133/><E133/><V125/><F47/><N who="0" m="17994" /><D0/><U89/><E37/><V32/><F42/><W1/><G30/><T53/><D43/><U117/><E39/><V11/><F11/><N who="0" m="4106" /><D57/><U66/><E3/><V61/><F61/><W22/><G1/><T24/><D27/><U76/><E4/><V13/><F32/><W101/><G131/><T49/><D49/><U95/><E5/><V108/><F108/><W65/><G135/><T12/><D24/><U122/><E117/><V40/><F40/><W78/><G22/><T17/><D17/><U56/><E26/><V81/><F13/><W59/><G59/><T20/><D23/><N who="1" m="11743" /><E35/><V38/><F38/><W103/><G65/><T110/><D110/><U74/><E66/><V90/><F125/><W70/><G70/><T134/><D134/><U25/><E25/><V68/><F68/><W33/><G33/><T7/><D7/><U51/><E51/><V123/><F127/><W100/><G78/><T36/><D36/><U118/><E118/><V112/><F112/><W41/><G41/><T21/><D21/><RYUUKYOKU ba="0,0" sc="310,15,224,-15,364,-15,102,15" hai0="12,16,20,53,54,79,85" hai3="80,82,91,93,96,100,101,103,104,105" /><INIT seed="6,1,0,2,4,77" ten="325,209,349,117" oya="2" hai0="9,122,110,0,67,36,128,45,63,58,87,96,91" hai1="114,32,3,35,2,74,124,62,42,127,79,105,4" hai2="59,121,107,97,27,70,69,111,81,44,25,5,106" hai3="108,120,61,134,8,13,17,11,6,47,46,109,23"/><V26/><F121/><W48/><G120/><T101/><D122/><U135/><E105/><V89/><F5/><W7/><G134/><T103/><D110/><U12/><E135/><V38/><F111/><W68/><G108/><T21/><D128/><U129/><E129/><V85/><F59/><W1/><G109/><T28/><D0/><U82/><E114/><V52/><F97/><W88/><G68/><T37/><D9/><N who="1" m="4135" /><E42/><V54/><F38/><W20/><G61/><T83/><D45/><U22/><E22/><V104/><REACH who="2" step="1"/><F44/><REACH who="2" ten="325,209,339,117" step="2"/><W51/><G47/><T116/><D116/><U53/><E2/><V115/><F115/><W72/><G7/><T19/><D37/><U102/><E3/><V78/><F78/><W93/><G51/><T16/><D36/><U30/><E79/><V50/><F50/><W55/><REACH who="3" step="1"/><G72/><REACH who="3" ten="325,209,339,107" step="2"/><T118/><D118/><U60/><E74/><V117/><F117/><W133/><G133/><T49/><D49/><U84/><E62/><V14/><F14/><W66/><G66/><T15/><D15/><U90/><E60/><V18/><F18/><W40/><G40/><T99/><D19/><U64/><E64/><V34/><F34/><W131/><G131/><T57/><D58/><U43/><E35/><V125/><F125/><W24/><G24/><N who="0" m="16399" /><D16/><U94/><E43/><V73/><F73/><W113/><G113/><T132/><D132/><U98/><E124/><V29/><F29/><W95/><G95/><T33/><D33/><U126/><E127/><V10/><F10/><W31/><G31/><T92/><D92/><U86/><E126/><RYUUKYOKU ba="1,2" sc="325,10,209,-30,339,10,107,10" hai0="57,63,67,83,87,91,96,99,101,103" hai2="25,26,27,52,54,69,70,81,85,89,104,106,107" hai3="1,6,8,11,13,17,20,23,46,48,55,88,93" /><INIT seed="6,2,2,1,0,99" ten="335,179,349,117" oya="2" hai0="41,8,21,68,4,60,93,127,54,96,58,38,18" hai1="90,26,119,109,13,81,124,36,134,12,95,129,16" hai2="103,132,89,122,86,3,106,7,17,78,2,31,130" hai3="14,57,83,65,97,19,20,1,80,33,45,94,116"/><V42/><F122/><W10/><G116/><T56/><D68/><U104/><E119/><V100/><F78/><W11/><G33/><T9/><D127/><U25/><E124/><V47/><F31/><W15/><G1/><T76/><D76/><U74/><E109/><V34/><F34/><W29/><G45/><T91/><D4/><U64/><E134/><V107/><F7/><W114/><G114/><T75/><D75/><U40/><E129/><V48/><F132/><W52/><G65/><T105/><D105/><U22/><E104/><V108/><F130/><W66/><G66/><T46/><REACH who="0" step="1"/><D58/><REACH who="0" ten="325,179,349,117" step="2"/><U6/><E6/><V87/><F107/><W30/><G30/><T101/><D101/><U35/><E74/><V112/><F106/><W23/><G80/><T84/><D84/><U133/><E81/><V85/><F86/><W59/><G83/><T32/><D32/><U125/><E125/><V43/><F85/><W123/><G59/><T49/><D49/><U51/><E51/><V39/><F48/><N who="3" m="30855" /><G123/><T67/><D67/><U70/><E64/><V27/><F108/><W102/><G29/><T55/><D55/><U126/><E126/><V121/><F121/><W113/><G113/><T111/><D111/><U62/><E133/><V73/><F112/><W135/><G135/><T128/><D128/><U115/><E115/><V0/><F73/><W120/><G120/><T98/><D98/><N who="1" m="57719" /><E70/><V88/><F87/><W72/><G72/><T63/><D63/><U118/><E62/><V69/><F69/><W79/><G79/><T37/><D37/><U117/><E118/><RYUUKYOKU ba="2,3" sc="325,15,179,-15,349,-15,117,15" hai0="8,9,18,21,38,41,46,54,56,60,91,93,96" hai3="10,11,14,15,19,20,23,94,97,102" /><INIT seed="7,3,3,5,3,129" ten="340,164,334,132" oya="3" hai0="125,6,60,18,117,41,98,66,16,7,62,92,120" hai1="111,1,36,102,34,75,91,86,63,54,55,94,52" hai2="119,85,99,33,121,17,90,84,56,103,132,61,68" hai3="116,58,118,108,2,46,13,42,114,126,65,44,131"/><W122/><G2/><T35/><D117/><N who="3" m="45161" /><G13/><T21/><D120/><U29/><E111/><V11/><F119/><W32/><G32/><T22/><D35/><U96/><E1/><V40/><F121/><W134/><G122/><T124/><D41/><U115/><E115/><V101/><F68/><W133/><G114/><T3/><D3/><U127/><E127/><N who="0" m="48713" /><D21/><U9/><E36/><V113/><F113/><W23/><G23/><T105/><D105/><U30/><E75/><V81/><F33/><W89/><G126/><T27/><D18/><U45/><E9/><V123/><F123/><W100/><G100/><N who="0" m="60487" /><D62/><U0/><E0/><V8/><F103/><W87/><G108/><T20/><D22/><U80/><E34/><V79/><F101/><W128/><G87/><T5/><D6/><U57/><E45/><N who="3" m="17514" /><G42/><T4/><D7/><U109/><E109/><V50/><F84/><W82/><G82/><T10/><D10/><U67/><AGARI ba="3,3" hai="29,30,52,54,55,57,63,67,80,86,91,94,96,102" machi="67" ten="30,4000,0" yaku="0,1,8,1,54,1" doraHai="129" who="1" fromWho="1" sc="340,-13,164,79,334,-13,132,-23" owari="327,43.0,243,-16.0,321,12.0,109,-39.0" /></mjloggm>