<mjloggm ver="2.3"><GO type="169" lobby="0"/><UN n0="%E3%82%A6%E3%83%AB%E3%83%88%E3%83%A9%E7%AB%8B%E7%9B%B4" n1="%65%69%6B%31" n2="%E3%81%BF%E3%81%91%E3%81%AD%E3%81%93%E3%80%82" n3="%E4%BA%BA%E7%94%9F%E6%AE%8B%E3%82%8A%E5%8D%83%E7%82%B9" dan="18,18,16,16" rate="2256.00,2161.75,2151.04,2055.34" sx="M,M,F,M"/><TAIKYOKU oya="0"/><INIT seed="0,0,0,1,1,94" ten="250,250,250,250" oya="0" hai0="96,123,11,61,47,41,31,134,130,121,68,107,48" hai1="53,124,82,16,99,79,112,21,59,4,49,29,42" hai2="12,36,35,103,86,91,57,76,62,120,1,84,5" hai3="97,65,126,80,40,128,129,63,9,54,28,27,13"/><T18/><D130/><U33/><E124/><V10/><F120/><W51/><G126/><T69/><D134/><U118/><E118/><V88/><F35/><W87/><G40/><T71/><D31/><U14/><E112/><V22/><F36/><W102/><G128/><T85/><D85/><U2/><E42/><V30/><F103/><W78/><G129/><T135/><D135/><U74/><E2/><V92/><F76/><W23/><G51/><T81/><D81/><U45/><E4/><V43/><F43/><W131/><G54/><T133/><D133/><U72/><E99/><V38/><F38/><W8/><G13/><T50/><D50/><U3/><E3/><V77/><F77/><W26/><G26/><T67/><D18/><U32/><E74/><V7/><F22/><W98/><G131/><T37/><D11/><N who="3" m="4169" /><G102/><N who="0" m="62919" /><D48/><U15/><E15/><V122/><F1/><W58/><AGARI ba="0,0" hai="23,27,28,58,63,65,78,80,87,97,98" m="4169" machi="58" ten="30,4000,0" yaku="8,1,52,2" doraHai="94" who="3" fromWho="3" sc="250,-20,250,-10,250,-10,250,40" /><INIT seed="1,0,0,0,2,98" ten="230,240,240,290" oya="1" hai0="33,87,59,60,123,134,13,22,107,50,116,75,57" hai1="113,34,109,10,2,39,15,1,67,92,120,82,104" hai2="24,114,102,89,31,21,7,5,20,37,77,40,28" hai3="99,105,14,90,51,68,84,110,56,9,76,96,125"/><U101/><E113/><V0/><F77/><W66/><G110/><T130/><D33/><U73/><E120/><V80/><F114/><W48/><G125/><T27/><D75/><U6/><E104/><V47/><F0/><W117/><G117/><T93/><D107/><U64/><E34/><V83/><F102/><W29/><G76/><T49/><D116/><U36/><E109/><V58/><F58/><W103/><G96/><T45/><D130/><U112/><E112/><V38/><F38/><W108/><G29/><T85/><D134/><U3/><E82/><V55/><F55/><W4/><G68/><T78/><D13/><U111/><E73/><V127/><F127/><W61/><REACH who="3" step="1"/><G108/><REACH who="3" ten="230,240,240,280" step="2"/><T35/><D78/><U81/><E111/><V124/><F124/><W65/><G65/><T30/><D30/><U122/><E67/><V63/><F28/><W97/><G97/><T11/><D123/><U74/><E64/><V42/><F31/><W86/><G86/><T91/><D87/><U26/><E122/><V94/><F7/><W72/><G72/><T95/><D85/><U8/><E74/><V18/><F5/><W32/><G32/><T131/><D35/><U52/><E6/><V23/><F89/><W17/><G17/><T135/><D91/><U44/><E101/><V70/><F18/><W25/><G25/><T118/><D27/><U53/><E26/><V54/><F24/><W132/><G132/><T115/><D135/><U19/><E19/><V79/><F79/><W41/><G41/><T133/><D133/><U69/><E69/><V71/><F70/><RYUUKYOKU ba="0,1" sc="230,-10,240,-10,240,-10,280,30" hai3="4,9,14,48,51,56,61,66,84,90,99,103,105" /><INIT seed="2,1,1,4,5,15" ten="220,230,230,310" oya="2" hai0="38,81,51,33,124,39,79,1,107,27,64,86,94" hai1="58,16,108,53,118,67,46,50,106,32,100,69,114" hai2="11,52,119,91,23,6,22,44,48,70,127,5,131" hai3="20,129,54,34,8,104,130,29,101,98,76,7,133"/><V28/><F119/><W17/><G133/><T43/><D1/><U62/><E118/><V84/><F70/><W55/><G76/><T2/><D2/><U30/><E114/><V123/><F123/><W135/><G135/><T97/><D124/><U113/><E113/><V128/><F127/><W85/><G85/><T90/><D64/><U120/><E108/><V47/><F47/><W59/><G34/><T109/><D109/><U134/><E134/><V105/><F105/><W66/><G29/><N who="0" m="19647" /><D51/><U92/><E120/><V12/><F6/><W78/><G78/><T125/><D43/><U117/><E117/><V87/><F87/><W49/><G66/><T71/><D71/><U41/><E92/><V110/><F110/><W68/><G54/><T74/><D125/><U82/><E82/><V96/><F96/><W88/><G68/><T80/><D80/><U103/><E106/><V126/><F28/><W72/><G72/><T25/><D25/><N who="1" m="18511" /><E16/><V112/><F112/><W45/><G104/><T14/><D14/><U9/><E9/><V115/><F115/><W102/><G17/><T18/><D18/><U10/><E10/><V73/><F126/><W42/><G20/><T56/><D56/><U111/><E111/><V60/><F60/><N who="3" m="35967" /><G8/><T21/><D21/><U37/><AGARI ba="1,1" hai="37,41,46,50,53,58,62,67,69,100,103" m="18511" machi="37" ten="30,1100,0" yaku="24,1" doraHai="15" who="1" fromWho="1" sc="220,-4,230,24,230,-6,310,-4" /><INIT seed="3,0,0,2,2,36" ten="216,254,224,306" oya="3" hai0="25,50,44,72,132,126,65,123,74,96,22,59,94" hai1="118,90,78,66,55,86,61,42,106,121,16,63,48" hai2="128,60,6,5,13,133,43,30,134,18,10,58,95" hai3="122,15,54,108,28,99,24,87,39,131,46,113,8"/><W64/><G122/><T38/><D123/><U71/><E106/><V117/><F117/><W77/><G113/><T104/><D104/><U9/><E121/><V49/><F128/><W11/><G131/><T83/><D83/><U100/><E100/><V97/><F30/><W92/><G64/><T115/><D126/><U35/><E35/><V14/><F133/><W2/><G2/><T47/><D47/><U93/><E118/><V33/><F33/><W76/><G87/><T70/><D70/><U57/><E78/><V116/><F14/><W37/><G37/><T109/><D109/><U56/><E42/><V75/><F75/><W89/><G108/><T68/><D68/><U111/><E111/><V1/><F1/><W88/><G89/><T27/><D27/><U29/><E29/><V125/><F125/><W21/><G11/><T103/><D132/><U101/><E101/><V34/><F34/><W85/><G85/><T112/><D72/><U119/><E119/><V114/><F114/><W3/><G3/><T135/><D74/><U80/><E93/><V62/><F62/><W7/><REACH who="3" step="1"/><G39/><REACH who="3" ten="216,254,224,296" step="2"/><T31/><D38/><U69/><E9/><V12/><F116/><W17/><G17/><T127/><D135/><U41/><E16/><V110/><F110/><W52/><G52/><N who="0" m="29767" /><D127/><U23/><E66/><N who="2" m="39191" /><F134/><W82/><G82/><T120/><D120/><U91/><E91/><N who="2" m="55551" /><F18/><W98/><G98/><T4/><D4/><N who="2" m="1642" /><F10/><W0/><G0/><T53/><D65/><U67/><E67/><V102/><F102/><W107/><G107/><T26/><D26/><U84/><E71/><RYUUKYOKU ba="0,1" sc="216,10,254,-30,224,10,296,10" hai0="22,25,31,53,59,94,96,103,112,115" hai2="12,13,43,49" hai3="7,8,15,21,24,28,46,54,76,77,88,92,99" /><INIT seed="3,1,1,1,0,53" ten="226,224,234,306" oya="3" hai0="105,91,36,24,27,50,19,101,16,10,56,6,135" hai1="73,52,86,96,104,133,114,21,88,59,87,128,11" hai2="95,78,30,111,57,1,112,130,38,119,55,100,35" hai3="98,74,51,9,13,107,110,45,60,34,109,115,108"/><W89/><G115/><T28/><D36/><U103/><E114/><V123/><F111/><W117/><G117/><T90/><D105/><U93/><E128/><V120/><F38/><W102/><G74/><T39/><D101/><U7/><E133/><V64/><F1/><W26/><G89/><T65/><D39/><U25/><E73/><V18/><F112/><W23/><G60/><N who="0" m="38023" /><D135/><U48/><E104/><V47/><F119/><W131/><G131/><T77/><D77/><U3/><REACH who="1" step="1"/><E103/><REACH who="1" ten="226,214,234,306" step="2"/><V122/><F100/><W68/><G102/><T31/><D91/><U126/><E126/><V69/><F130/><W37/><G107/><T58/><D90/><U2/><E2/><V15/><F120/><W66/><G108/><T49/><D27/><U76/><E76/><V116/><F78/><W75/><G26/><T63/><D24/><U80/><E80/><V97/><F122/><W82/><G75/><T43/><D31/><AGARI ba="1,2" hai="3,7,11,21,25,31,48,52,59,86,87,88,93,96" machi="31" ten="30,8000,1" yaku="1,1,7,1,52,1,54,2,53,0" doraHai="53" doraHaiUra="8" who="1" fromWho="0" sc="226,-83,214,103,234,0,306,0" /><INIT seed="4,0,0,3,4,96" ten="143,317,234,306" oya="0" hai0="20,106,38,29,36,105,58,63,123,111,82,127,78" hai1="134,77,2,61,17,12,92,55,67,122,80,26,101" hai2="14,4,132,97,108,54,27,57,51,125,84,0,103" hai3="135,33,44,13,50,65,5,119,1,7,93,48,46"/><T112/><D123/><U22/><E122/><V31/><F108/><W126/><G119/><T41/><D112/><U45/><E2/><V121/><F125/><W53/><G33/><T129/><D129/><U66/><E134/><V110/><F132/><W28/><G135/><T128/><D128/><U9/><E92/><V86/><F0/><W90/><G28/><T23/><D127/><U115/><E115/><V25/><F110/><W120/><G120/><T118/><D118/><U70/><E67/><V30/><F30/><W109/><G109/><T114/><D114/><U85/><E101/><V87/><F31/><W130/><G130/><T64/><D111/><U15/><E9/><N who="2" m="4391" /><F121/><W88/><G65/><T94/><D94/><AGARI ba="0,0" hai="25,27,51,54,57,84,86,87,94,97,103" m="4391" machi="94" ten="30,2000,0" yaku="8,1,52,1" doraHai="96" who="2" fromWho="0" sc="143,-20,317,0,234,20,306,0" /><INIT seed="5,0,0,2,4,60" ten="123,317,254,306" oya="1" hai0="131,110,0,127,74,67,7,24,113,100,35,79,62" hai1="13,58,70,78,19,82,6,117,122,45,52,54,68" hai2="99,16,38,9,63,75,28,36,83,72,114,27,98" hai3="3,51,64,88,89,105,96,125,57,15,97,26,10"/><U133/><E117/><V102/><F114/><W111/><G111/><T41/><D110/><U81/><E122/><V20/><F38/><W39/><G39/><T107/><D41/><U124/><E133/><V73/><F36/><W32/><G3/><T95/><D95/><U94/><E124/><V77/><F98/><N who="3" m="37995" /><G105/><T2/><D113/><U92/><E6/><V109/><F109/><W121/><G32/><T112/><D112/><U21/><E70/><V1/><F63/><N who="3" m="37999" /><G121/><T56/><D127/><U33/><E33/><V118/><F118/><W123/><G123/><T84/><D84/><N who="1" m="48183" /><E82/><V11/><F11/><W66/><G66/><T25/><D67/><U46/><E68/><V42/><F42/><W76/><G76/><T44/><D79/><U55/><E58/><V65/><F65/><W23/><G51/><T69/><D35/><U115/><E115/><V8/><F8/><W116/><G116/><T17/><D69/><U40/><E40/><V130/><F130/><W12/><G125/><T14/><D131/><U126/><E126/><V71/><F71/><W49/><G49/><T119/><D119/><U5/><E5/><V103/><F103/><W30/><G12/><T18/><D14/><U104/><E104/><V43/><F43/><W132/><G132/><T128/><D107/><U87/><E87/><V22/><F9/><W47/><G47/><AGARI ba="0,0" hai="13,19,21,45,46,47,52,54,55,92,94" m="48183" machi="47" ten="30,2900,0" yaku="8,1,54,1" doraHai="60" who="1" fromWho="3" sc="123,0,317,29,254,0,306,-29" /><INIT seed="5,1,0,3,4,54" ten="123,346,254,277" oya="1" hai0="45,130,82,61,25,123,55,99,110,17,121,13,120" hai1="43,35,36,113,129,74,20,26,125,77,115,37,98" hai2="51,6,18,46,93,97,59,106,112,44,117,69,5" hai3="111,2,101,127,79,91,40,38,24,60,92,57,32"/><U135/><E35/><V56/><F69/><W96/><G111/><T34/><D110/><U133/><E129/><V66/><F106/><W116/><G127/><T62/><D130/><U78/><E98/><V89/><F117/><W15/><G2/><T8/><D99/><U3/><E3/><V107/><F112/><N who="1" m="43081" /><E125/><V7/><F107/><W12/><G116/><T80/><D45/><N who="1" m="23783" /><E37/><V124/><F124/><W10/><G79/><N who="1" m="30218" /><E74/><V73/><F73/><W87/><G38/><T119/><D119/><U31/><AGARI ba="1,0" hai="20,26,31,133,135" m="30218,23783,43081" machi="31" ten="30,1500,0" yaku="15,1" doraHai="54" who="1" fromWho="1" sc="123,-6,346,18,254,-6,277,-6" /><INIT seed="5,2,0,5,4,47" ten="117,364,248,271" oya="1" hai0="93,92,3,97,102,111,90,101,41,86,62,63,61" hai1="65,135,8,7,42,122,27,12,31,52,115,38,121" hai2="54,78,129,87,119,13,104,59,88,15,128,99,133" hai3="19,55,2,60,22,6,85,58,114,14,79,9,21"/><U72/><E72/><V110/><F110/><W45/><G114/><T120/><D111/><U17/><E115/><V95/><F119/><W81/><G45/><T20/><D3/><U70/><E135/><V57/><F133/><W26/><REACH who="3" step="1"/><G21/><REACH who="3" ten="117,364,248,261" step="2"/><T53/><D120/><U108/><E122/><V56/><F128/><W5/><G5/><T71/><D71/><U113/><E121/><V69/><F129/><W126/><G126/><T74/><D74/><U89/><E7/><V103/><F69/><W67/><G67/><T66/><D66/><U94/><E113/><V36/><F36/><W25/><AGARI ba="2,1" hai="2,6,9,14,19,22,25,26,55,58,60,79,81,85" machi="25" ten="30,2000,0" yaku="1,1,0,1,53,0" doraHai="47" doraHaiUra="107" who="3" fromWho="3" sc="117,-7,364,-12,248,-7,261,36" /><INIT seed="6,0,0,3,2,36" ten="110,352,241,297" oya="2" hai0="74,110,71,73,35,85,96,60,28,49,108,44,3" hai1="27,42,22,122,121,86,89,5,46,20,40,70,80" hai2="67,79,107,25,68,0,34,41,83,11,55,95,26" hai3="4,93,114,84,99,130,128,56,45,91,29,61,77"/><V76/><F107/><W82/><G29/><T6/><D85/><U38/><E70/><V103/><F68/><W127/><G4/><T98/><D6/><U69/><E69/><V104/><F67/><W126/><G45/><T129/><D3/><U18/><E42/><V100/><F104/><W47/><G47/><T65/><D129/><N who="3" m="49769" /><G114/><T59/><D59/><U78/><E5/><V19/><F95/><W50/><G50/><T51/><D51/><U111/><E111/><V105/><F26/><W54/><AGARI ba="0,0" hai="54,56,61,77,82,84,91,93,99,126,127" m="49769" machi="54" ten="30,1100,0" yaku="19,1" doraHai="36" who="3" fromWho="3" sc="110,-3,352,-3,241,-5,297,11" /><INIT seed="7,0,0,0,1,17" ten="107,349,236,308" oya="3" hai0="111,72,5,132,23,53,41,39,33,104,52,77,55" hai1="10,130,69,4,109,27,2,87,18,3,22,79,32" hai2="14,127,58,29,12,51,135,105,85,65,88,131,134" hai3="28,0,48,74,95,98,49,75,11,38,9,25,61"/><W50/><G38/><T46/><D33/><U8/><E109/><V83/><F105/><W117/><G117/><T35/><D35/><U92/><E69/><V56/><F127/><W16/><G61/><T115/><D104/><U36/><E36/><V73/><F131/><W59/><G74/><T78/><D111/><U47/><E130/><V71/><F73/><W66/><G75/><T68/><D68/><U6/><E32/><V119/><F29/><W91/><G66/><T76/><D132/><N who="2" m="50730" /><F119/><W112/><G112/><T60/><D115/><U106/><E106/><V101/><F101/><W118/><G118/><T20/><D72/><U126/><E126/><V96/><F96/><W57/><G0/><T102/><D102/><U110/><E110/><V84/><F84/><W82/><G82/><T133/><D133/><U31/><E47/><V129/><F129/><W128/><G128/><T120/><D120/><U37/><E37/><V63/><F51/><W125/><G125/><T89/><D5/><U19/><E92/><V113/><F113/><W70/><G70/><T86/><REACH who="0" step="1"/><D60/><REACH who="0" ten="97,349,236,308" step="2"/><U90/><E6/><V24/><F63/><W107/><G107/><T108/><D108/><U40/><E4/><V30/><F71/><W114/><G114/><T44/><D44/><U21/><E2/><V103/><F103/><W124/><G124/><T7/><D7/><U122/><E3/><V67/><F58/><N who="3" m="22027" /><G28/><T80/><AGARI ba="0,1" hai="20,23,39,41,46,52,53,55,76,77,78,80,86,89" machi="80" ten="30,8000,1" yaku="1,1,0,1,52,2,54,1,53,0" doraHai="17" doraHaiUra="116" who="0" fromWho="0" sc="97,90,349,-20,236,-20,308,-40" owari="187,-31.0,329,42.0,216,-18.0,268,7.0" /></mjloggm>