<mjloggm ver="2.3"><GO type="169" lobby="0"/><UN n0="%74%61%6B%65%2D%79%6F%75" n1="%E3%81%8B%E3%82%8F%E3%82%89%E3%81%95%E3%82%93%E3%80%82" n2="%E6%9F%9A%E6%AF%94%E6%A5%93%E4%BB%81" n3="%E3%82%A6%E3%83%AB%E3%83%88%E3%83%A9%E7%AB%8B%E7%9B%B4" dan="18,16,18,18" rate="2228.98,2114.79,2195.17,2235.97" sx="F,M,M,M"/><TAIKYOKU oya="0"/><INIT seed="0,0,0,2,1,106" ten="250,250,250,250" oya="0" hai0="122,50,131,124,61,120,128,26,90,49,121,14,31" hai1="126,99,11,117,134,100,105,21,104,20,41,54,96" hai2="107,112,30,125,110,92,98,16,17,42,77,66,52" hai3="72,63,102,53,79,36,76,34,69,27,7,46,133"/><T8/><D61/><U64/><E117/><V109/><F112/><W40/><G133/><T9/><D90/><U55/><E126/><V127/><F107/><W135/><G135/><T19/><D124/><N who="2" m="47690" /><F66/><N who="3" m="41183" /><G79/><T44/><D49/><U116/><E41/><V118/><F118/><W1/><G53/><T88/><D88/><U58/><E11/><V2/><F2/><W95/><G95/><T73/><D73/><U59/><E116/><V94/><F42/><W81/><G102/><T83/><D83/><U78/><E78/><V62/><F30/><N who="3" m="19807" /><G7/><T101/><D101/><U47/><E64/><V119/><F119/><W114/><G114/><T60/><D60/><U45/><E100/><N who="2" m="60487" /><F94/><W85/><G85/><T82/><D82/><U23/><E23/><V33/><F33/><W115/><G115/><T0/><D0/><AGARI ba="0,0" hai="0,1,36,40,46,72,76,81" m="19807,41183" machi="0" ten="30,3900,0" yaku="33,2,52,1" doraHai="106" who="3" fromWho="0" sc="250,-39,250,0,250,0,250,39" /><INIT seed="1,0,0,4,1,37" ten="211,250,250,289" oya="1" hai0="100,27,82,66,109,130,128,19,81,133,64,23,51" hai1="22,63,55,96,103,16,87,69,107,86,94,79,38" hai2="77,61,39,30,129,12,83,17,53,110,119,59,6" hai3="89,32,52,116,72,10,20,15,3,44,13,50,73"/><U2/><E2/><V46/><F119/><W14/><G32/><T71/><D109/><U98/><E38/><V95/><F110/><W84/><G116/><T29/><D133/><U76/><E76/><V118/><F118/><W68/><G68/><T11/><D100/><U75/><E75/><V36/><F129/><N who="0" m="49770" /><D51/><U92/><E107/><V102/><F30/><W5/><REACH who="3" step="1"/><G20/><REACH who="3" ten="211,250,250,279" step="2"/><T54/><D71/><U108/><E108/><V126/><F126/><W97/><G97/><T124/><D124/><U115/><E115/><V60/><F60/><W91/><G91/><T48/><D11/><U65/><E79/><V43/><F77/><W49/><G49/><T135/><D135/><U111/><E111/><V34/><F34/><W45/><G45/><N who="0" m="27919" /><D29/><U122/><E122/><V62/><F62/><W35/><G35/><T7/><D7/><U28/><E28/><V56/><F6/><W41/><G41/><T1/><D1/><U40/><E40/><V131/><F131/><W67/><G67/><AGARI ba="0,1" hai="19,23,27,64,66,67,81,82" m="27919,49770" machi="67" ten="30,1000,0" yaku="19,1" doraHai="37" who="0" fromWho="3" sc="211,20,250,0,250,0,279,-10" /><INIT seed="2,0,0,3,1,38" ten="231,250,250,269" oya="2" hai0="97,40,29,24,60,81,73,62,26,4,66,120,52" hai1="45,89,118,134,123,102,43,63,27,132,16,98,46" hai2="0,61,130,71,79,131,125,42,7,50,53,64,80" hai3="3,36,19,70,67,31,11,135,35,1,117,9,74"/><V101/><F101/><W122/><G74/><T55/><D120/><U10/><E118/><V68/><F68/><W99/><G36/><T2/><D2/><U87/><E123/><V69/><F69/><W44/><G44/><T93/><D4/><U6/><E63/><V108/><F125/><W39/><G99/><T23/><D40/><U96/><E27/><V94/><F108/><W76/><G76/><T58/><D81/><U126/><E126/><V56/><F94/><W65/><G39/><T113/><D73/><U20/><E20/><V103/><F103/><W116/><G70/><T121/><D113/><U90/><E98/><V109/><F109/><W129/><G122/><T128/><D128/><U30/><E30/><V49/><F7/><W82/><G82/><T88/><D121/><U85/><E85/><V59/><F0/><W104/><G104/><T28/><REACH who="0" step="1"/><D62/><REACH who="0" ten="221,250,250,269" step="2"/><U15/><E6/><V21/><F130/><W33/><G129/><T77/><D77/><U5/><E5/><V75/><F131/><W14/><G3/><T51/><D51/><U100/><E43/><V17/><F42/><W72/><G1/><T47/><D47/><U48/><E48/><V12/><F50/><W106/><G72/><T110/><D110/><U57/><E46/><V92/><F92/><W95/><G95/><T34/><AGARI ba="0,1" hai="23,24,26,28,29,34,52,55,58,60,66,88,93,97" machi="34" ten="20,8000,1" yaku="1,1,0,1,7,1,54,2,53,0" doraHai="38" doraHaiUra="32" who="0" fromWho="0" sc="221,90,250,-20,250,-40,269,-20" /><INIT seed="3,0,0,0,3,92" ten="311,230,210,249" oya="3" hai0="61,20,39,100,125,113,96,75,120,26,3,88,63" hai1="9,31,134,25,86,99,7,5,35,58,8,94,23" hai2="42,4,54,19,52,65,130,87,57,14,80,124,72" hai3="90,38,108,60,34,69,16,71,84,107,32,106,2"/><W66/><G38/><T21/><D75/><U85/><E134/><V51/><F130/><W29/><G2/><T24/><D3/><U83/><E35/><V22/><F124/><W131/><G131/><T33/><D39/><U17/><E58/><V59/><F72/><W49/><G71/><T77/><D77/><U122/><E122/><V103/><F65/><W91/><G108/><T111/><D33/><U110/><E110/><V112/><F112/><W11/><G34/><T50/><D120/><U10/><E31/><V114/><F114/><W78/><G78/><T47/><D125/><U43/><E43/><V46/><F103/><W15/><G49/><T0/><D0/><U118/><E118/><V135/><F135/><W89/><REACH who="3" step="1"/><G84/><REACH who="3" ten="311,230,210,239" step="2"/><T30/><D111/><U81/><E86/><V67/><F87/><W129/><G129/><T53/><D113/><U104/><E83/><V27/><F80/><W13/><G13/><T82/><D82/><U74/><E74/><V70/><F70/><W115/><G115/><T93/><D100/><U12/><E12/><V132/><F14/><W44/><G44/><T56/><D47/><U40/><E81/><V121/><F132/><W37/><G37/><T116/><D116/><U133/><E133/><V128/><F128/><W109/><G109/><T95/><D95/><U127/><E85/><V79/><F79/><W98/><G98/><T97/><D97/><U45/><E127/><V18/><F46/><W68/><G68/><T117/><D117/><U76/><E76/><V102/><F102/><W101/><G101/><T119/><D119/><RYUUKYOKU ba="0,1" sc="311,15,230,-15,210,-15,239,15" hai0="20,21,24,26,30,50,53,56,61,63,88,93,96" hai3="11,15,16,29,32,60,66,69,89,90,91,106,107" /><INIT seed="3,1,1,0,5,118" ten="326,215,195,254" oya="3" hai0="82,131,133,16,76,12,79,49,83,47,64,122,62" hai1="11,119,105,61,121,117,128,59,14,106,88,123,17" hai2="35,22,19,32,68,1,67,42,56,54,127,112,58" hai3="50,24,114,72,130,113,89,102,124,110,80,0,44"/><W25/><G0/><T13/><D122/><N who="1" m="46603" /><E88/><V9/><F42/><W115/><G130/><T23/><D133/><U71/><E128/><V18/><F112/><W126/><G110/><T96/><D96/><U84/><E84/><V43/><F43/><N who="3" m="24863" /><G102/><T60/><D131/><U26/><E71/><V7/><F19/><W46/><G46/><T52/><D12/><U53/><E26/><V66/><F66/><W70/><G70/><T38/><D38/><U10/><E11/><V132/><F9/><W92/><G80/><N who="0" m="30763" /><D64/><U65/><E65/><V4/><F67/><W21/><G72/><T3/><D3/><U90/><E90/><V6/><F1/><W73/><G73/><T29/><D29/><U116/><AGARI ba="1,1" hai="10,14,17,53,59,61,105,106,116,117,119" m="46603" machi="116" ten="40,8000,1" yaku="12,1,52,3" doraHai="118" who="1" fromWho="1" sc="326,-21,215,93,195,-21,254,-41" /><INIT seed="4,0,0,5,2,48" ten="305,308,174,213" oya="0" hai0="71,49,57,88,75,73,23,43,129,84,21,128,123" hai1="50,95,25,32,127,118,45,131,58,120,22,41,24" hai2="46,59,76,6,115,16,18,38,27,26,79,92,112" hai3="37,85,109,69,94,78,30,132,66,135,100,133,108"/><T82/><D71/><U116/><E120/><V39/><F6/><W102/><G37/><N who="2" m="13833" /><F46/><W74/><G30/><T130/><D123/><U119/><E127/><V47/><F47/><W63/><G74/><N who="0" m="28171" /><D43/><U29/><E131/><V99/><F99/><W93/><G78/><N who="2" m="29737" /><F92/><N who="3" m="35435" /><G85/><T40/><D40/><U91/><E58/><V20/><F20/><W34/><G34/><T35/><D35/><U52/><E41/><V56/><F56/><W61/><G61/><T13/><D13/><U121/><E121/><V125/><F59/><W113/><G113/><N who="2" m="43593" /><F125/><W103/><AGARI ba="0,0" hai="63,66,69,100,102,103,108,109,132,133,135" m="35435" machi="103" ten="40,1500,0" yaku="20,1" doraHai="48" who="3" fromWho="3" sc="305,-7,308,-4,174,-4,213,15" /><INIT seed="5,0,0,5,0,68" ten="298,304,170,228" oya="1" hai0="38,48,69,83,19,99,112,101,76,45,12,121,58" hai1="92,34,66,13,56,43,87,25,75,41,70,115,107" hai2="124,120,32,33,18,28,93,10,128,117,100,116,20" hai3="105,37,26,131,135,91,108,72,90,30,113,51,86"/><U52/><E115/><V118/><F120/><W46/><G72/><T29/><D69/><U53/><E75/><V31/><F100/><W8/><G105/><T77/><D29/><U17/><E107/><V104/><F104/><W15/><G108/><T2/><D2/><U96/><E87/><V61/><F61/><W3/><G3/><T129/><D38/><U126/><E70/><V23/><F93/><W89/><G135/><T0/><D0/><U114/><E114/><V98/><F98/><W71/><G71/><T94/><D129/><U65/><E126/><V84/><F84/><W106/><G106/><T85/><D58/><U80/><E80/><V82/><F82/><W102/><G102/><T127/><D127/><U57/><E25/><V132/><F124/><W78/><G131/><T9/><D112/><U4/><E34/><N who="2" m="13419" /><F128/><W39/><G113/><T50/><D121/><U81/><E81/><V14/><F132/><W24/><G86/><T42/><D50/><U63/><E66/><V1/><F1/><W21/><G78/><AGARI ba="0,0" hai="9,12,19,42,45,48,76,77,78,83,85,94,99,101" machi="78" ten="30,2000,0" yaku="7,1,8,1" doraHai="68" who="0" fromWho="3" sc="298,20,304,0,170,0,228,-20" /><INIT seed="6,0,0,2,3,17" ten="318,304,170,208" oya="2" hai0="57,44,105,50,35,9,107,68,133,26,134,110,55" hai1="101,4,3,66,99,111,53,104,40,115,81,103,113" hai2="38,96,46,90,27,87,95,124,19,67,108,24,65" hai3="74,0,118,2,127,123,73,88,109,54,42,6,36"/><V15/><F124/><W1/><G109/><T60/><D68/><U85/><E111/><V100/><F108/><W122/><G54/><T48/><D9/><N who="1" m="2207" /><E101/><V98/><F98/><W77/><G88/><T130/><D130/><U13/><E53/><V32/><F46/><N who="3" m="23879" /><G118/><T86/><D86/><U47/><E13/><V106/><F38/><W23/><G23/><T41/><D110/><U37/><E66/><V97/><F97/><W22/><G22/><T94/><D94/><U117/><E117/><V29/><REACH who="2" step="1"/><F27/><REACH who="2" ten="318,304,160,208" step="2"/><W64/><G127/><T126/><D126/><U49/><E37/><V14/><F14/><W131/><G131/><T76/><D26/><U119/><E119/><V128/><F128/><W92/><G1/><T39/><D39/><U25/><E25/><V52/><F52/><W63/><G0/><T7/><D44/><U72/><E85/><V71/><F71/><N who="3" m="42399" /><G74/><T16/><D55/><U43/><E40/><V30/><F30/><W28/><G28/><T8/><D41/><U5/><E72/><V31/><F31/><W34/><G2/><T89/><D48/><U121/><E49/><V82/><F82/><N who="3" m="45359" /><G92/><T79/><D50/><U11/><E81/><V33/><F33/><W129/><G34/><T84/><D35/><U80/><E80/><V102/><F102/><W56/><G129/><T20/><D84/><U12/><E47/><V114/><F114/><N who="1" m="43529" /><E43/><V125/><F125/><W83/><G83/><T70/><D70/><U18/><E103/><V132/><F132/><W58/><G58/><T10/><D57/><U135/><E135/><V61/><F61/><RYUUKYOKU ba="0,1" sc="318,-10,304,-10,160,30,208,-10" hai2="15,19,24,29,32,65,67,87,90,95,96,100,106" /><INIT seed="6,1,1,0,2,37" ten="308,294,190,198" oya="2" hai0="68,8,59,55,9,14,99,81,28,34,51,79,78" hai1="86,39,73,4,53,47,12,29,109,3,82,119,62" hai2="0,130,26,36,42,115,128,1,23,90,54,131,107" hai3="69,25,65,87,58,135,67,66,93,132,61,40,123"/><V127/><F115/><W70/><G25/><T83/><D68/><N who="3" m="26217" /><G87/><T89/><D28/><U74/><E119/><V133/><F133/><N who="3" m="51275" /><G93/><N who="0" m="56751" /><D34/><U118/><E109/><V18/><F127/><W27/><G27/><T97/><D97/><U52/><E29/><V44/><F107/><W98/><G98/><T31/><D31/><U5/><E3/><N who="2" m="1099" /><F54/><N who="3" m="34007" /><G40/><T75/><D75/><U96/><E118/><V20/><F20/><W45/><G45/><T50/><D9/><U64/><E96/><V24/><F24/><W113/><G113/><T116/><D116/><U43/><E73/><V33/><F90/><W110/><G110/><T129/><D79/><U71/><E74/><V91/><F91/><W60/><G123/><T124/><D78/><U35/><E35/><AGARI ba="1,1" hai="18,23,26,33,35,36,42,44,128,130,131" m="1099" machi="35" ten="40,3900,0" yaku="19,1,52,1" doraHai="37" who="2" fromWho="1" sc="308,0,294,-42,190,52,198,0" /><INIT seed="6,2,0,0,3,110" ten="308,252,242,198" oya="2" hai0="1,3,111,63,67,86,69,88,43,54,128,44,132" hai1="17,120,16,25,126,5,14,92,87,18,4,48,33" hai2="34,113,121,118,0,32,51,66,30,2,98,20,101" hai3="10,122,36,19,93,64,39,29,73,129,12,37,100"/><V74/><F121/><W52/><G122/><T28/><D111/><U76/><E126/><V116/><F74/><W62/><G73/><T115/><D115/><U123/><E33/><V75/><F113/><W53/><G129/><T124/><D28/><U77/><E25/><V112/><F112/><W84/><G29/><T109/><D109/><U11/><E4/><V89/><F75/><W7/><G7/><T72/><D72/><U22/><E22/><V90/><F66/><W58/><REACH who="3" step="1"/><G84/><REACH who="3" ten="308,252,242,188" step="2"/><T38/><D128/><U104/><E123/><V79/><F34/><W80/><G80/><T40/><D86/><U97/><E120/><V9/><F32/><W117/><G117/><T49/><D124/><U56/><E5/><V50/><F118/><W70/><G70/><T82/><D82/><U125/><E87/><V81/><F116/><W13/><G13/><T108/><D108/><U42/><E14/><V95/><F0/><W45/><G45/><T85/><D3/><U55/><E125/><V102/><F2/><W35/><G35/><T94/><D1/><U127/><E127/><V57/><F30/><W134/><G134/><T21/><D132/><U99/><E56/><V78/><F57/><W8/><G8/><T114/><D114/><U47/><E11/><V135/><F9/><W26/><G26/><T27/><D27/><U31/><E31/><V83/><F135/><W131/><G131/><T119/><D119/><U107/><E47/><V133/><F133/><W23/><G23/><T41/><D21/><U91/><E18/><V68/><F20/><W106/><G106/><RYUUKYOKU ba="2,1" sc="308,15,252,-15,242,-15,188,15" hai0="38,40,41,43,44,49,54,63,67,69,85,88,94" hai3="10,12,19,36,37,39,52,53,58,62,64,93,100" /><INIT seed="7,3,1,4,5,51" ten="323,237,227,203" oya="3" hai0="27,135,132,15,3,77,90,123,105,40,48,65,29" hai1="2,128,87,107,134,34,86,22,69,37,47,60,114" hai2="38,103,62,50,122,17,63,59,0,5,72,93,6" hai3="14,45,18,68,9,133,109,67,26,13,125,115,79"/><W41/><G115/><T44/><D3/><U16/><E114/><V82/><F38/><W108/><G125/><T74/><D105/><U95/><E107/><V75/><F0/><W89/><G133/><N who="0" m="51275" /><D65/><U85/><E34/><V25/><F75/><W30/><G79/><T61/><D61/><U57/><E128/><V56/><F50/><W112/><G112/><T88/><D15/><U42/><E134/><V111/><F111/><N who="3" m="42571" /><G14/><T101/><D101/><U1/><E69/><V52/><F122/><W76/><G76/><T28/><D28/><U92/><E2/><V31/><F72/><W91/><G67/><T35/><D123/><U8/><E8/><V84/><F5/><W11/><G68/><T83/><AGARI ba="3,1" hai="27,29,35,40,44,48,74,77,83,88,90" m="51275" machi="83" ten="30,2000,0" yaku="20,1,54,1" doraHai="51" who="0" fromWho="0" sc="323,39,237,-8,227,-8,203,-13" owari="362,46.0,229,3.0,219,-18.0,190,-31.0" /></mjloggm>