<mjloggm ver="2.3"><GO type="169" lobby="0"/><UN n0="%E3%83%AB%E3%82%BF%E3%82%B9%E3%82%B1" n1="%E3%81%82%E3%82%89%E3%81%8C%E3%81%8D%E3%81%82%E3%82%84%E3%81%9B" n2="%E3%82%A6%E3%83%AB%E3%83%88%E3%83%A9%E7%AB%8B%E7%9B%B4" n3="%E3%81%AF%E3%81%92%E3%81%BE%E3%82%8B%E3%81%A0%E3%81%97%E3%81%A3" dan="16,18,18,16" rate="2122.46,2233.26,2244.11,2076.96" sx="M,F,M,M"/><TAIKYOKU oya="0"/><INIT seed="0,0,0,0,0,103" ten="250,250,250,250" oya="0" hai0="0,3,29,48,7,64,83,124,36,62,70,114,111" hai1="80,133,51,17,21,13,37,112,47,27,6,96,8" hai2="22,109,128,106,24,120,5,15,121,127,30,42,93" hai3="53,50,95,105,45,35,32,63,90,25,87,119,56"/><T28/><D114/><U102/><E133/><V61/><F42/><W117/><G105/><T66/><D48/><U41/><E112/><V75/><F75/><W71/><G71/><T4/><D83/><U104/><REACH who="1" step="1"/><E80/><REACH who="1" ten="250,240,250,250" step="2"/><V78/><F121/><W23/><G119/><T74/><D124/><U38/><AGARI ba="0,1" hai="6,8,13,17,21,27,37,38,41,47,51,96,102,104" machi="38" ten="30,8000,1" yaku="1,1,2,1,0,1,52,1,53,1" doraHai="103" doraHaiUra="1" who="1" fromWho="1" sc="250,-40,240,90,250,-20,250,-20" /><INIT seed="1,0,0,1,2,125" ten="210,330,230,230" oya="1" hai0="68,87,78,24,134,22,88,84,71,114,25,45,5" hai1="98,75,62,26,41,11,132,70,92,116,77,106,108" hai2="99,126,38,53,30,27,121,117,120,31,2,86,58" hai3="81,82,83,65,131,107,64,91,17,66,67,105,122"/><U19/><E116/><V10/><F117/><W110/><G122/><T34/><D114/><U63/><E106/><V127/><F38/><W12/><G110/><T111/><D134/><U42/><E132/><V23/><F86/><W124/><G124/><N who="2" m="47657" /><F99/><W123/><G123/><N who="2" m="47177" /><F58/><W103/><G91/><T21/><D34/><U37/><E77/><V118/><F118/><W97/><N who="3" m="16384" /><DORA hai="56" /><W115/><G115/><T96/><D96/><U33/><E75/><V13/><F53/><W3/><G3/><T129/><D78/><U112/><E70/><V52/><F52/><W59/><G59/><T35/><D87/><U39/><E39/><V93/><F93/><W32/><G32/><T80/><D35/><U20/><E112/><V109/><F109/><W18/><G107/><T61/><D111/><U54/><E54/><V40/><F40/><N who="1" m="15465" /><E37/><V48/><F48/><W47/><G47/><T44/><D71/><U4/><E33/><V55/><F55/><W57/><G57/><T135/><D135/><U1/><E108/><V74/><F74/><W36/><G36/><T50/><D68/><U119/><E119/><V79/><F79/><W101/><G101/><T100/><D50/><U7/><E98/><V60/><F60/><W43/><G43/><T72/><D61/><U85/><E63/><V46/><F46/><W0/><G0/><T6/><D72/><U29/><E1/><V8/><F2/><W102/><G102/><T9/><D100/><U90/><E62/><V95/><F95/><W89/><G103/><T130/><D45/><U69/><E69/><V49/><F49/><RYUUKYOKU ba="0,0" sc="210,-10,330,30,230,-10,230,-10" hai1="4,7,11,19,20,26,29,85,90,92" /><INIT seed="1,1,0,1,2,59" ten="200,360,220,220" oya="1" hai0="58,12,94,75,56,44,31,14,43,20,37,7,36" hai1="47,18,124,110,118,95,99,131,54,107,27,98,92" hai2="35,109,15,28,63,19,78,73,116,80,97,39,29" hai3="117,64,8,70,34,9,6,126,3,23,53,114,11"/><U88/><E118/><V87/><F39/><W108/><G114/><T96/><D75/><U67/><E131/><V30/><F116/><W119/><G53/><T5/><D37/><U91/><E124/><V62/><F109/><W101/><G101/><T40/><D40/><U82/><E110/><V113/><F113/><W49/><G49/><T61/><D56/><U104/><E82/><V1/><F1/><W86/><G108/><T85/><D85/><U72/><E72/><V51/><F35/><W46/><G46/><T122/><D122/><U52/><E67/><V45/><F97/><W83/><G34/><T60/><D58/><U102/><E102/><V69/><F69/><W89/><G23/><T84/><D84/><U66/><E66/><V90/><F78/><W106/><G106/><T55/><D55/><U50/><E54/><N who="2" m="30063" /><F73/><W22/><G126/><T128/><D128/><U105/><E18/><V65/><F65/><W123/><G123/><T33/><D33/><U76/><E27/><V132/><F132/><W4/><G22/><AGARI ba="1,0" hai="15,19,22,28,29,30,62,63,80,87,90" m="30063" machi="22" ten="30,3900,0" yaku="8,1,52,2" doraHai="59" who="2" fromWho="3" sc="200,0,360,0,220,42,220,-42" /><INIT seed="2,0,0,1,4,3" ten="200,360,262,178" oya="2" hai0="49,99,56,8,19,5,87,133,35,134,101,6,79" hai1="127,10,47,112,109,78,110,13,130,114,55,12,66" hai2="34,90,77,60,126,93,92,128,43,81,63,64,73" hai3="121,30,0,108,48,37,32,80,1,61,105,71,122"/><V119/><F34/><W135/><G48/><T11/><D35/><U95/><E78/><V53/><F119/><W36/><G108/><N who="1" m="41578" /><E66/><V16/><F128/><W68/><G135/><N who="0" m="51723" /><D79/><U131/><E95/><V23/><F126/><W104/><G80/><T85/><D19/><N who="1" m="8599" /><E55/><V100/><F43/><W111/><G111/><T74/><D74/><U117/><E47/><V124/><F124/><W132/><G132/><T42/><D56/><U50/><E50/><V46/><F100/><W103/><G32/><T33/><D33/><U18/><E127/><V106/><F106/><W17/><G30/><T57/><D57/><U52/><E52/><V116/><F116/><W91/><G103/><T58/><D58/><U24/><E24/><V40/><F53/><W76/><G76/><T94/><D85/><U125/><E125/><V118/><F118/><W96/><G96/><T39/><D39/><U25/><E25/><V129/><F64/><W44/><G44/><N who="0" m="25751" /><D87/><U72/><E72/><V22/><F46/><W21/><G37/><T59/><D59/><U45/><E45/><V82/><F40/><W41/><G41/><T123/><D123/><U26/><E26/><V86/><F77/><W38/><G38/><T75/><D75/><U62/><E62/><V28/><F73/><W115/><G36/><T27/><D27/><U29/><E117/><V20/><F86/><W15/><G61/><T69/><D69/><N who="3" m="26697" /><G122/><T120/><D120/><U4/><E29/><V89/><F28/><W88/><G121/><T102/><D102/><U2/><E131/><V97/><F129/><W54/><G105/><RYUUKYOKU ba="0,0" sc="200,30,360,-10,262,-10,178,-10" hai0="5,6,8,11,94,99,101" /><INIT seed="3,1,0,4,2,11" ten="230,350,252,168" oya="3" hai0="102,87,38,62,41,80,74,73,5,54,75,83,19" hai1="67,117,63,77,33,103,35,2,85,15,24,57,97" hai2="86,118,124,107,46,92,121,130,127,12,25,61,26" hai3="16,126,60,90,53,43,42,31,30,99,91,17,50"/><W84/><G126/><T65/><D54/><U52/><E2/><V40/><F107/><W100/><G60/><T23/><D19/><N who="3" m="7241" /><G100/><T110/><D5/><U45/><E117/><V134/><F61/><W88/><G99/><T94/><D23/><U105/><E24/><V131/><F118/><W133/><G84/><T4/><D4/><U51/><E35/><V13/><F86/><W70/><G70/><T109/><D38/><U48/><E33/><V10/><F127/><W82/><G82/><T18/><D18/><U119/><E119/><V79/><F124/><W69/><G69/><T56/><D41/><N who="3" m="15369" /><G133/><T27/><D27/><U47/><E85/><V21/><F26/><W93/><G93/><T6/><D6/><U44/><E77/><V14/><F92/><W122/><G122/><T129/><D87/><U96/><E96/><V81/><F121/><W125/><G125/><T135/><D135/><U68/><E51/><V114/><F134/><W37/><G37/><T59/><D83/><U120/><E120/><V0/><F81/><W115/><G115/><T1/><D80/><U64/><E64/><V95/><F114/><W66/><G66/><T98/><D1/><U22/><E22/><V71/><F95/><W76/><G76/><T116/><D116/><U20/><E20/><V9/><F79/><W39/><G39/><T72/><D72/><U7/><REACH who="1" step="1"/><E68/><REACH who="1" ten="230,340,252,168" step="2"/><V49/><F71/><W111/><G111/><T108/><D75/><U36/><E36/><V29/><REACH who="2" step="1"/><F0/><REACH who="2" ten="230,340,242,168" step="2"/><W101/><G101/><T32/><D74/><U113/><E113/><V34/><F34/><RYUUKYOKU ba="1,2" sc="230,-30,340,10,242,10,168,10" hai1="7,15,44,45,47,48,52,57,63,67,97,103,105" hai2="9,10,12,13,14,21,25,29,40,46,49,130,131" hai3="30,31,50,53,88,90,91" /><INIT seed="3,2,2,3,5,99" ten="200,350,252,178" oya="3" hai0="6,97,75,123,127,23,68,22,5,1,81,20,55" hai1="94,27,18,4,14,91,108,105,130,98,65,64,103" hai2="101,102,59,76,29,90,46,86,84,74,131,39,80" hai3="115,30,49,106,21,89,33,11,13,9,121,135,35"/><W92/><G121/><T77/><D68/><U56/><E108/><V118/><F118/><W132/><G115/><T72/><D123/><U51/><E130/><V112/><F112/><W67/><G67/><T43/><D127/><U128/><E128/><V61/><F131/><W38/><G38/><T57/><D75/><U110/><E110/><V34/><F34/><W85/><G106/><T31/><D43/><U117/><E117/><V42/><F29/><W63/><G63/><T133/><D133/><N who="3" m="51273" /><G49/><T113/><D113/><U95/><E105/><V122/><F122/><W107/><G107/><T32/><D1/><U124/><E124/><V40/><F40/><W116/><G116/><T12/><D12/><U62/><E4/><V19/><F19/><N who="3" m="10479" /><G30/><T87/><D32/><AGARI ba="2,2" hai="9,11,32,33,35,85,89,92" m="10479,51273" machi="32" ten="30,1500,0" yaku="20,1" doraHai="99" who="3" fromWho="0" sc="200,-21,350,0,252,0,178,41" /><INIT seed="3,3,0,2,5,3" ten="179,350,252,219" oya="3" hai0="59,19,38,54,104,68,74,131,108,86,80,88,0" hai1="71,103,129,40,23,121,66,37,132,97,20,116,125" hai2="127,100,11,21,9,105,94,114,53,51,73,31,106" hai3="30,70,133,101,126,84,24,96,48,52,41,67,87"/><W130/><G133/><T62/><D131/><U78/><E40/><V26/><F73/><W29/><G130/><T83/><D108/><U55/><E37/><V120/><F114/><W89/><G126/><T6/><D104/><U75/><E66/><V60/><F127/><W27/><G41/><T22/><D38/><U102/><E71/><V63/><F120/><W128/><G128/><T95/><D68/><U118/><E55/><V77/><F77/><W124/><G124/><T135/><D135/><U44/><E44/><V43/><F43/><W25/><G67/><T4/><D0/><U110/><E110/><V117/><F105/><W92/><G70/><T76/><D80/><N who="1" m="45151" /><E125/><V85/><F106/><W8/><G8/><T16/><D19/><U99/><E132/><V15/><F11/><W56/><REACH who="3" step="1"/><G87/><REACH who="3" ten="179,350,252,209" step="2"/><N who="0" m="52639" /><D74/><U50/><E129/><V5/><F117/><W46/><G46/><T107/><D107/><AGARI ba="3,1" hai="24,25,27,29,30,48,52,56,84,89,92,96,101,107" machi="107" ten="40,3900,0" yaku="1,1,54,1,53,0" doraHai="3" doraHaiUra="10" who="3" fromWho="0" sc="179,-48,350,0,252,0,209,58" /><INIT seed="3,4,0,2,0,54" ten="131,350,252,267" oya="3" hai0="40,77,92,42,35,132,125,128,38,37,130,25,127" hai1="61,94,99,82,71,133,117,15,11,69,32,62,73" hai2="113,6,120,36,119,112,70,3,80,10,60,107,106" hai3="74,66,131,81,114,57,4,43,20,72,105,58,29"/><W17/><G114/><T124/><D35/><U9/><E32/><V55/><F119/><W46/><G105/><T33/><D33/><U134/><E117/><V52/><F120/><W102/><G102/><T67/><D25/><U101/><E82/><V78/><F55/><W89/><G66/><T14/><D14/><U84/><E84/><V44/><F112/><W115/><G115/><T123/><D67/><U56/><E73/><N who="2" m="43087" /><F113/><W41/><G29/><T90/><D77/><U109/><E61/><V24/><F24/><W5/><G131/><N who="0" m="50219" /><D92/><U63/><E63/><V76/><F76/><W104/><G104/><T1/><D1/><U111/><E71/><V26/><F26/><W12/><G74/><T45/><D90/><U122/><E69/><V65/><F52/><W116/><G72/><T21/><D21/><U22/><E22/><V86/><F86/><W83/><G116/><T27/><D27/><U30/><E30/><V135/><F135/><N who="1" m="51721" /><E11/><V88/><F88/><W7/><G89/><T129/><N who="0" m="50227" /><T16/><DORA hai="53" /><D16/><N who="1" m="8303" /><E122/><V126/><F70/><W79/><G83/><T48/><D132/><U121/><E121/><V118/><F118/><W96/><G96/><T68/><D68/><U28/><E28/><V98/><F98/><W34/><G34/><T64/><D64/><AGARI ba="4,0" hai="56,62,64,94,99,101,109,111" m="8303,51721" machi="64" ten="30,7700,0" yaku="20,1,52,2,54,1" doraHai="54,53" who="1" fromWho="0" sc="131,-89,350,89,252,0,267,0" /><INIT seed="4,0,0,5,0,8" ten="42,439,252,267" oya="0" hai0="0,101,72,65,18,79,22,46,25,53,120,64,30" hai1="127,67,97,123,88,4,109,104,66,44,29,61,74" hai2="118,131,47,132,52,2,113,119,9,85,68,1,106" hai3="94,23,105,90,14,59,37,122,77,40,49,129,96"/><T116/><D116/><U92/><E123/><V82/><F68/><W91/><G122/><T128/><D120/><U54/><E74/><V107/><F113/><W63/><G129/><T62/><D128/><U117/><E104/><N who="2" m="39979" /><F131/><W20/><G37/><T15/><D0/><U50/><E127/><V57/><F47/><N who="3" m="25831" /><G77/><T39/><D101/><U26/><E109/><V55/><F55/><N who="3" m="34303" /><G105/><T78/><D39/><U35/><E117/><N who="2" m="44555" /><F9/><W12/><G91/><T133/><D133/><U58/><REACH who="1" step="1"/><E4/><REACH who="1" ten="42,429,252,267" step="2"/><V24/><F132/><W38/><G38/><T100/><D72/><U69/><E69/><V89/><F24/><W134/><G134/><T135/><D135/><U84/><E84/><V21/><F21/><AGARI ba="0,1" hai="12,14,20,21,23,90,94,96" m="34303,25831" machi="21" ten="30,3900,0" yaku="8,1,52,2" doraHai="8" who="3" fromWho="2" sc="42,0,429,0,252,-39,267,49" /><INIT seed="5,0,0,0,3,18" ten="42,429,213,316" oya="1" hai0="70,13,14,73,34,134,54,83,53,127,123,122,115" hai1="57,46,31,61,51,121,38,75,94,44,117,87,130" hai2="119,116,7,3,78,24,92,15,102,110,135,65,16" hai3="125,56,85,74,11,77,97,69,112,66,101,50,58"/><U4/><E75/><V47/><F78/><W96/><G69/><T26/><D73/><U0/><E121/><N who="0" m="46089" /><D70/><U76/><E117/><V109/><F47/><W48/><G74/><T20/><D83/><U6/><E38/><V126/><F92/><W36/><G36/><T64/><D64/><U100/><E0/><V86/><F86/><W129/><G129/><T108/><D108/><U120/><E46/><V131/><F102/><W124/><G112/><T133/><D34/><U106/><E106/><V132/><F65/><W39/><G39/><T95/><D95/><U90/><E120/><V27/><F131/><W118/><G11/><T49/><D49/><U32/><E130/><V17/><F3/><W99/><G66/><T103/><D103/><U91/><E76/><V89/><F89/><W67/><G67/><T59/><D59/><U33/><E100/><V19/><F110/><W111/><G111/><T72/><D72/><U40/><E33/><V82/><F109/><W98/><G118/><T9/><D127/><N who="3" m="48713" /><G58/><T128/><D128/><U55/><E32/><V63/><F126/><W88/><G77/><T60/><D115/><U81/><REACH who="1" step="1"/><E31/><REACH who="1" ten="42,419,213,316" step="2"/><V105/><F119/><W113/><G113/><T62/><D53/><U12/><E12/><N who="0" m="4713" /><D9/><U71/><E71/><V93/><F116/><W79/><G79/><T84/><D54/><U68/><E68/><V114/><F114/><W21/><G101/><T107/><D107/><U5/><E5/><V28/><F7/><W25/><N who="3" m="24576" /><DORA hai="1" /><W29/><G56/><T30/><D84/><AGARI ba="0,1" hai="4,6,40,44,51,55,57,61,81,84,87,90,91,94" machi="84" ten="30,18000,2" yaku="1,1,7,1,8,1,52,2,53,2" doraHai="18,1" doraHaiUra="22,2" who="1" fromWho="0" sc="42,-180,419,190,213,0,316,0" owari="-138,-64.0,609,71.0,213,-19.0,316,12.0" /></mjloggm>