<mjloggm ver="2.3"><GO type="169" lobby="0"/><UN n0="%E3%82%B7%E3%82%A7%E3%83%95%E3%83%81%E3%83%A7%E3%82%B3" n1="%E3%82%B5%E3%83%B3%E3%83%9E%E9%81%93%E6%A5%BD%E3%81%AE%E4%BA%BA" n2="%E3%83%88%E3%83%88%E3%83%AA%E5%85%88%E7%94%9F%31%39%E6%AD%B3" n3="%E8%99%B9%E9%87%8E%E3%82%86%E3%82%81" dan="16,16,19,16" rate="2056.79,2206.71,2325.38,2076.77" sx="M,M,F,F"/><TAIKYOKU oya="0"/><INIT seed="0,0,0,2,5,110" ten="250,250,250,250" oya="0" hai0="72,120,112,78,15,76,66,20,45,134,5,62,17" hai1="135,100,75,63,52,71,77,95,14,97,85,124,68" hai2="16,69,61,106,118,86,111,119,114,99,83,53,38" hai3="116,57,79,41,125,96,87,6,98,60,18,109,103"/><T127/><D120/><U31/><E135/><V30/><F38/><W28/><G116/><T25/><D134/><U113/><E124/><V128/><F128/><W33/><G109/><T123/><D123/><U121/><E121/><V88/><F111/><W84/><G6/><T0/><D127/><U108/><E31/><V89/><F30/><W43/><G18/><T92/><D72/><U81/><E108/><V51/><F114/><W90/><G79/><T56/><D112/><U105/><E14/><V42/><F42/><W35/><G35/><T13/><D0/><U36/><E36/><V4/><F4/><W10/><G10/><N who="0" m="4303" /><D45/><U55/><E113/><V46/><F61/><W1/><G1/><T49/><D49/><U115/><E115/><V29/><F69/><W58/><G33/><T131/><D131/><U50/><E63/><V22/><F29/><W27/><G60/><T26/><D92/><U39/><E39/><V130/><F130/><W132/><G132/><T8/><D26/><U80/><E55/><V74/><F74/><W122/><G27/><T44/><D44/><N who="1" m="27719" /><E81/><V9/><F9/><W12/><G125/><T34/><D34/><U7/><E7/><AGARI ba="0,0" hai="7,8,15,17,20,25,56,62,66,76,78" m="4303" machi="7" ten="30,1500,0" yaku="8,1" doraHai="110" who="0" fromWho="1" sc="250,15,250,-15,250,0,250,0" /><INIT seed="0,1,0,0,3,34" ten="265,235,250,250" oya="0" hai0="3,17,39,32,70,44,95,13,124,99,15,127,69" hai1="50,49,29,52,0,92,9,105,58,31,59,102,119" hai2="128,66,51,42,24,60,107,133,11,86,103,121,14" hai3="5,4,47,35,117,10,12,83,57,30,21,75,100"/><T125/><D32/><U101/><E105/><V71/><F121/><W25/><G117/><T116/><D116/><U132/><E132/><V6/><F133/><W78/><G100/><T97/><D3/><U67/><E119/><V85/><F128/><W115/><G115/><T122/><D122/><U36/><E36/><V110/><F110/><W131/><G131/><T68/><D95/><U56/><E67/><V87/><F42/><W28/><G47/><T22/><REACH who="0" step="1"/><D13/><REACH who="0" ten="255,235,250,250" step="2"/><U129/><E92/><V53/><F107/><W62/><G35/><T104/><D104/><U91/><E129/><V108/><F108/><W64/><G4/><T126/><N who="0" m="32256" /><DORA hai="20" /><T38/><D38/><U98/><E0/><V88/><F103/><W120/><G120/><T112/><D112/><U63/><E101/><V72/><F14/><W84/><G5/><T134/><D134/><U118/><E102/><V1/><F6/><W54/><G12/><T37/><D37/><U2/><E2/><V114/><F1/><W27/><G83/><T135/><D135/><U26/><E118/><V65/><F114/><W113/><G113/><T16/><D16/><U96/><E29/><V7/><F7/><W55/><G28/><T77/><D77/><U123/><E31/><V48/><F88/><W111/><G111/><T93/><D93/><U8/><E91/><V73/><F24/><W76/><G25/><T40/><AGARI ba="1,1" hai="15,17,22,39,40,44,68,69,70,97,99" m="32256" machi="40" ten="70,12000,1" yaku="1,1,0,1,18,1,53,2" doraHai="34,20" doraHaiUra="94,82" who="0" fromWho="0" sc="255,133,235,-41,250,-41,250,-41" /><INIT seed="0,2,0,4,0,65" ten="388,194,209,209" oya="0" hai0="83,27,86,74,38,129,132,57,34,107,67,20,69" hai1="14,93,48,111,50,28,66,110,134,131,46,125,10" hai2="73,76,114,51,102,103,87,104,105,100,2,95,82" hai3="72,45,123,56,21,33,120,36,40,91,70,99,75"/><T29/><D74/><U18/><E131/><V124/><F2/><W71/><G33/><T31/><D38/><U61/><E134/><V97/><F51/><W121/><G56/><T80/><D132/><U64/><E125/><V24/><F24/><W119/><G119/><T37/><D37/><U79/><E28/><V118/><F114/><W23/><G23/><T115/><D115/><U77/><E66/><V26/><F26/><W117/><G117/><T130/><D107/><N who="2" m="41034" /><F118/><W59/><G21/><T62/><D86/><U98/><E110/><V4/><F4/><W0/><G0/><T108/><D108/><U78/><E111/><V7/><F7/><W101/><G91/><T55/><D31/><U41/><E48/><V6/><F6/><W3/><G3/><T35/><D35/><U13/><E14/><V42/><F42/><W43/><G43/><T11/><D11/><U8/><E8/><V1/><F1/><W19/><G19/><T135/><D135/><U85/><E85/><V5/><F5/><W30/><G59/><T25/><D25/><U63/><E64/><V60/><F60/><W53/><G53/><T96/><D96/><U32/><E32/><V88/><F124/><W52/><G52/><T68/><D34/><U113/><E113/><V9/><F9/><W106/><G30/><T47/><D47/><U94/><E94/><AGARI ba="2,0" hai="73,76,82,87,88,94,95,97,100,102,103" m="41034" machi="94" ten="30,12000,2" yaku="35,5,54,1" doraHai="65" who="2" fromWho="1" sc="388,0,194,-126,209,126,209,0" /><INIT seed="1,0,0,3,0,33" ten="388,68,335,209" oya="1" hai0="56,62,121,120,114,88,6,92,130,128,38,94,44" hai1="65,42,129,87,67,10,74,119,13,84,45,31,104" hai2="34,40,132,0,63,112,28,124,47,79,77,95,85" hai3="82,135,41,122,91,22,101,26,15,99,9,83,108"/><U58/><E119/><V76/><F132/><W109/><G122/><N who="0" m="47211" /><D114/><U32/><E74/><V8/><F112/><W30/><G41/><N who="0" m="22583" /><D6/><U51/><E104/><V106/><F106/><N who="3" m="63807" /><G91/><T19/><D19/><U17/><E129/><N who="0" m="49769" /><D88/><U133/><E133/><V71/><F124/><W61/><G61/><T59/><D59/><U116/><E116/><V60/><F71/><W110/><G135/><T100/><D100/><U80/><E58/><V53/><F53/><AGARI ba="0,0" hai="53,56,62,92,94" m="49769,22583,47211" machi="53" ten="30,2000,0" yaku="13,1,19,1" doraHai="33" who="0" fromWho="2" sc="388,20,68,0,335,-20,209,0" /><INIT seed="2,0,0,4,4,48" ten="408,68,315,209" oya="2" hai0="61,90,100,73,127,20,134,24,104,10,29,80,17" hai1="41,99,46,47,39,68,8,43,70,120,38,57,18" hai2="71,72,118,77,44,5,65,92,58,79,74,3,83" hai3="106,25,113,21,84,37,85,56,30,69,33,112,116"/><V78/><F118/><W42/><G69/><N who="1" m="26730" /><E18/><V32/><F32/><W7/><G106/><T11/><D134/><U4/><E8/><V2/><F71/><W9/><G116/><T23/><D127/><U87/><E4/><V12/><F44/><N who="1" m="16937" /><E87/><N who="3" m="33354" /><G42/><N who="1" m="15882" /><E99/><V88/><F12/><W130/><G7/><T34/><D90/><U135/><E135/><V82/><F78/><W94/><G9/><T67/><D80/><U19/><E19/><V16/><F16/><W115/><G115/><T66/><D34/><U51/><E120/><V62/><F5/><W107/><G33/><T119/><D23/><U105/><E105/><V49/><F49/><W75/><G107/><T117/><D104/><U102/><E102/><V28/><F28/><W125/><G30/><T97/><D100/><U1/><E1/><V27/><F27/><W128/><G25/><T110/><D29/><U63/><E51/><V13/><F13/><W64/><G112/><T86/><D117/><U98/><E98/><AGARI ba="0,0" hai="2,3,58,62,65,72,74,77,79,82,83,88,92,98" machi="98" ten="30,5800,0" yaku="7,1,9,1,54,1" doraHai="48" who="2" fromWho="1" sc="408,0,68,-58,315,58,209,0" /><INIT seed="2,1,0,5,0,105" ten="408,10,373,209" oya="2" hai0="127,2,33,6,114,56,27,87,72,70,89,1,121" hai1="60,128,29,103,14,75,74,19,119,52,12,42,20" hai2="71,0,101,10,63,4,133,69,3,82,11,62,15" hai3="68,84,53,85,94,9,129,95,51,26,45,66,48"/><V108/><F133/><W92/><G129/><T122/><D70/><U86/><E119/><V32/><F32/><W91/><G68/><T135/><D114/><U126/><E29/><V21/><F101/><W118/><G118/><T81/><D135/><U110/><E103/><V134/><F134/><W97/><G66/><T40/><D127/><U22/><E42/><V44/><F108/><W88/><G26/><T96/><D40/><U49/><E110/><V78/><F44/><W99/><G9/><T8/><D2/><U35/><E35/><V55/><F21/><W58/><G94/><T50/><D72/><U59/><E128/><V18/><F3/><W104/><G104/><T120/><D96/><U124/><E86/><V111/><F111/><W130/><G130/><T90/><D50/><U112/><E49/><V125/><F125/><N who="1" m="48233" /><E112/><V43/><F43/><AGARI ba="1,0" hai="43,45,48,51,53,58,84,85,88,91,92,95,97,99" machi="43" ten="30,7700,0" yaku="7,1,9,1,8,1,54,1" doraHai="105" who="3" fromWho="2" sc="408,0,10,0,373,-80,209,80" /><INIT seed="3,0,0,3,5,102" ten="408,10,293,289" oya="3" hai0="60,34,39,19,33,90,132,126,11,64,21,79,77" hai1="125,81,31,4,110,118,101,20,127,85,115,72,70" hai2="99,3,48,16,14,37,74,58,100,12,73,22,113" hai3="44,65,45,121,35,129,135,93,68,116,36,75,91"/><W71/><G35/><T80/><D39/><U2/><E115/><V89/><F113/><W7/><G116/><T107/><D107/><U47/><E110/><V24/><F37/><W61/><G121/><T40/><D40/><U13/><E70/><V18/><F3/><W26/><G75/><T69/><D132/><U50/><E72/><V41/><F89/><W96/><G135/><T67/><D126/><U63/><E63/><V78/><F78/><W103/><G129/><T82/><D11/><N who="1" m="4327" /><E2/><V95/><F24/><W28/><G7/><T54/><D90/><U112/><E112/><V9/><REACH who="2" step="1"/><F58/><REACH who="2" ten="408,10,283,289" step="2"/><W124/><G124/><T32/><D79/><N who="1" m="46271" /><E118/><V30/><F30/><W134/><G134/><T109/><D77/><U133/><E133/><V49/><F49/><W92/><G36/><T25/><D69/><U55/><E101/><V51/><F51/><W6/><G68/><T62/><D25/><N who="1" m="16807" /><E125/><V0/><F0/><W46/><G28/><T56/><D62/><U38/><E38/><V53/><F53/><W94/><G26/><T84/><D60/><U76/><E127/><V17/><F17/><W131/><G131/><T42/><D19/><U105/><E76/><V57/><F57/><W120/><G120/><T52/><D56/><U123/><E123/><V5/><F5/><W114/><G114/><T59/><D59/><U97/><E97/><V27/><F27/><W8/><REACH who="3" step="1"/><G103/><REACH who="3" ten="408,10,283,279" step="2"/><T23/><D33/><U104/><E55/><V10/><F10/><W1/><AGARI ba="0,2" hai="1,6,8,44,45,46,61,65,71,91,92,93,94,96" machi="1" ten="30,6000,0" yaku="1,1,2,1,0,1,53,0" doraHai="102" doraHaiUra="130" who="3" fromWho="3" sc="408,-20,10,-20,283,-20,279,80" owari="388,49.0,-10,-51.0,263,-14.0,359,16.0" /></mjloggm>