<mjloggm ver="2.3"><GO type="169" lobby="0"/><UN n0="%E3%81%B5%E3%81%8B%E3%81%BF" n1="%EF%BC%A2%6C%75%65%47%6F%61%74" n2="%E9%AB%98%E5%9D%82%E9%9B%AA%E7%A9%82" n3="%E3%82%A6%E3%83%AB%E3%83%88%E3%83%A9%E7%AB%8B%E7%9B%B4" dan="18,16,16,18" rate="2197.30,2056.87,2115.18,2243.24" sx="F,M,F,M"/><TAIKYOKU oya="0"/><INIT seed="0,0,0,2,1,22" ten="250,250,250,250" oya="0" hai0="63,106,7,58,69,28,24,21,65,51,0,118,125" hai1="68,32,111,72,74,102,86,126,43,55,114,109,123" hai2="59,48,96,105,131,98,67,79,35,112,17,116,60" hai3="92,46,134,71,61,16,127,57,39,31,81,6,91"/><T44/><D118/><U50/><E123/><V94/><F112/><W15/><G127/><T2/><D125/><U8/><E126/><V25/><F116/><W77/><G134/><T128/><D128/><U103/><E68/><V85/><F131/><W9/><G71/><T82/><D106/><U1/><E114/><V124/><F105/><W29/><G39/><T113/><D113/><U62/><E43/><V95/><F124/><W117/><G46/><T73/><D69/><U76/><E62/><V26/><F35/><W52/><G117/><T20/><D7/><N who="1" m="1135" /><E86/><V53/><F17/><W97/><REACH who="3" step="1"/><G6/><REACH who="3" ten="250,250,250,240" step="2"/><T80/><D44/><U66/><E111/><V19/><F67/><W83/><G83/><T93/><D82/><U129/><E109/><V64/><F64/><W41/><G41/><T108/><D80/><U47/><E47/><V107/><F53/><W49/><G49/><T99/><D51/><U132/><E50/><V119/><F48/><W90/><G90/><T120/><D108/><U40/><E55/><V38/><F119/><W135/><G135/><T130/><D130/><U45/><E40/><V122/><F38/><W89/><G89/><T30/><D65/><U133/><E45/><V104/><F60/><W75/><AGARI ba="0,1" hai="9,15,16,29,31,52,57,61,75,77,81,91,92,97" machi="75" ten="20,8000,1" yaku="1,1,0,1,7,1,54,2,53,0" doraHai="22" doraHaiUra="3" who="3" fromWho="3" sc="250,-40,250,-20,250,-20,240,90" /><INIT seed="1,0,0,0,3,4" ten="210,230,230,330" oya="1" hai0="64,36,106,33,124,60,19,27,127,84,61,66,50" hai1="25,56,52,5,96,42,11,121,110,28,92,3,113" hai2="6,20,105,75,101,111,98,132,54,39,10,15,55" hai3="53,12,134,80,41,62,31,108,74,47,77,89,115"/><U85/><E113/><V35/><F35/><W114/><G31/><T17/><D36/><U16/><E121/><V21/><F75/><W18/><G108/><T38/><D38/><U68/><E68/><V83/><F39/><W99/><G134/><T73/><D73/><U8/><E110/><V14/><F111/><W93/><G53/><T40/><D106/><U51/><E42/><V57/><F132/><W122/><G122/><T48/><D40/><U67/><E67/><V128/><F128/><W102/><G62/><T0/><D84/><U97/><E28/><V103/><F83/><W7/><G7/><T49/><D27/><U43/><E43/><V9/><F101/><W69/><G69/><T46/><D46/><U109/><E109/><V129/><F129/><W116/><G116/><T120/><D120/><U23/><REACH who="1" step="1"/><E11/><REACH who="1" ten="210,220,230,330" step="2"/><V107/><F55/><W13/><G41/><T78/><D66/><U90/><AGARI ba="0,1" hai="3,5,8,16,23,25,51,52,56,85,90,92,96,97" machi="90" ten="30,18000,2" yaku="1,1,2,1,0,1,52,1,54,2,53,1" doraHai="4" doraHaiUra="32" who="1" fromWho="1" sc="210,-60,220,190,230,-60,330,-60" /><INIT seed="1,1,0,5,3,124" ten="150,410,170,270" oya="1" hai0="119,113,75,68,77,2,101,53,12,135,7,10,60" hai1="130,50,61,34,67,58,65,46,93,71,54,45,123" hai2="86,74,98,96,49,120,23,56,4,134,122,85,41" hai3="82,18,131,32,132,26,116,19,97,5,125,115,43"/><U30/><E123/><V27/><F4/><W36/><G36/><T111/><D119/><U104/><E104/><V17/><F74/><W108/><G43/><T81/><D113/><U90/><E67/><V107/><F134/><W29/><G82/><T42/><D135/><U121/><E121/><V91/><F122/><W37/><G97/><T78/><D111/><U15/><E34/><V11/><F120/><W100/><G100/><T33/><D33/><U117/><E30/><V55/><F86/><W20/><G37/><T99/><D78/><U102/><E102/><V126/><F126/><W39/><G39/><T16/><D42/><U59/><E71/><V40/><F11/><W114/><G132/><T35/><D35/><U110/><E117/><V84/><F84/><W106/><G106/><T88/><D88/><U127/><E127/><V118/><F118/><W62/><G125/><T48/><D60/><U0/><E0/><V1/><F1/><W57/><G32/><T87/><D68/><U25/><E110/><V14/><F27/><W21/><G116/><T128/><D75/><U63/><E25/><V92/><F107/><W66/><G108/><T9/><D99/><AGARI ba="1,0" hai="14,17,23,40,41,49,55,56,85,91,92,96,98,99" machi="99" ten="40,5200,0" yaku="25,2,8,1" doraHai="124" who="2" fromWho="0" sc="150,-55,410,0,170,55,270,0" /><INIT seed="2,0,0,1,1,56" ten="95,410,225,270" oya="2" hai0="58,114,1,47,83,60,81,6,131,68,20,85,102" hai1="43,32,110,79,69,90,126,11,122,86,31,23,94" hai2="115,28,17,116,52,135,134,54,19,24,62,66,48" hai3="34,124,65,117,10,109,107,4,82,118,121,37,127"/><V30/><F116/><W8/><G107/><T35/><D35/><U100/><E110/><V92/><F115/><W73/><G37/><T103/><D68/><U64/><E126/><V74/><F74/><W51/><G121/><T3/><D114/><U76/><E32/><V101/><F54/><W88/><G34/><T80/><D131/><U0/><E122/><V16/><F92/><W36/><G36/><T44/><D85/><U33/><E33/><V26/><F101/><W40/><G109/><T13/><D1/><U99/><E43/><V39/><F39/><W129/><G129/><T7/><D3/><U95/><E31/><V67/><F67/><W111/><G111/><T49/><D20/><U50/><E23/><V14/><F14/><W57/><G73/><T72/><D72/><U98/><E50/><V27/><F135/><W53/><G65/><N who="0" m="39063" /><D44/><U123/><E123/><V18/><F134/><W42/><G118/><T97/><D97/><U130/><E130/><V41/><F41/><N who="3" m="15979" /><G117/><T61/><D61/><U93/><E69/><V15/><F15/><N who="3" m="5511" /><G10/><N who="0" m="4311" /><D7/><N who="1" m="1511" /><E64/><V9/><F9/><W63/><G51/><T12/><D12/><U105/><E105/><V106/><F106/><W70/><G70/><T125/><D125/><U113/><E113/><V5/><F5/><W132/><G132/><T119/><D119/><U38/><E38/><V112/><F112/><W128/><G128/><T55/><AGARI ba="0,0" hai="47,49,55,80,81,83,102,103" m="4311,39063" machi="55" ten="30,2000,0" yaku="8,1,52,1" doraHai="56" who="0" fromWho="0" sc="95,20,410,-5,225,-10,270,-5" /><INIT seed="3,0,0,4,3,28" ten="115,405,215,265" oya="3" hai0="58,70,88,63,74,89,7,76,4,106,71,64,127" hai1="26,12,56,31,35,101,5,121,81,36,14,115,117" hai2="96,91,1,29,80,102,86,119,18,126,99,20,67" hai3="34,84,55,109,50,27,87,97,23,93,75,133,73"/><W43/><G43/><T114/><D106/><U123/><E115/><V125/><F1/><W30/><G133/><T6/><D114/><U113/><E113/><V47/><F119/><W11/><G109/><T107/><D107/><U39/><E101/><V33/><F67/><W68/><G68/><T40/><D127/><N who="2" m="48650" /><F47/><W21/><G11/><T54/><D40/><U65/><E117/><V38/><F38/><W77/><G87/><T44/><D44/><U116/><E116/><V104/><F96/><W95/><G84/><T135/><D135/><U8/><E14/><N who="2" m="9303" /><F29/><W69/><G69/><T134/><D134/><U45/><E81/><V19/><F19/><W110/><G110/><T120/><D120/><U24/><E24/><V72/><F72/><W132/><G132/><T98/><D98/><U15/><E15/><V22/><F22/><W25/><G21/><T83/><REACH who="0" step="1"/><D71/><REACH who="0" ten="105,405,215,265" step="2"/><U37/><E45/><V48/><F99/><W46/><G97/><T62/><AGARI ba="0,1" hai="4,6,7,54,58,62,63,64,70,74,76,83,88,89" machi="62" ten="30,7900,0" yaku="1,1,2,1,0,1,54,1,53,0" doraHai="28" doraHaiUra="129" who="0" fromWho="0" sc="105,89,405,-20,215,-20,265,-39" /><INIT seed="4,0,0,0,4,57" ten="194,385,195,226" oya="0" hai0="10,116,8,131,93,121,68,25,34,89,59,95,27" hai1="46,26,134,114,60,105,109,73,11,67,111,133,21" hai2="112,53,127,98,99,9,20,88,51,104,43,63,118" hai3="45,76,120,96,83,55,69,42,7,37,80,70,5"/><T6/><D68/><U18/><E105/><V71/><F112/><W135/><G135/><N who="1" m="51722" /><E73/><V92/><F127/><W56/><G120/><T119/><D121/><U66/><E114/><V41/><F118/><W38/><G38/><T77/><D77/><U2/><E46/><V36/><F36/><W103/><G7/><T128/><D59/><N who="1" m="37151" /><E67/><V0/><F20/><W126/><G5/><AGARI ba="0,0" hai="2,5,11,18,21,26,109,111" m="37151,51722" machi="5" ten="30,2000,0" yaku="20,1,52,1" doraHai="57" who="1" fromWho="3" sc="194,0,385,20,195,0,226,-20" /><INIT seed="5,0,0,0,0,109" ten="194,405,195,206" oya="1" hai0="105,0,71,94,78,120,24,3,102,45,52,110,91" hai1="13,30,25,77,16,130,58,103,1,10,4,129,63" hai2="134,29,90,15,124,47,7,32,76,64,80,79,36" hai3="121,107,33,126,26,17,19,127,6,27,54,82,104"/><U73/><E103/><V2/><F124/><N who="3" m="47659" /><G121/><T95/><D71/><U28/><E77/><V81/><F134/><W66/><G66/><T99/><D110/><U41/><E41/><V48/><F36/><W9/><G54/><T8/><D120/><U74/><E74/><V57/><F2/><N who="3" m="215" /><G82/><T85/><D8/><U87/><E87/><V51/><F57/><W135/><G135/><T42/><D24/><N who="3" m="9257" /><G33/><T21/><D78/><U35/><E73/><V23/><F32/><W14/><G14/><T108/><D108/><U98/><E98/><V83/><F90/><W92/><G92/><T113/><D95/><U116/><E58/><V67/><F67/><W84/><G84/><T106/><D106/><AGARI ba="0,0" hai="17,19,104,106,107" m="9257,215,47659" machi="106" ten="30,1000,0" yaku="18,1" doraHai="109" who="3" fromWho="0" sc="194,-10,405,0,195,0,206,10" /><INIT seed="6,0,0,1,1,85" ten="184,405,195,216" oya="2" hai0="31,34,18,134,22,124,92,15,101,35,115,122,68" hai1="58,51,70,87,91,105,56,41,132,53,11,61,23" hai2="96,125,103,3,10,7,80,71,111,84,88,79,27" hai3="37,102,52,57,113,1,123,104,117,77,82,129,24"/><V100/><F71/><W126/><G1/><T94/><D122/><U46/><E105/><V74/><F125/><W64/><G37/><T90/><D68/><U48/><E132/><V39/><F39/><W12/><G117/><T44/><D134/><U133/><E133/><V72/><F111/><W17/><G123/><T47/><D124/><U0/><E70/><V9/><F9/><W73/><G126/><T128/><D115/><U16/><E0/><V4/><F4/><W5/><G5/><T118/><D118/><U50/><E58/><V14/><F3/><W116/><G24/><N who="0" m="16791" /><D34/><U42/><E42/><V97/><F27/><W75/><G64/><T60/><D35/><U28/><E28/><V36/><F36/><W66/><G66/><T29/><D29/><U130/><E130/><V112/><F112/><W131/><G75/><T81/><D60/><U25/><E11/><V65/><F65/><W83/><G113/><T20/><D128/><U40/><E40/><V121/><F121/><W30/><G30/><T106/><D106/><U108/><E108/><V110/><F110/><W26/><G116/><T86/><D101/><U6/><E6/><V127/><F127/><W45/><G102/><N who="2" m="38953" /><F74/><W32/><G104/><T120/><D120/><U43/><E43/><V59/><F59/><W135/><G135/><T55/><D55/><U2/><E2/><V69/><F69/><W93/><G57/><T119/><D119/><U62/><E62/><V89/><F72/><N who="3" m="43303" /><G131/><T33/><D33/><U67/><E41/><V98/><AGARI ba="0,0" hai="7,10,14,79,80,84,88,89,96,97,98" m="38953" machi="98" ten="30,11700,0" yaku="8,1,52,2,54,1" doraHai="85" who="2" fromWho="2" sc="184,-39,405,-39,195,117,216,-39" /><INIT seed="6,1,0,2,1,96" ten="145,366,312,177" oya="2" hai0="13,31,89,50,37,100,48,80,33,111,6,108,4" hai1="51,121,114,128,76,12,90,56,68,29,20,112,117" hai2="22,16,67,23,73,36,116,83,1,14,125,64,9" hai3="57,95,122,21,101,43,63,58,55,78,91,94,65"/><V35/><F116/><W106/><G122/><T93/><D37/><U126/><E117/><V70/><F36/><W10/><G106/><T69/><D69/><U26/><E121/><V104/><F125/><W132/><G132/><T45/><D33/><U7/><E68/><V24/><F104/><W75/><G43/><T99/><D31/><U107/><E107/><V123/><F123/><W41/><G41/><T84/><D50/><U130/><E76/><N who="2" m="44431" /><F23/><W120/><G120/><T87/><D111/><U32/><E90/><V60/><F60/><W8/><G78/><T81/><D13/><U134/><E134/><V38/><F38/><W135/><G75/><T49/><D108/><U44/><E126/><V19/><F19/><W28/><G135/><T27/><D27/><U40/><E56/><V47/><F47/><W3/><G28/><T54/><D49/><U127/><E127/><V18/><F18/><W124/><G124/><T79/><AGARI ba="1,0" hai="4,6,45,48,54,79,80,81,84,87,89,93,99,100" machi="79" ten="20,5200,0" yaku="0,1,7,1,8,1,52,1" doraHai="96" who="0" fromWho="0" sc="145,55,366,-14,312,-27,177,-14" /><INIT seed="7,0,0,1,1,117" ten="200,352,285,163" oya="3" hai0="133,21,38,43,103,114,88,100,34,131,29,86,61" hai1="20,135,25,96,72,69,90,124,19,104,1,13,23" hai2="24,50,52,126,48,35,119,80,33,74,5,27,44" hai3="132,113,125,98,99,70,111,68,91,15,81,37,32"/><W71/><G32/><T9/><D34/><U3/><E69/><V107/><F119/><W82/><G37/><T16/><D38/><U115/><E135/><V6/><F107/><W130/><G130/><T85/><D43/><U79/><E124/><V40/><F126/><W53/><G125/><T51/><D133/><U92/><E104/><V108/><F108/><W116/><G132/><T36/><D36/><U12/><E115/><V64/><F64/><W39/><G39/><T78/><D131/><U128/><E13/><V67/><F67/><W112/><G116/><T120/><D120/><U56/><E56/><V122/><F122/><W76/><G111/><T129/><D129/><U22/><E22/><V102/><F102/><W0/><G0/><T118/><D61/><U18/><E128/><V41/><F74/><W109/><G109/><T65/><D65/><U26/><E12/><V42/><F42/><W49/><G15/><N who="0" m="7279" /><D51/><U59/><E59/><V87/><F40/><W11/><G11/><T105/><D105/><U55/><E55/><V134/><F35/><W121/><G121/><T58/><D58/><U57/><E57/><N who="2" m="32919" /><F33/><W30/><G30/><T73/><D114/><N who="3" m="44137" /><G76/><T75/><D118/><U45/><E45/><V10/><F134/><W95/><G99/><T83/><D75/><U28/><E28/><V66/><F10/><W123/><G123/><T17/><D29/><U89/><E89/><N who="2" m="51431" /><F66/><W110/><G110/><T60/><D60/><U4/><E4/><AGARI ba="0,0" hai="4,5,6,24,27,41,44,48" m="51431,32919" machi="4" ten="30,2000,0" yaku="8,1,54,1" doraHai="117" who="2" fromWho="1" sc="200,0,352,-20,285,20,163,0" owari="200,-20.0,332,43.0,305,11.0,163,-34.0" /></mjloggm>