<mjloggm ver="2.3"><GO type="169" lobby="0"/><UN n0="%67%61%79%75%6E%79" n1="%E3%83%88%E3%83%88%E3%83%AA%E5%85%88%E7%94%9F%31%39%E6%AD%B3" n2="%7A%65%52%6F" n3="%66%61%6E%73%74%65%70" dan="17,19,18,16" rate="2107.74,2314.05,2176.83,2149.82" sx="M,F,M,M"/><TAIKYOKU oya="0"/><INIT seed="0,0,0,5,2,15" ten="250,250,250,250" oya="0" hai0="103,54,26,70,129,125,52,104,98,73,2,121,122" hai1="65,79,75,76,37,33,20,85,134,68,135,16,7" hai2="107,90,80,0,74,112,66,60,95,93,91,127,105" hai3="115,59,61,84,13,87,3,102,42,118,24,106,25"/><T19/><D125/><U41/><E33/><V27/><F0/><W96/><G3/><T55/><D129/><U5/><E75/><V36/><F36/><W94/><G118/><T34/><D70/><U99/><E99/><V22/><F112/><W23/><G115/><T81/><D2/><U82/><E76/><V119/><F119/><W44/><G106/><T56/><D56/><U40/><E65/><V62/><F127/><W48/><G13/><T64/><D64/><U12/><E68/><V6/><F6/><N who="1" m="2057" /><E37/><V72/><F66/><N who="3" m="39231" /><G25/><T21/><REACH who="0" step="1"/><D34/><REACH who="0" ten="240,250,250,250" step="2"/><U28/><E134/><V124/><F124/><W69/><G69/><T111/><D111/><U46/><E135/><V110/><F110/><W30/><AGARI ba="0,1" hai="23,24,30,42,44,48,84,87,94,96,102" m="39231" machi="30" ten="30,2000,0" yaku="25,1,8,1" doraHai="15" who="3" fromWho="3" sc="240,-10,250,-5,250,-5,250,30" /><INIT seed="1,0,0,1,5,79" ten="230,245,245,280" oya="1" hai0="13,12,85,126,41,35,63,131,30,61,22,18,112" hai1="89,113,23,76,102,59,122,117,78,26,51,125,38" hai2="98,93,27,31,62,128,15,2,130,57,44,80,8" hai3="121,105,67,17,110,32,40,34,97,56,71,9,114"/><U21/><E113/><V20/><F2/><W50/><G114/><T5/><D112/><U116/><E122/><V115/><F44/><W48/><G71/><T124/><D131/><U39/><E125/><N who="0" m="48233" /><D41/><U69/><E69/><V108/><F108/><W19/><G121/><T84/><D35/><U87/><E102/><V90/><F115/><W45/><G110/><T1/><D30/><U81/><E76/><V135/><F135/><W91/><G105/><T107/><D107/><U119/><E23/><V37/><F37/><W60/><G34/><T43/><D43/><U129/><E129/><V4/><REACH who="2" step="1"/><F80/><REACH who="2" ten="230,245,235,280" step="2"/><W11/><G45/><T46/><D1/><U64/><E39/><V36/><F36/><W42/><G42/><T96/><D46/><U104/><E38/><V33/><F33/><W6/><G32/><T52/><D96/><U70/><E119/><V75/><F75/><W123/><G40/><T10/><D52/><AGARI ba="0,1" hai="4,8,15,20,27,31,52,57,62,90,93,98,128,130" machi="52" ten="40,5200,0" yaku="1,1,54,1,53,1" doraHai="79" doraHaiUra="86" who="2" fromWho="0" sc="230,-52,245,0,235,62,280,0" /><INIT seed="2,0,0,3,1,105" ten="178,245,297,280" oya="2" hai0="13,131,129,133,32,76,8,1,23,104,36,53,121" hai1="65,92,118,62,130,39,38,30,135,96,127,24,25" hai2="123,73,34,77,33,54,90,70,93,45,97,119,84" hai3="109,68,15,132,42,87,10,43,6,103,22,57,67"/><V99/><F119/><W0/><G68/><T114/><D104/><U74/><E118/><V58/><F123/><W106/><G132/><T64/><D133/><U78/><E135/><V63/><F70/><W100/><G109/><T86/><D32/><U11/><E130/><N who="0" m="49673" /><D121/><U122/><E122/><V98/><REACH who="2" step="1"/><F45/><REACH who="2" ten="178,245,287,280" step="2"/><W126/><G126/><T7/><D114/><U66/><E127/><V4/><F4/><W107/><G6/><T28/><D7/><U112/><E112/><V85/><F85/><W83/><G87/><T88/><D86/><U125/><E125/><V12/><F12/><W41/><G15/><T102/><D13/><U82/><E25/><V29/><F29/><W124/><G124/><T35/><D28/><U113/><E113/><V20/><F20/><W52/><G22/><T55/><D23/><U134/><E134/><V72/><F72/><W27/><G27/><T17/><D35/><U79/><E24/><V14/><F14/><W94/><G10/><T16/><D8/><U40/><E30/><V2/><F2/><W89/><G0/><T47/><D1/><U44/><E11/><V21/><F21/><W71/><G71/><T80/><D47/><U75/><E44/><V128/><F128/><W5/><G5/><T81/><D17/><U37/><E75/><V110/><F110/><W60/><G107/><T50/><D16/><U19/><E19/><V117/><F117/><W59/><G106/><T18/><D18/><U116/><E74/><V108/><F108/><W46/><G46/><T48/><D36/><N who="1" m="13931" /><E116/><V51/><F51/><N who="3" m="30879" /><G83/><AGARI ba="0,1" hai="33,34,54,58,63,73,77,83,84,90,93,97,98,99" machi="83" ten="40,12000,1" yaku="1,1,52,1,53,3" doraHai="105" doraHaiUra="95" who="2" fromWho="3" sc="178,0,245,0,287,130,280,-120" /><INIT seed="2,1,0,2,0,32" ten="178,245,417,160" oya="2" hai0="13,0,7,37,14,82,72,117,46,5,18,55,73" hai1="40,68,19,100,44,23,53,71,38,28,76,79,120" hai2="58,29,1,67,56,130,15,78,118,45,124,61,91" hai3="70,63,112,12,113,74,39,77,134,129,102,34,35"/><V127/><F118/><W133/><G102/><T105/><D105/><U57/><E120/><V6/><F130/><W107/><G129/><T50/><D117/><U26/><E100/><V3/><F29/><W93/><G107/><T25/><D37/><U115/><E115/><N who="3" m="44106" /><G93/><T9/><D25/><U90/><E90/><V81/><F91/><W88/><G88/><T85/><D7/><U62/><REACH who="1" step="1"/><E28/><REACH who="1" ten="178,235,417,160" step="2"/><V104/><F104/><W126/><G126/><T11/><REACH who="0" step="1"/><D14/><REACH who="0" ten="168,235,417,160" step="2"/><U2/><E2/><V60/><F15/><W27/><G12/><T8/><D8/><U123/><E123/><V119/><F119/><W22/><G27/><T49/><D49/><U110/><E110/><V33/><F3/><W69/><G39/><T80/><D80/><U59/><E59/><V97/><F1/><W16/><G70/><AGARI ba="1,2" hai="19,23,26,38,40,44,53,57,62,68,70,71,76,79" machi="70" ten="40,1300,0" yaku="1,1,53,0" doraHai="32" doraHaiUra="125" who="1" fromWho="3" sc="168,0,235,36,417,0,160,-16" /><INIT seed="3,0,0,0,4,63" ten="168,271,417,144" oya="3" hai0="59,73,131,77,99,67,70,107,46,1,0,122,13" hai1="45,119,86,65,117,6,30,2,66,91,15,18,115" hai2="35,40,20,112,74,90,4,52,80,53,129,23,56" hai3="89,110,98,125,127,135,44,5,54,55,106,93,75"/><W50/><G75/><T11/><D122/><U124/><E115/><V76/><F35/><W14/><G135/><T128/><D70/><U25/><E124/><N who="3" m="47690" /><G106/><T88/><D73/><U95/><E45/><V32/><F32/><W49/><G110/><T68/><D77/><U71/><E6/><V132/><F112/><W34/><G34/><T28/><D68/><U85/><E2/><V16/><F4/><W120/><G120/><T51/><D28/><U60/><E86/><V87/><F132/><W130/><G130/><T29/><D29/><U102/><E102/><V41/><F129/><N who="0" m="49738" /><D107/><U27/><E66/><V12/><F23/><W9/><G50/><T47/><D47/><U17/><E17/><V101/><F101/><W82/><G82/><T109/><D109/><U7/><E7/><V84/><F74/><W113/><G113/><T22/><D22/><U79/><E79/><V116/><F116/><N who="1" m="44617" /><E30/><V118/><F118/><W57/><G57/><T94/><D59/><U126/><E126/><V111/><F111/><W78/><G78/><T97/><D67/><U104/><E104/><V105/><F105/><W10/><G10/><AGARI ba="0,0" hai="10,15,18,25,27,60,65,71,85,91,95" m="44617" machi="10" ten="30,2000,0" yaku="12,1,52,1" doraHai="63" who="1" fromWho="3" sc="168,0,271,20,417,0,144,-20" /><INIT seed="4,0,0,5,2,80" ten="168,291,417,124" oya="0" hai0="18,117,49,69,50,27,81,121,87,88,58,112,2" hai1="126,47,48,109,89,6,102,51,46,134,20,115,62" hai2="23,127,34,108,52,8,1,36,110,79,130,77,16" hai3="114,107,41,9,4,30,76,124,132,92,94,54,71"/><T63/><D121/><U15/><E109/><V12/><F36/><W85/><G71/><T123/><D117/><U7/><E134/><V21/><F34/><W86/><G107/><T13/><D123/><U113/><E126/><V17/><F127/><W96/><G124/><T128/><D2/><U31/><E102/><V84/><F130/><W44/><G30/><T73/><D69/><U5/><E62/><V61/><F110/><W55/><G132/><T43/><D73/><U24/><E15/><N who="2" m="9631" /><F1/><W68/><G68/><T57/><D128/><U38/><E38/><V120/><F120/><W65/><G65/><T66/><D112/><N who="1" m="43083" /><E89/><V91/><F8/><W95/><G114/><T111/><D111/><U74/><E74/><V135/><F108/><W67/><G67/><T90/><D27/><U35/><E35/><V37/><F37/><W64/><G64/><T11/><D49/><AGARI ba="0,0" hai="5,6,7,20,24,31,46,47,48,49,51" m="43083" machi="49" ten="30,2000,0" yaku="15,1,11,1" doraHai="80" who="1" fromWho="0" sc="168,-20,291,20,417,0,124,0" /><INIT seed="5,0,0,0,4,71" ten="148,311,417,124" oya="1" hai0="95,111,132,97,69,68,91,131,32,47,45,87,109" hai1="80,30,9,85,99,112,55,34,10,18,130,72,26" hai2="57,113,119,90,105,4,79,74,29,102,103,8,49" hai3="14,16,19,117,108,56,3,89,6,23,46,96,63"/><U15/><E112/><V84/><F119/><W126/><G117/><T41/><D32/><U58/><E130/><V101/><F113/><W66/><G108/><T2/><D2/><U11/><E72/><V48/><F105/><W0/><G126/><T73/><D73/><U115/><E99/><V104/><F104/><W100/><G6/><T60/><D132/><U116/><E116/><V22/><F79/><W33/><G33/><T83/><D131/><U20/><E115/><V51/><F74/><W98/><G98/><T125/><D125/><U121/><E121/><V120/><F120/><W38/><G89/><T52/><D68/><U21/><E34/><V88/><F57/><W94/><REACH who="3" step="1"/><G19/><REACH who="3" ten="148,311,417,114" step="2"/><T13/><D111/><U135/><E135/><V37/><F90/><W107/><G107/><T43/><D109/><U128/><E128/><V54/><F88/><W27/><G27/><T78/><D13/><U123/><E123/><V76/><F4/><W40/><AGARI ba="0,1" hai="0,3,14,16,23,38,40,46,56,63,66,94,96,100" machi="40" ten="30,7900,0" yaku="1,1,0,1,52,1,54,1,53,0" doraHai="71" doraHaiUra="7" who="3" fromWho="3" sc="148,-20,311,-39,417,-20,114,89" /><INIT seed="6,0,0,5,3,26" ten="128,272,397,203" oya="2" hai0="63,15,13,115,131,14,2,79,107,108,32,23,43" hai1="99,50,31,135,37,114,112,4,113,45,86,106,67" hai2="62,68,47,91,82,54,97,18,104,29,95,70,73" hai3="89,19,128,66,22,130,80,30,24,34,85,48,65"/><V5/><F5/><W42/><G42/><T72/><D107/><U87/><E37/><V38/><F104/><W121/><G121/><T94/><D108/><U6/><E67/><V111/><F111/><W8/><G8/><T93/><D131/><N who="3" m="50217" /><G48/><T119/><D2/><U51/><E135/><V133/><F133/><W83/><G83/><T58/><D32/><U7/><E31/><V109/><F109/><W35/><G35/><T129/><D119/><U1/><E1/><V61/><F70/><W120/><G120/><T59/><D129/><U64/><E64/><V103/><F68/><W117/><G117/><T105/><D105/><U125/><E125/><V101/><F38/><W56/><G56/><T116/><D116/><U17/><E17/><V75/><F18/><W40/><G40/><T0/><D0/><U122/><E122/><V46/><F82/><W100/><G100/><T76/><D115/><U9/><E9/><V126/><F103/><W28/><G28/><T98/><D43/><N who="1" m="24895" /><E51/><V74/><F29/><W41/><G41/><T102/><D72/><U10/><E10/><V132/><F126/><W39/><G39/><T110/><D110/><U36/><E36/><V57/><F132/><W20/><G34/><T55/><D23/><U118/><E118/><V11/><F11/><W25/><AGARI ba="0,0" hai="19,20,22,24,25,30,65,66,80,85,89" m="50217" machi="25" ten="30,2000,0" yaku="19,1,52,1" doraHai="26" who="3" fromWho="3" sc="128,-5,272,-5,397,-10,203,20" /><INIT seed="7,0,0,3,4,21" ten="123,267,387,223" oya="3" hai0="70,69,113,77,47,37,15,99,23,74,26,86,49" hai1="14,105,56,89,126,71,45,36,28,124,55,81,78" hai2="59,93,134,96,123,30,127,133,76,102,61,24,12" hai3="52,40,85,109,104,62,39,25,101,7,9,91,5"/><W103/><G109/><T88/><D113/><U29/><E71/><V42/><F127/><N who="1" m="48681" /><E105/><V0/><F0/><W120/><G120/><T97/><D37/><U115/><E115/><V54/><F123/><W79/><G104/><T73/><D15/><U50/><E89/><V108/><F108/><W20/><G79/><T107/><D69/><U22/><E22/><V72/><F42/><W3/><G40/><T131/><D70/><U128/><E128/><V19/><F76/><W32/><G32/><T48/><D131/><U106/><E106/><V82/><F82/><W2/><G39/><T66/><D66/><U57/><E14/><V27/><F72/><W13/><G3/><T33/><D33/><U95/><E95/><V92/><F93/><N who="3" m="54511" /><G7/><T65/><D65/><U38/><E38/><V90/><F90/><W1/><G1/><T122/><D122/><U100/><E100/><V4/><F4/><W121/><G2/><T116/><D116/><U94/><E94/><V6/><F6/><W64/><G64/><T34/><D34/><U35/><E36/><V17/><F92/><W112/><G112/><T118/><D118/><U117/><E117/><V10/><F102/><W51/><G121/><T44/><D107/><U125/><E125/><V119/><F119/><W58/><G62/><T18/><D74/><N who="1" m="43223" /><E35/><N who="2" m="20935" /><F96/><N who="0" m="36938" /><D73/><U11/><E11/><V111/><F111/><W46/><G58/><AGARI ba="0,0" hai="28,29,45,50,55,56,57,58" m="43223,48681" machi="58" ten="30,1000,0" yaku="18,1" doraHai="21" who="1" fromWho="3" sc="123,0,267,10,387,0,223,-10" owari="123,-38.0,277,8.0,387,49.0,213,-19.0" /></mjloggm>