<mjloggm ver="2.3"><GO type="169" lobby="0"/><UN n0="%50%4F%52%49%54%41%4E" n1="%E3%81%8B%E3%81%A3%E9%A3%9B%E3%81%B0%E3%81%9B%E5%85%A8%E9%83%A8" n2="%E3%81%82%E3%81%A3%E3%82%AA%E3%83%AA%E3%81%BE%E3%81%97%E3%81%9F" n3="%E3%83%88%E3%83%88%E3%83%AA%E5%85%88%E7%94%9F%31%39%E6%AD%B3" dan="17,17,16,19" rate="2137.30,2111.67,2126.99,2282.27" sx="M,M,M,F"/><TAIKYOKU oya="0"/><INIT seed="0,0,0,4,1,133" ten="250,250,250,250" oya="0" hai0="109,123,127,119,74,27,25,131,38,45,93,21,61" hai1="107,29,78,84,6,122,31,2,85,33,42,110,26" hai2="88,70,130,67,46,116,59,60,108,75,113,80,79" hai3="101,0,71,96,22,23,73,83,39,58,100,18,20"/><T41/><D123/><U81/><E122/><V103/><F113/><W47/><G71/><T5/><D119/><U35/><E107/><V120/><F120/><W112/><G112/><T13/><D131/><U16/><E110/><V36/><F108/><W56/><G0/><T77/><D109/><U24/><E42/><V28/><F130/><W4/><G4/><T86/><D74/><U63/><E63/><V128/><F28/><W53/><G18/><T117/><D117/><U87/><REACH who="1" step="1"/><E16/><REACH who="1" ten="250,240,250,250" step="2"/><V72/><F128/><W115/><G115/><T3/><D61/><U134/><E134/><V118/><F118/><W30/><G39/><T7/><D7/><U51/><E51/><V89/><F116/><W15/><G53/><T43/><D43/><U135/><E135/><V125/><F60/><W90/><G30/><T98/><D5/><U104/><E104/><V69/><F36/><W114/><G114/><T19/><D3/><U11/><AGARI ba="0,1" hai="2,6,11,24,26,29,31,33,35,78,81,84,85,87" machi="11" ten="30,4000,0" yaku="1,1,0,1,9,1,53,0" doraHai="133" doraHaiUra="92" who="1" fromWho="1" sc="250,-20,240,50,250,-10,250,-10" /><INIT seed="1,0,0,2,0,112" ten="230,290,240,240" oya="1" hai0="75,103,90,62,15,14,113,16,64,33,79,100,101" hai1="85,57,7,29,26,2,19,21,88,31,118,124,122" hai2="89,43,24,66,86,45,92,96,80,69,39,73,11" hai3="117,135,18,94,70,68,38,50,36,74,104,59,121"/><U123/><E124/><V65/><F24/><W129/><G94/><T63/><D113/><U44/><E118/><V5/><F69/><N who="3" m="26731" /><G18/><T41/><D33/><U30/><E57/><V0/><REACH who="2" step="1"/><F73/><REACH who="2" ten="230,290,230,240" step="2"/><W13/><G74/><T130/><D75/><U22/><E123/><V84/><F84/><W10/><G121/><T56/><D130/><U1/><E122/><V134/><F134/><W61/><G135/><T78/><D103/><AGARI ba="0,1" hai="0,5,11,39,43,45,65,66,80,86,89,92,96,103" machi="103" ten="30,2000,0" yaku="1,1,7,1,53,0" doraHai="112" doraHaiUra="8" who="2" fromWho="0" sc="230,-20,290,0,230,30,240,0" /><INIT seed="2,0,0,3,0,15" ten="210,290,260,240" oya="2" hai0="34,7,4,35,119,16,62,68,134,37,31,105,55" hai1="95,36,113,125,10,87,21,127,74,97,135,108,51" hai2="88,100,80,72,79,124,111,76,49,41,22,96,28" hai3="40,120,102,65,110,38,18,116,19,58,0,32,84"/><V109/><F124/><N who="1" m="47689" /><E113/><V114/><F114/><W46/><G116/><T67/><D37/><U118/><E36/><V123/><F123/><W77/><G120/><T101/><D119/><U3/><E74/><V27/><F79/><W24/><G0/><T2/><D134/><U90/><E108/><N who="2" m="41547" /><F41/><W63/><G110/><T66/><D66/><U75/><E75/><V50/><F100/><W20/><G32/><T12/><D35/><U57/><E135/><V39/><F39/><W48/><G102/><T8/><D55/><N who="1" m="31999" /><E21/><V132/><F132/><W52/><G84/><T26/><D2/><U133/><E133/><V17/><F28/><N who="3" m="17415" /><G77/><T64/><D67/><U30/><E30/><V112/><F112/><W104/><G104/><T11/><D11/><U103/><E118/><V85/><F96/><AGARI ba="0,0" hai="4,7,8,12,16,26,31,34,62,64,68,96,101,105" machi="96" ten="40,8000,1" yaku="25,2,52,1,54,1" doraHai="15" who="0" fromWho="2" sc="210,80,290,0,260,-80,240,0" /><INIT seed="3,0,0,3,3,106" ten="290,290,180,240" oya="3" hai0="8,38,108,20,15,78,95,22,93,54,4,3,52" hai1="129,104,91,134,84,44,9,51,14,18,63,69,101" hai2="112,32,33,132,87,105,118,94,77,76,111,116,49" hai3="47,55,99,100,81,65,126,60,102,117,79,115,19"/><W71/><G117/><T48/><D38/><U128/><E134/><V83/><F112/><W73/><G115/><T12/><D108/><U43/><E101/><V67/><F111/><W56/><G126/><T135/><D135/><U13/><E104/><V82/><F105/><W2/><G2/><T0/><D78/><U28/><E28/><V80/><F67/><W36/><G99/><T70/><D70/><U39/><E39/><V123/><F132/><W21/><G47/><T133/><D133/><U30/><E30/><V40/><F123/><W29/><G29/><T114/><D114/><U11/><E63/><V16/><F94/><W90/><G90/><T61/><D61/><U131/><E69/><V64/><F64/><W45/><G71/><T96/><D54/><U110/><E110/><V46/><F80/><W103/><G55/><T122/><D95/><N who="1" m="54759" /><E14/><V92/><F92/><W98/><G98/><T125/><D125/><U37/><E37/><V130/><F130/><W24/><REACH who="3" step="1"/><G102/><REACH who="3" ten="290,290,180,230" step="2"/><N who="0" m="60687" /><D122/><U75/><E129/><V86/><F118/><W10/><G10/><N who="0" m="4167" /><D0/><U109/><E109/><V53/><F116/><W121/><G121/><T74/><D3/><U120/><E120/><V25/><F53/><W59/><G59/><N who="0" m="33159" /><D74/><U124/><E75/><V42/><REACH who="2" step="1"/><F40/><AGARI ba="0,1" hai="19,21,24,36,40,45,56,60,65,73,79,81,100,103" machi="40" ten="40,7700,0" yaku="1,1,52,1,53,1" doraHai="106" doraHaiUra="68" who="3" fromWho="2" sc="290,0,290,0,180,-77,230,87" /><INIT seed="3,1,0,1,4,79" ten="290,290,103,317" oya="3" hai0="41,51,61,104,108,99,50,21,72,20,102,90,133" hai1="0,132,28,47,63,69,121,57,128,66,93,58,56" hai2="26,46,59,23,81,68,129,82,1,13,44,94,125" hai3="48,88,130,98,126,135,118,71,117,134,24,29,60"/><W62/><G48/><T75/><D108/><U43/><E0/><V119/><F1/><W10/><G10/><T35/><D35/><U97/><E121/><V8/><F68/><W27/><G130/><T16/><D133/><N who="3" m="50697" /><G126/><T107/><D107/><U114/><E114/><V85/><F119/><N who="3" m="45579" /><G71/><T76/><D20/><U111/><E111/><V36/><F129/><W15/><G15/><T31/><D31/><U18/><E128/><V2/><F2/><W127/><G127/><T105/><D105/><U67/><E28/><N who="2" m="17503" /><F36/><W131/><G131/><T12/><D41/><U54/><E132/><V34/><F34/><N who="3" m="20775" /><G27/><T52/><D90/><U39/><E18/><N who="2" m="8487" /><F125/><W73/><G73/><T113/><D75/><U11/><E11/><V22/><F22/><W83/><G98/><T80/><REACH who="0" step="1"/><D113/><REACH who="0" ten="280,290,103,317" step="2"/><U110/><E110/><V95/><F85/><AGARI ba="1,1" hai="60,62,83,85,88" m="20775,45579,50697" machi="85" ten="30,5800,0" yaku="20,1,52,1,54,1" doraHai="79" who="3" fromWho="2" sc="280,0,290,0,103,-61,317,71" /><INIT seed="3,2,0,5,2,98" ten="280,290,42,388" oya="3" hai0="128,34,47,20,126,49,24,39,102,81,87,12,26" hai1="60,124,90,59,123,14,114,17,38,64,93,79,111" hai2="3,25,113,7,22,125,92,105,36,35,72,1,107" hai3="94,41,15,121,30,0,31,63,51,18,68,50,9"/><W80/><G121/><T21/><D39/><U52/><E123/><V117/><F36/><W82/><G0/><T106/><D34/><U130/><E114/><V96/><F72/><W58/><G68/><T45/><D128/><U120/><E120/><V100/><F113/><W75/><G75/><T67/><D126/><U104/><E104/><V69/><F117/><W73/><G73/><T88/><D67/><U127/><E38/><V97/><F125/><N who="1" m="48201" /><E111/><V108/><F69/><W83/><G94/><T85/><D12/><U70/><E79/><V28/><F108/><W77/><G77/><N who="0" m="46255" /><D106/><U84/><E130/><V33/><F105/><W65/><REACH who="3" step="1"/><G51/><REACH who="3" ten="280,290,42,378" step="2"/><T4/><D4/><U37/><E37/><V27/><F7/><W89/><G89/><T74/><D74/><U109/><E109/><V16/><REACH who="2" step="1"/><F35/><REACH who="2" ten="280,290,32,378" step="2"/><W132/><G132/><T19/><D49/><U129/><E129/><V86/><F86/><W13/><G13/><T2/><D2/><U11/><E70/><V95/><F95/><W5/><G5/><T99/><D87/><U134/><E134/><V61/><F61/><W66/><G66/><AGARI ba="2,2" hai="11,14,17,52,59,60,64,66,84,90,93" m="48201" machi="66" ten="30,2000,0" yaku="18,1,54,1" doraHai="98" who="1" fromWho="3" sc="280,0,290,46,32,0,378,-26" /><INIT seed="4,0,0,1,2,84" ten="280,336,32,352" oya="0" hai0="126,35,38,63,107,2,13,44,80,30,120,81,48" hai1="99,106,93,67,8,41,64,11,46,129,59,113,101" hai2="62,47,115,24,14,33,43,54,69,17,50,87,109" hai3="73,85,78,121,86,10,52,97,90,125,89,70,28"/><T68/><D120/><U128/><E113/><V37/><F109/><W61/><G121/><T76/><D2/><U117/><E117/><V27/><F115/><W122/><G122/><T22/><D38/><U19/><E106/><V95/><F33/><W12/><G125/><T98/><D126/><U104/><E104/><V105/><F105/><W116/><G116/><T66/><D13/><N who="1" m="7591" /><E59/><V94/><F94/><N who="3" m="56535" /><G73/><T49/><D22/><U83/><E83/><N who="0" m="31817" /><D76/><U39/><E11/><V130/><F130/><AGARI ba="0,0" hai="39,41,46,64,67,93,99,101,128,129,130" m="7591" machi="130" ten="30,1000,0" yaku="19,1" doraHai="84" who="1" fromWho="2" sc="280,0,336,10,32,-10,352,0" /><INIT seed="5,0,0,3,0,54" ten="280,346,22,352" oya="1" hai0="25,93,114,110,51,107,49,81,113,73,112,34,6" hai1="26,96,27,87,36,23,48,20,89,8,3,85,84" hai2="134,17,76,31,50,38,68,53,116,127,18,109,75" hai3="61,77,74,115,33,43,12,60,133,108,67,41,14"/><U21/><E36/><V122/><F109/><W28/><G108/><T103/><D6/><U39/><E39/><V132/><F38/><W62/><G115/><T19/><D110/><U98/><E3/><V42/><F42/><W44/><G133/><T101/><D107/><U46/><E8/><V10/><F116/><W55/><G74/><T121/><D121/><U125/><E125/><V35/><F122/><W118/><G77/><N who="0" m="44207" /><D93/><N who="1" m="56367" /><E98/><V129/><F68/><W90/><G118/><T86/><D86/><N who="1" m="22019" /><U7/><DORA hai="32" /><E7/><V82/><F127/><W130/><G130/><T66/><D66/><U124/><E124/><V69/><F69/><W106/><G106/><T100/><D34/><U15/><E15/><N who="3" m="5674" /><G90/><T120/><D120/><U65/><E65/><V72/><F72/><W5/><G5/><T45/><D45/><U91/><E91/><V4/><F129/><W30/><G33/><T83/><D83/><U47/><E47/><V29/><F132/><W63/><G67/><T64/><D64/><U99/><E99/><V57/><F134/><W88/><G88/><T102/><N who="0" m="26112" /><DORA hai="131" /><T9/><D9/><U105/><E105/><V58/><F58/><N who="3" m="34911" /><G44/><T40/><D40/><AGARI ba="0,0" hai="20,21,23,26,27,40,46,48" m="22019,56367" machi="40" ten="40,2000,0" yaku="8,1" doraHai="54,32,131" who="1" fromWho="0" sc="280,-20,346,20,22,0,352,0" /><AGARI ba="0,0" hai="28,30,40,41,43,61,62,63" m="34911,5674" machi="40" ten="30,2000,0" yaku="8,1,52,1" doraHai="54,32,131" who="3" fromWho="0" sc="260,-20,366,0,22,0,352,20" /><INIT seed="5,1,0,5,3,39" ten="240,366,22,372" oya="1" hai0="132,84,9,121,68,85,56,90,55,67,81,51,77" hai1="79,50,72,30,82,3,112,105,74,88,11,97,8" hai2="16,95,134,83,22,62,21,127,32,59,38,31,18" hai3="37,100,52,123,117,7,87,109,20,15,65,57,0"/><U35/><E74/><V47/><F134/><W126/><G109/><T102/><D132/><U91/><E112/><V48/><F38/><W99/><G123/><T124/><D124/><U43/><E35/><V110/><F110/><W125/><G37/><T86/><D68/><U78/><E78/><V41/><F127/><N who="3" m="48651" /><G0/><T115/><D115/><U45/><E30/><V24/><F83/><W1/><G1/><T106/><D67/><U63/><E63/><V5/><F5/><W107/><G87/><T103/><D106/><U104/><E11/><V29/><F95/><W119/><G65/><T64/><D64/><U94/><REACH who="1" step="1"/><E91/><REACH who="1" ten="240,356,22,372" step="2"/><V6/><F32/><W128/><G128/><T92/><D121/><U80/><E80/><V46/><F6/><AGARI ba="1,1" hai="3,6,8,43,45,50,72,79,82,88,94,97,104,105" machi="6" ten="40,7700,0" yaku="1,1,52,1,54,1,53,0" doraHai="39" doraHaiUra="49" who="1" fromWho="2" sc="240,0,356,90,22,-80,372,0" owari="240,-16.0,446,55.0,-58,-56.0,372,17.0" /></mjloggm>