<mjloggm ver="2.3"><GO type="169" lobby="0"/><UN n0="%28%E3%80%8C%E3%83%BB%60%CF%89%E3%83%BB%29%E3%80%8C" n1="%E2%91%A3%E3%82%BB%E3%83%B3%E3%83%81" n2="%E3%83%88%E3%83%88%E3%83%AA%E5%85%88%E7%94%9F%31%39%E6%AD%B3" n3="%77%69%6E%65" dan="16,17,19,18" rate="2161.53,2204.15,2318.62,2178.66" sx="M,M,F,M"/><TAIKYOKU oya="0"/><INIT seed="0,0,0,2,3,90" ten="250,250,250,250" oya="0" hai0="3,118,84,1,22,87,58,73,60,134,113,74,135" hai1="28,107,8,100,48,53,99,26,30,133,98,10,14" hai2="124,15,2,63,101,125,54,18,17,66,121,38,105" hai3="71,29,42,49,13,46,72,97,77,24,25,95,59"/><T47/><D47/><U88/><E133/><N who="0" m="50697" /><D22/><U62/><E62/><V114/><F114/><W21/><G71/><T93/><D113/><U27/><E27/><V37/><F121/><W68/><G68/><T56/><D118/><U45/><E30/><V102/><F54/><W67/><G72/><N who="0" m="27755" /><D60/><U89/><E99/><N who="2" m="61631" /><F102/><W96/><G96/><T36/><D36/><U120/><E120/><V9/><F18/><W39/><G77/><T52/><D93/><U11/><REACH who="1" step="1"/><E14/><REACH who="1" ten="250,240,250,250" step="2"/><N who="2" m="7375" /><F2/><N who="0" m="522" /><D52/><U83/><E83/><V44/><F15/><W117/><G13/><T40/><D40/><U69/><E69/><V115/><F115/><W70/><G70/><T81/><D81/><U110/><E110/><V76/><F63/><W111/><G111/><T57/><AGARI ba="0,1" hai="56,57,58,84,87" m="522,27755,50697" machi="57" ten="40,7800,0" yaku="28,2,20,1" doraHai="90" who="0" fromWho="0" sc="250,88,240,-26,250,-26,250,-26" /><INIT seed="0,1,0,4,1,66" ten="338,214,224,224" oya="0" hai0="26,118,58,9,76,38,122,98,97,64,116,93,5" hai1="10,99,79,90,3,96,117,94,100,134,89,31,13" hai2="61,53,115,43,37,126,20,78,65,18,71,52,105" hai3="0,74,95,86,132,39,63,6,56,12,109,114,19"/><T120/><D38/><U67/><E134/><V75/><F115/><W102/><G39/><T27/><D76/><U110/><E110/><V111/><F105/><W112/><G74/><T40/><D40/><U121/><E121/><V22/><F111/><W84/><G109/><T30/><D98/><U108/><E117/><V4/><F126/><W135/><G6/><T51/><D27/><U80/><E3/><V125/><F125/><W42/><G0/><T2/><D116/><U15/><E108/><V92/><F4/><W34/><G34/><T91/><D118/><U113/><E113/><V103/><F22/><W45/><G86/><T128/><D128/><U46/><E31/><V8/><F8/><W29/><G29/><T101/><D91/><U17/><E67/><V35/><F35/><W81/><G114/><T59/><D59/><U33/><E33/><V107/><F107/><W106/><G106/><T50/><D50/><U68/><E68/><V119/><F119/><W49/><G112/><T36/><D36/><U32/><E32/><V28/><F28/><W7/><G56/><T11/><D11/><U24/><E24/><V44/><F92/><W70/><G95/><T57/><D57/><U131/><E131/><V25/><REACH who="2" step="1"/><F103/><REACH who="2" ten="338,214,214,224" step="2"/><W87/><G102/><T55/><D64/><U1/><E100/><V48/><F48/><W54/><G49/><T60/><D51/><U83/><E94/><V124/><F124/><W133/><G133/><T73/><D120/><U82/><E10/><V69/><F69/><W104/><G135/><T62/><D122/><U14/><E17/><RYUUKYOKU ba="1,1" sc="338,-10,214,-10,214,30,224,-10" hai2="18,20,25,37,43,44,52,53,61,65,71,75,78" /><INIT seed="1,2,1,5,0,108" ten="328,204,244,214" oya="1" hai0="75,79,112,96,118,95,62,26,19,35,113,134,59" hai1="0,30,80,71,84,86,10,31,42,8,126,72,58" hai2="111,85,89,1,13,43,119,70,133,92,40,46,57" hai3="65,34,128,64,50,55,18,28,77,15,33,2,24"/><U48/><E71/><V97/><F119/><W87/><G2/><T102/><D118/><U44/><E126/><V94/><F1/><W93/><G34/><T76/><D134/><U39/><E86/><V60/><F111/><W73/><G73/><T127/><D127/><U63/><E72/><V20/><F70/><W124/><G128/><T69/><D69/><U125/><E39/><V51/><F133/><W17/><G17/><T36/><D36/><U82/><E82/><V32/><F32/><W83/><G93/><T109/><D109/><U81/><E81/><V130/><F130/><W68/><G68/><T121/><D121/><U132/><E125/><V110/><F110/><W67/><G124/><T45/><D45/><U66/><E132/><V106/><F106/><W41/><G41/><T4/><D4/><U16/><E0/><V5/><F40/><W3/><G3/><T52/><D75/><U120/><E120/><V114/><F114/><W135/><G135/><T9/><D9/><N who="1" m="3691" /><E16/><N who="2" m="10255" /><F5/><W37/><G37/><T22/><REACH who="0" step="1"/><D35/><REACH who="0" ten="318,204,244,214" step="2"/><U116/><E116/><V90/><F57/><W25/><G33/><T104/><D104/><U11/><E11/><V103/><F60/><W100/><G50/><T6/><D6/><U53/><E42/><V23/><F23/><W91/><G77/><AGARI ba="2,2" hai="19,22,26,52,59,62,76,77,79,95,96,102,112,113" machi="77" ten="40,8000,1" yaku="1,1,52,2,54,1,53,0" doraHai="108" doraHaiUra="123" who="0" fromWho="3" sc="318,106,204,0,244,0,214,-86" /><AGARI ba="2,0" hai="30,31,44,48,53,58,63,66,77,80,84" m="3691" machi="77" ten="30,1500,0" yaku="8,1" doraHai="108" who="1" fromWho="3" sc="424,0,204,15,244,0,128,-15" /><INIT seed="1,3,0,0,0,88" ten="424,219,244,113" oya="1" hai0="50,111,8,125,5,74,55,102,116,0,85,23,123" hai1="41,126,135,61,19,71,131,10,30,75,115,129,103" hai2="105,15,12,4,87,45,117,47,95,128,119,16,70" hai3="11,89,73,100,58,9,132,84,48,20,112,101,34"/><U77/><E41/><V24/><F105/><W124/><G34/><T59/><D74/><U90/><E103/><V52/><F70/><W54/><G73/><T82/><D116/><U99/><E30/><V25/><F128/><W69/><G69/><T38/><D38/><U1/><E19/><V96/><F117/><W51/><G112/><T76/><D111/><U57/><E71/><V63/><F87/><W114/><G114/><T78/><D125/><U33/><E33/><V62/><F119/><W66/><G66/><T118/><D123/><U80/><E115/><V68/><F68/><W37/><G37/><T3/><D102/><N who="3" m="39529" /><G132/><T26/><D118/><U39/><E39/><V122/><F12/><W86/><G86/><T22/><D22/><U43/><E43/><V14/><F14/><W17/><G51/><T21/><D21/><U64/><E126/><V35/><F4/><W107/><G107/><T31/><D0/><U6/><REACH who="1" step="1"/><E135/><REACH who="1" ten="424,209,244,113" step="2"/><V28/><F35/><W98/><G124/><T93/><D31/><U79/><E79/><V109/><F28/><W32/><G32/><T110/><D76/><U40/><E40/><V113/><F113/><W104/><G104/><T13/><D78/><U27/><E27/><V94/><F24/><W36/><G36/><T92/><D26/><U81/><E81/><V53/><F25/><W97/><G17/><T83/><D82/><U133/><E133/><V72/><F16/><W134/><G134/><T60/><D83/><U121/><E121/><V7/><F122/><W2/><G20/><T130/><D23/><U67/><E67/><RYUUKYOKU ba="3,1" sc="424,-10,209,30,244,-10,113,-10" hai1="1,6,10,57,61,64,75,77,80,90,99,129,131" /><INIT seed="1,4,1,1,1,8" ten="414,239,234,103" oya="1" hai0="92,49,68,56,24,37,15,31,86,98,116,112,71" hai1="78,81,108,25,47,63,57,133,58,21,44,14,122" hai2="111,120,43,85,51,90,42,93,130,62,38,50,123" hai3="27,60,125,72,11,18,82,96,0,12,1,126,135"/><U54/><E133/><V84/><F111/><W95/><G135/><T6/><D37/><U131/><E131/><V101/><F130/><W53/><G72/><T114/><D116/><U46/><E122/><V7/><F38/><W19/><G82/><T132/><D132/><U16/><E108/><V22/><F123/><W13/><G27/><T74/><D74/><U32/><E32/><V107/><F107/><W67/><G53/><T103/><D71/><U66/><E25/><V59/><F101/><W134/><G134/><T36/><D68/><U23/><E23/><V9/><F22/><W102/><G126/><T89/><D36/><U35/><E35/><V48/><F84/><W104/><G104/><T110/><D110/><U77/><REACH who="1" step="1"/><E81/><REACH who="1" ten="414,229,234,103" step="2"/><V83/><F83/><W75/><G125/><T33/><D114/><U76/><E76/><V17/><F120/><W129/><G129/><T10/><D112/><U52/><E52/><N who="2" m="34151" /><F42/><W30/><G30/><T45/><D33/><U87/><E87/><V80/><F43/><W70/><G75/><T61/><D31/><U97/><E97/><V29/><F80/><W4/><G4/><T99/><D24/><U115/><E115/><V113/><F113/><W117/><G117/><T5/><D5/><U100/><E100/><V28/><F7/><W94/><G95/><T88/><D103/><U26/><E26/><V39/><F28/><W64/><G64/><N who="0" m="38951" /><D89/><U91/><E91/><V55/><F29/><W109/><G109/><T127/><D127/><U118/><E118/><V79/><F93/><W34/><G34/><T121/><D121/><RYUUKYOKU ba="4,2" sc="414,10,229,10,234,-30,103,10" hai0="6,10,15,45,49,86,88,92,98,99" hai1="14,16,21,44,46,47,54,57,58,63,66,77,78" hai3="0,1,11,12,13,18,19,60,67,70,94,96,102" /><INIT seed="1,5,2,0,5,70" ten="424,239,204,113" oya="1" hai0="45,42,127,106,30,135,114,120,21,24,119,53,130" hai1="96,107,25,92,29,23,2,73,28,19,33,117,83" hai2="14,116,4,52,85,118,109,76,94,123,98,47,105" hai3="131,97,77,35,40,121,51,95,37,10,67,41,43"/><U79/><E117/><V49/><F123/><W91/><G121/><T16/><D106/><U87/><E2/><V66/><F109/><W59/><G35/><T111/><D119/><U18/><E18/><V68/><F105/><W26/><G131/><T38/><D120/><U132/><E132/><V122/><F122/><W84/><G26/><T48/><D114/><U82/><E33/><V108/><F108/><W126/><G126/><T110/><D127/><U93/><E93/><V11/><F68/><W69/><G69/><T50/><D130/><U134/><E134/><V6/><F66/><W64/><G10/><T54/><D135/><U44/><E44/><V0/><F0/><W32/><G32/><T62/><D62/><U34/><E34/><V3/><F3/><W9/><G9/><T12/><D50/><U58/><E58/><V61/><F61/><W20/><G20/><T74/><D74/><U27/><E27/><V71/><F71/><W8/><G8/><T133/><D54/><U7/><E7/><N who="2" m="3455" /><F116/><W60/><G37/><T15/><D133/><U31/><E107/><V46/><F46/><N who="3" m="26055" /><G67/><T57/><D111/><U55/><E55/><V128/><F128/><W124/><G124/><T104/><D110/><U113/><E113/><V65/><F65/><W115/><G115/><T1/><D1/><U103/><REACH who="1" step="1"/><E31/><REACH who="1" ten="424,229,204,113" step="2"/><V72/><F118/><W102/><G102/><T99/><D30/><U125/><E125/><V75/><F4/><W39/><G59/><T101/><AGARI ba="5,3" hai="12,15,16,21,24,38,42,45,48,53,57,99,101,104" machi="101" ten="30,4000,0" yaku="0,1,52,1,54,1" doraHai="70" who="0" fromWho="0" sc="424,85,229,-25,204,-15,113,-15" /><INIT seed="2,0,0,2,2,55" ten="509,204,189,98" oya="2" hai0="117,1,90,128,64,126,131,108,61,127,22,132,17" hai1="51,21,62,95,109,13,10,96,114,88,45,84,38" hai2="37,120,68,24,5,53,47,133,9,83,129,100,106" hai3="74,118,116,71,113,94,89,59,58,27,52,70,78"/><V7/><F120/><W12/><G113/><T4/><D108/><U50/><E109/><V8/><F68/><W18/><G71/><T72/><D72/><U93/><E114/><V98/><F129/><W20/><G70/><N who="0" m="42255" /><D117/><U19/><E38/><V25/><F133/><W101/><G101/><T26/><D132/><U56/><E45/><V32/><F32/><W125/><G125/><N who="0" m="47627" /><D90/><U103/><REACH who="1" step="1"/><E10/><AGARI ba="0,0" hai="1,4,10,17,22,26,128,131" m="47627,42255" machi="10" ten="30,1000,0" yaku="18,1" doraHai="55" who="0" fromWho="1" sc="509,10,204,-10,189,0,98,0" /><INIT seed="3,0,0,3,3,17" ten="519,194,189,98" oya="3" hai0="114,30,71,13,51,28,22,119,86,6,31,91,25" hai1="90,103,74,34,12,41,60,24,27,126,120,76,10" hai2="111,122,15,39,56,20,3,64,108,135,42,57,134" hai3="5,75,87,104,11,94,40,69,116,127,82,113,101"/><W129/><G113/><T55/><D71/><U97/><E120/><V50/><F3/><W43/><G116/><T118/><D114/><U49/><E126/><V21/><F122/><W92/><G69/><T78/><D78/><U99/><E34/><V9/><F39/><W61/><G127/><T130/><D130/><U70/><E76/><V132/><F42/><W128/><G104/><T52/><D119/><U48/><E74/><V62/><F50/><W115/><G61/><T93/><D118/><U14/><E90/><V102/><F57/><W66/><G66/><T81/><D81/><U58/><E14/><V32/><F102/><W16/><G75/><T8/><D55/><U65/><E99/><V72/><F32/><W117/><G115/><T133/><D133/><U84/><E84/><V37/><F37/><W29/><G29/><T47/><AGARI ba="0,0" hai="6,8,13,22,25,28,30,31,47,51,52,86,91,93" machi="47" ten="20,8000,1" yaku="0,1,7,1,8,1,52,1,54,1" doraHai="17" who="0" fromWho="0" sc="519,80,194,-20,189,-20,98,-40" /><INIT seed="4,0,0,0,5,2" ten="599,174,169,58" oya="0" hai0="6,29,111,113,50,35,26,92,52,25,94,33,71" hai1="12,31,47,99,101,106,66,18,20,88,102,69,59" hai2="87,79,68,19,70,125,44,13,63,37,127,124,96" hai3="107,80,11,54,84,110,41,89,24,105,57,133,40"/><T75/><D75/><U48/><E69/><V23/><F63/><W129/><G110/><T36/><D36/><U86/><E102/><V42/><REACH who="2" step="1"/><F96/><REACH who="2" ten="599,174,159,58" step="2"/><W61/><G129/><T10/><D71/><U16/><E31/><V126/><N who="2" m="31744" /><DORA hai="14" /><V39/><F39/><W60/><G133/><T64/><D111/><U83/><E66/><V120/><F120/><W56/><G24/><T72/><D64/><U122/><E122/><V90/><F90/><W53/><REACH who="3" step="1"/><G11/><REACH who="3" ten="599,174,159,48" step="2"/><T73/><D10/><U77/><E99/><V0/><F0/><W103/><G103/><T109/><D109/><U43/><E101/><V123/><F123/><W131/><G131/><T100/><D100/><U121/><E121/><V81/><AGARI ba="0,2" hai="13,19,23,37,42,44,68,70,79,81,87" m="31744" machi="81" ten="60,12000,2" yaku="1,1,0,1,18,1,52,1,53,2" doraHai="2,14" doraHaiUra="91,67" who="2" fromWho="2" sc="599,-60,174,-30,159,140,48,-30" /><INIT seed="5,0,0,4,5,116" ten="539,144,299,18" oya="1" hai0="101,47,17,54,30,38,122,71,72,40,56,114,88" hai1="82,6,85,60,87,4,41,92,108,42,50,33,127" hai2="12,99,103,25,68,133,57,94,21,134,11,59,123" hai3="36,125,64,110,78,55,100,113,111,23,3,105,65"/><U53/><E33/><V75/><F68/><W67/><G3/><T22/><D72/><U86/><E127/><V13/><F75/><W16/><G125/><T37/><D71/><U120/><E108/><V83/><F123/><W128/><G113/><T80/><D101/><U95/><E60/><V70/><F70/><W135/><G128/><T7/><D7/><N who="1" m="2603" /><E82/><V0/><F0/><W76/><G36/><T121/><D30/><U93/><E120/><N who="0" m="46185" /><D114/><U52/><E50/><V49/><F49/><W26/><G135/><T24/><D80/><U5/><N who="1" m="2611" /><U98/><DORA hai="132" /><E98/><V62/><F83/><W58/><G105/><T124/><D124/><U112/><E112/><V119/><F119/><W61/><REACH who="3" step="1"/><G100/><REACH who="3" ten="539,144,299,8" step="2"/><T77/><D37/><U46/><E46/><V43/><F133/><W19/><G19/><T79/><D88/><U31/><E31/><V48/><F134/><W14/><G14/><T10/><D10/><U39/><E39/><V131/><F11/><W51/><G51/><AGARI ba="0,1" hai="17,22,24,38,40,47,51,54,56,77,79" m="46185" machi="51" ten="30,7700,0" yaku="13,1,52,3" doraHai="116,132" who="0" fromWho="3" sc="539,87,144,0,299,0,8,-77" owari="626,73.0,144,-26.0,299,10.0,-69,-57.0" /></mjloggm>