<mjloggm ver="2.3"><GO type="169" lobby="0"/><UN n0="%E6%A1%9C%E4%BA%95%E3%81%95%E3%82%93" n1="%E3%81%AF%E3%81%9F%E3%81%95%E3%82%93" n2="%41%44%50" n3="%E3%82%A6%E3%83%AB%E3%83%88%E3%83%A9%E7%AB%8B%E7%9B%B4" dan="18,16,16,18" rate="2260.19,2171.53,2112.47,2244.11" sx="M,M,F,M"/><TAIKYOKU oya="0"/><INIT seed="0,0,0,2,0,22" ten="250,250,250,250" oya="0" hai0="74,85,30,51,118,16,91,66,75,106,26,88,8" hai1="48,110,101,130,90,119,19,14,116,107,92,96,1" hai2="126,112,123,2,61,125,82,131,57,84,111,81,77" hai3="58,122,124,35,25,63,24,55,133,104,105,32,42"/><T6/><D118/><U62/><E1/><V134/><F2/><W11/><G42/><T28/><D106/><U10/><E110/><V97/><F123/><W79/><G79/><T64/><D74/><U34/><E130/><V93/><F112/><W38/><G38/><T109/><D75/><U115/><E115/><V23/><F111/><W83/><G83/><N who="0" m="49215" /><D109/><U72/><E62/><V39/><F39/><W7/><G122/><T108/><D108/><U94/><E34/><V135/><F82/><W69/><G69/><T49/><D91/><U31/><E31/><N who="0" m="11817" /><D6/><U98/><E72/><V56/><F23/><W53/><G7/><T41/><D26/><U60/><E60/><V46/><F61/><W76/><G63/><T17/><D17/><U50/><E107/><V29/><F29/><W5/><G5/><T67/><D41/><U0/><E0/><V15/><F77/><W33/><G33/><T27/><D27/><U54/><E50/><V95/><F134/><W12/><G133/><T4/><D4/><U117/><E119/><V45/><F135/><W113/><G113/><T129/><D129/><U100/><REACH who="1" step="1"/><E90/><REACH who="1" ten="250,240,250,250" step="2"/><V36/><F36/><W132/><G35/><T99/><D99/><U44/><AGARI ba="0,1" hai="10,14,19,44,48,54,92,94,96,98,100,101,116,117" machi="44" ten="20,8000,1" yaku="1,1,2,1,0,1,7,1,9,1,53,0" doraHai="22" doraHaiUra="120" who="1" fromWho="1" sc="250,-40,240,90,250,-20,250,-20" /><INIT seed="1,0,0,0,2,3" ten="210,330,230,230" oya="1" hai0="93,130,39,89,78,5,81,76,134,28,36,66,47" hai1="73,96,122,128,125,25,30,77,100,19,129,108,121" hai2="99,56,43,44,29,6,59,38,88,63,46,94,70" hai3="111,97,13,117,69,18,123,24,90,115,60,8,27"/><U71/><E71/><V104/><F29/><W9/><G123/><N who="1" m="47114" /><E19/><V135/><F135/><W91/><G115/><T133/><D130/><N who="1" m="50283" /><E25/><V131/><F131/><W52/><G111/><T64/><D28/><U109/><E30/><V51/><F104/><W118/><G9/><T33/><D33/><U23/><E23/><V12/><F70/><W105/><G105/><T58/><D58/><U112/><E112/><V0/><F0/><W21/><G27/><T10/><D47/><U127/><E77/><V119/><F119/><N who="3" m="45579" /><G69/><T45/><D76/><U87/><E87/><V15/><F6/><N who="3" m="3223" /><G97/><T120/><D120/><U65/><E65/><V50/><F38/><W103/><G103/><T48/><D39/><U35/><E35/><V72/><F72/><W14/><G24/><T113/><D36/><U114/><E114/><V62/><F15/><W32/><G32/><T82/><D113/><U75/><E96/><V31/><F12/><W110/><G110/><N who="1" m="42602" /><E100/><V41/><F31/><W98/><G98/><T86/><D134/><U11/><E11/><V17/><F17/><W54/><G21/><T95/><D133/><U22/><E22/><V83/><F83/><W57/><G18/><T102/><D82/><U106/><E106/><V84/><F99/><W132/><G132/><T116/><D10/><U85/><E85/><V92/><F84/><W53/><G14/><T107/><D116/><U101/><E101/><V61/><F88/><AGARI ba="0,0" hai="52,53,54,57,60,88,90,91" m="3223,45579" machi="88" ten="30,7700,0" yaku="12,1,52,1,54,2" doraHai="3" who="3" fromWho="2" sc="210,0,330,0,230,-77,230,77" /><INIT seed="2,0,0,3,3,37" ten="210,330,153,307" oya="2" hai0="85,123,90,7,47,130,2,111,9,50,120,65,124" hai1="4,118,73,45,63,15,99,76,135,34,131,58,100" hai2="119,3,13,5,75,86,125,96,78,122,115,87,16" hai3="55,11,41,113,38,67,18,103,116,128,95,27,46"/><V1/><F115/><W89/><G116/><T114/><D114/><U80/><E34/><V21/><F119/><W71/><G128/><T23/><D130/><U28/><E118/><V93/><F122/><W62/><G103/><T70/><D111/><U57/><E131/><V31/><F125/><W14/><G113/><T127/><D23/><U68/><E135/><V82/><F31/><W42/><G27/><T133/><D133/><U10/><E28/><V105/><F5/><W44/><G55/><T24/><D24/><U33/><E33/><V54/><F54/><W35/><G35/><T104/><D104/><U12/><E45/><V88/><F87/><W84/><G38/><T81/><D70/><U17/><E68/><V56/><F56/><N who="3" m="37319" /><G46/><T108/><D65/><U26/><E26/><V72/><F72/><W25/><G71/><T0/><D0/><U109/><E109/><V60/><F60/><W61/><G61/><T77/><D108/><U83/><E83/><V134/><F134/><W64/><G64/><T40/><REACH who="0" step="1"/><D77/><REACH who="0" ten="200,330,153,307" step="2"/><U74/><E76/><V132/><F132/><W129/><G129/><T94/><D94/><U92/><E80/><V101/><AGARI ba="0,1" hai="1,3,13,16,21,75,78,82,86,88,93,96,101,105" machi="101" ten="30,12000,1" yaku="0,1,24,2,54,2" doraHai="37" who="2" fromWho="2" sc="200,-40,330,-40,153,130,307,-40" /><INIT seed="2,1,0,2,1,113" ten="160,290,283,267" oya="2" hai0="127,105,66,51,83,95,87,133,135,5,108,112,60" hai1="61,10,45,16,74,93,54,69,48,117,102,9,15" hai2="63,129,103,26,43,121,134,85,81,80,34,97,101" hai3="79,27,106,75,18,86,19,55,53,11,12,50,70"/><V37/><F121/><W41/><G75/><T25/><D105/><U88/><E74/><V52/><F43/><W32/><G70/><T6/><D112/><U24/><E102/><V21/><F34/><W31/><G106/><T126/><D95/><U49/><E24/><V46/><F37/><W89/><G79/><N who="0" m="46591" /><D51/><U109/><E109/><V91/><F129/><W124/><G124/><N who="0" m="47659" /><D25/><U118/><E10/><V67/><F134/><N who="0" m="51210" /><D108/><U57/><E69/><AGARI ba="1,0" hai="5,6,60,66,69" m="51210,47659,46591" machi="69" ten="30,2000,0" yaku="18,1,20,1" doraHai="113" who="0" fromWho="1" sc="160,23,290,-23,283,0,267,0" /><INIT seed="3,0,0,3,5,133" ten="183,267,283,267" oya="3" hai0="60,83,100,113,111,72,21,35,95,28,42,134,86" hai1="52,58,61,76,97,22,131,117,122,5,116,70,105" hai2="104,88,110,71,129,69,64,125,135,23,119,8,38" hai3="101,43,115,29,91,130,16,59,11,81,79,73,114"/><W124/><G29/><T20/><D72/><U68/><E122/><V24/><F119/><N who="1" m="45641" /><E131/><V63/><F135/><W112/><G130/><T45/><D134/><U74/><E5/><V12/><F129/><W39/><G101/><T106/><D106/><U108/><E108/><V47/><F110/><W7/><G59/><T107/><D107/><U98/><E22/><V53/><F104/><W87/><G16/><T85/><D113/><U75/><E76/><V78/><F78/><W37/><G124/><T118/><D111/><U123/><E123/><V46/><F88/><W62/><G62/><T49/><D35/><U9/><E9/><V4/><F125/><W1/><REACH who="3" step="1"/><G43/><REACH who="3" ten="183,267,283,257" step="2"/><T41/><D41/><U82/><E105/><V51/><F24/><W54/><G54/><T44/><D42/><U56/><E56/><V92/><F63/><W48/><G48/><T94/><D49/><U10/><E10/><V66/><F51/><W109/><G109/><T127/><D60/><U14/><E70/><V19/><F71/><W84/><G84/><T77/><D118/><U132/><E68/><V17/><F69/><W90/><G90/><T50/><D50/><U3/><E132/><V126/><F53/><W89/><G89/><T34/><D127/><U67/><E52/><V96/><F19/><W120/><G120/><T99/><D28/><U15/><E58/><V0/><F126/><W32/><G32/><T128/><D128/><U26/><E61/><V121/><F17/><W36/><G36/><T18/><D18/><U2/><E26/><V27/><F27/><W6/><G6/><RYUUKYOKU ba="0,1" sc="183,-10,267,-10,283,-10,257,30" hai3="1,7,11,37,39,73,79,81,87,91,112,114,115" /><INIT seed="3,1,1,4,2,42" ten="173,257,273,287" oya="3" hai0="15,45,117,112,120,24,35,83,39,77,108,66,60" hai1="134,128,135,55,75,56,36,99,63,21,22,11,40" hai2="73,107,71,85,129,26,109,88,111,87,46,92,16" hai3="57,82,6,34,17,54,67,80,103,25,119,84,19"/><W10/><G119/><T12/><D117/><U62/><E75/><V51/><F107/><W48/><G103/><T102/><D120/><U0/><E128/><V94/><F71/><W53/><G67/><T28/><D108/><N who="2" m="41546" /><F73/><W27/><G80/><T86/><D112/><U18/><E99/><N who="2" m="57735" /><F94/><W72/><G72/><T64/><D102/><U3/><E62/><V38/><F38/><W93/><G93/><T2/><D2/><U105/><E105/><V116/><F129/><W91/><G54/><T31/><D31/><U97/><E97/><V61/><F61/><W106/><G106/><T79/><D79/><U131/><E131/><V127/><F127/><W13/><REACH who="3" step="1"/><G34/><REACH who="3" ten="173,257,273,277" step="2"/><T70/><D66/><U4/><E135/><V104/><F104/><W133/><G133/><T124/><D124/><U5/><E134/><V32/><F32/><W95/><G95/><T76/><D76/><U78/><E78/><V59/><F116/><W9/><G9/><T43/><AGARI ba="1,2" hai="12,15,24,28,35,39,43,45,60,64,70,77,83,86" machi="43" ten="30,2000,0" yaku="0,1,52,1" doraHai="42" who="0" fromWho="0" sc="173,43,257,-6,273,-6,277,-11" /><INIT seed="4,0,0,5,5,115" ten="216,251,267,266" oya="0" hai0="56,131,102,58,76,29,30,43,82,93,116,14,35" hai1="45,21,23,11,17,28,9,119,113,20,72,91,104" hai2="126,38,52,31,8,111,57,44,109,50,46,65,92" hai3="99,84,78,49,128,22,134,100,133,75,120,96,42"/><T85/><D116/><U47/><E72/><V98/><F8/><W74/><G22/><T122/><D122/><U70/><E104/><V19/><F19/><W132/><G128/><T48/><D131/><U41/><E70/><V18/><F18/><W16/><G16/><T86/><D14/><U118/><E113/><V103/><F126/><W106/><G120/><T135/><D135/><U88/><E17/><V71/><F31/><N who="0" m="11786" /><D35/><U34/><E28/><V66/><F46/><N who="1" m="17417" /><E41/><N who="2" m="22583" /><F66/><W60/><G60/><AGARI ba="0,0" hai="50,52,57,60,65,71,92,98,103,109,111" m="22583" machi="60" ten="30,2000,0" yaku="24,1,54,1" doraHai="115" who="2" fromWho="3" sc="216,0,251,0,267,20,266,-20" /><INIT seed="5,0,0,4,4,113" ten="216,251,287,246" oya="1" hai0="44,69,37,128,62,84,116,57,104,66,117,97,27" hai1="109,14,22,47,13,72,80,125,7,75,39,50,129" hai2="41,68,78,40,77,108,88,106,85,95,115,21,123" hai3="25,49,51,34,120,65,89,61,74,36,10,20,102"/><U118/><E109/><V112/><F108/><W6/><G36/><T54/><D84/><U105/><E105/><V122/><F68/><W30/><G120/><N who="2" m="46121" /><F21/><W29/><G74/><T33/><D128/><U124/><E39/><V96/><F41/><W134/><G134/><T130/><D130/><U48/><E22/><V94/><F40/><W28/><G102/><N who="0" m="62543" /><D44/><U101/><E101/><N who="2" m="60567" /><F106/><W64/><G34/><T16/><D16/><U58/><E58/><V19/><F19/><W70/><G65/><T60/><D37/><U5/><E47/><V4/><F4/><W8/><G49/><T45/><D45/><U121/><E129/><V15/><F15/><W100/><G51/><T76/><D76/><AGARI ba="0,0" hai="76,77,78,85,88,95,112,115" m="60567,46121" machi="76" ten="30,3900,0" yaku="34,2,54,1" doraHai="113" who="2" fromWho="0" sc="216,-39,251,0,287,39,246,0" /><INIT seed="6,0,0,0,5,24" ten="177,251,326,246" oya="2" hai0="22,30,113,34,45,79,100,33,43,21,58,39,127" hai1="117,121,0,62,115,130,57,78,50,16,104,61,133" hai2="7,125,65,87,80,1,46,89,119,76,99,129,44" hai3="32,75,9,29,51,64,94,109,95,59,8,88,71"/><V54/><F119/><W86/><G75/><T27/><D113/><U56/><E0/><V126/><F65/><W81/><G71/><T111/><D111/><U103/><E78/><V26/><F129/><W118/><G118/><T47/><D127/><N who="2" m="48650" /><F54/><N who="3" m="32223" /><G32/><T73/><D100/><U82/><E117/><V41/><F26/><W4/><G109/><T96/><D96/><U36/><E36/><V3/><F7/><W15/><G64/><T49/><D58/><U97/><E121/><V83/><F99/><W116/><G116/><T40/><REACH who="0" step="1"/><D34/><REACH who="0" ten="167,251,326,246" step="2"/><U53/><E115/><V12/><F44/><W77/><G9/><T28/><D28/><U112/><E112/><V90/><F46/><W10/><G29/><T123/><D123/><U114/><E114/><V98/><F98/><W93/><G10/><T91/><D91/><U107/><E130/><V84/><F90/><W68/><G68/><T69/><D69/><U63/><E107/><V42/><F89/><W128/><G128/><T120/><D120/><U108/><E108/><V48/><F76/><W5/><G77/><T85/><D85/><U23/><E82/><AGARI ba="0,1" hai="21,22,27,30,33,39,40,43,45,47,49,73,79,82" machi="82" ten="40,8000,1" yaku="1,1,52,1,53,2" doraHai="24" doraHaiUra="19" who="0" fromWho="1" sc="167,90,251,-80,326,0,246,0" /><INIT seed="7,0,0,4,1,43" ten="257,171,326,246" oya="3" hai0="57,48,28,76,38,110,117,12,108,70,2,135,78" hai1="98,69,42,46,130,52,112,116,6,75,44,90,128" hai2="121,40,23,11,68,115,101,120,58,32,13,54,94" hai3="80,45,81,88,131,72,49,100,95,84,63,50,89"/><W34/><G34/><T37/><D2/><U9/><E75/><V66/><F32/><W79/><G131/><N who="1" m="50218" /><E69/><V96/><F115/><W134/><G134/><T103/><D70/><U26/><E116/><V99/><F40/><W17/><G100/><T25/><D103/><U61/><E112/><V47/><F23/><W4/><G4/><T74/><D135/><U92/><E26/><V1/><F1/><W102/><G102/><T18/><D74/><U97/><E97/><V111/><F99/><W35/><G35/><T21/><D117/><U56/><E42/><V10/><F68/><W129/><G129/><T87/><D87/><U7/><E7/><V122/><F13/><AGARI ba="0,0" hai="6,9,13,44,46,52,56,61,90,92,98" m="50218" machi="13" ten="30,7700,0" yaku="19,1,52,2,54,1" doraHai="43" who="1" fromWho="2" sc="257,0,171,77,326,-77,246,0" /><INIT seed="8,0,0,2,0,32" ten="257,248,249,246" oya="0" hai0="60,12,67,129,64,84,18,115,21,80,65,82,131" hai1="53,6,33,52,14,1,112,119,132,79,22,102,125" hai2="35,96,45,103,11,57,121,123,38,50,54,108,116" hai3="0,26,31,17,86,42,9,100,55,44,73,101,49"/><T91/><D115/><U74/><E119/><V24/><F108/><W134/><G73/><T39/><D39/><U34/><E112/><V118/><F11/><W7/><G134/><T28/><D28/><U61/><E125/><V46/><F24/><W5/><G5/><T83/><REACH who="0" step="1"/><D60/><REACH who="0" ten="247,248,249,246" step="2"/><U130/><E132/><V127/><F118/><W106/><G106/><T56/><D56/><U122/><E61/><V126/><F57/><W68/><G68/><T107/><D107/><U23/><E122/><V27/><F116/><W111/><G111/><T78/><D78/><U41/><E79/><V30/><F123/><W85/><G17/><T40/><D40/><U133/><E133/><V109/><F121/><W16/><G42/><T4/><D4/><U128/><E6/><V63/><F63/><W66/><G66/><T75/><D75/><U97/><E41/><V99/><F109/><W95/><G16/><T29/><D29/><U58/><E58/><V19/><F38/><W72/><G72/><T51/><D51/><U48/><E48/><V37/><F37/><W89/><REACH who="3" step="1"/><G86/><REACH who="3" ten="247,248,249,236" step="2"/><T10/><D10/><U3/><E74/><V88/><F19/><W114/><G114/><T92/><AGARI ba="0,2" hai="12,18,21,64,65,67,80,82,83,84,91,92,129,131" machi="92" ten="40,12000,1" yaku="1,1,0,1,53,2" doraHai="32" doraHaiUra="124" who="0" fromWho="0" sc="247,140,248,-40,249,-40,236,-40" owari="387,48.0,208,-19.0,209,1.0,196,-30.0" /></mjloggm>