<mjloggm ver="2.3"><GO type="169" lobby="0"/><UN n0="%E3%81%98%E3%83%BC%E3%81%95%E3%83%BC" n1="%6C%6F%6F%75%76%69%73" n2="%63%6F%62%65%68%6F%70%65" n3="%E3%83%88%E3%83%88%E3%83%AA%E5%85%88%E7%94%9F%31%39%E6%AD%B3" dan="16,16,17,19" rate="2085.11,2056.87,2165.40,2297.35" sx="M,M,M,F"/><TAIKYOKU oya="0"/><INIT seed="0,0,0,5,2,12" ten="250,250,250,250" oya="0" hai0="121,92,78,46,60,38,50,28,68,101,32,52,39" hai1="100,57,95,13,84,65,122,113,37,70,33,22,51" hai2="119,29,5,9,120,135,3,44,132,89,125,96,128" hai3="80,85,24,116,98,126,45,134,67,72,129,61,2"/><T55/><D121/><U62/><E122/><V30/><F120/><W97/><G116/><T83/><D32/><U87/><E33/><V1/><F44/><W49/><G2/><N who="2" m="521" /><F89/><W35/><G72/><T53/><D28/><N who="2" m="10858" /><F96/><W91/><G35/><T17/><D38/><U69/><E37/><V102/><F102/><W111/><G111/><T54/><D39/><U88/><E113/><V107/><F107/><W19/><G129/><T42/><D101/><U76/><E100/><V117/><F128/><W40/><G126/><T26/><D92/><U8/><E22/><V14/><F125/><W79/><G134/><AGARI ba="0,0" hai="5,9,14,117,119,132,134,135" m="10858,521" machi="134" ten="40,5200,0" yaku="20,1,34,2" doraHai="12" who="2" fromWho="3" sc="250,0,250,0,250,52,250,-52" /><INIT seed="1,0,0,3,4,40" ten="250,250,302,198" oya="1" hai0="58,1,34,91,41,74,35,51,123,12,98,96,29" hai1="15,121,78,23,73,65,87,4,133,49,57,114,101" hai2="38,80,132,8,125,97,108,117,27,72,5,110,3" hai3="11,18,82,83,54,56,59,53,90,128,30,60,26"/><U63/><E121/><V37/><F117/><W85/><G128/><T113/><D1/><U10/><E114/><V100/><F125/><W135/><G135/><T2/><D2/><U95/><E133/><V115/><F115/><W106/><G106/><T61/><D74/><U107/><E107/><N who="2" m="63887" /><F27/><W64/><G82/><T127/><D127/><U52/><E73/><V14/><F14/><W77/><G64/><T0/><D0/><U39/><E39/><N who="2" m="14859" /><F132/><W46/><G11/><T55/><D12/><U109/><E109/><V68/><F68/><W103/><G103/><T94/><D123/><U32/><E32/><V102/><F102/><W122/><G122/><T134/><D134/><U17/><E101/><V45/><F45/><W43/><G18/><T112/><D112/><U6/><E23/><V50/><F50/><W31/><G90/><T81/><D35/><U92/><E92/><V120/><F120/><W16/><G16/><T20/><D34/><U111/><E111/><V22/><F22/><W33/><G30/><T47/><D113/><U93/><E93/><V69/><F69/><W129/><G129/><T7/><D7/><U126/><E126/><V84/><F84/><W36/><G56/><T9/><D9/><U76/><E95/><V75/><F75/><W48/><REACH who="3" step="1"/><G36/><REACH who="3" ten="250,250,302,188" step="2"/><T119/><D94/><U42/><E17/><V131/><F131/><W116/><G116/><T67/><D119/><U13/><E10/><V79/><AGARI ba="0,1" hai="3,5,8,72,79,80,108,110" m="14859,63887" machi="79" ten="30,1100,0" yaku="23,1" doraHai="40" who="2" fromWho="2" sc="250,-3,250,-5,302,21,188,-3" /><INIT seed="2,0,0,0,2,86" ten="247,245,323,185" oya="2" hai0="25,44,31,5,109,45,18,39,24,131,8,108,101" hai1="11,65,112,41,103,99,67,72,69,116,73,89,129" hai2="63,64,77,30,21,0,82,133,70,87,113,85,120" hai3="58,79,15,76,71,114,107,66,27,3,20,126,90"/><V9/><F113/><W7/><G107/><T53/><D101/><U37/><E116/><V47/><F120/><W61/><G3/><T119/><D39/><U88/><E112/><V132/><F85/><W125/><G114/><T60/><D60/><U43/><E11/><V102/><F102/><W29/><G71/><T80/><D80/><U100/><E99/><V98/><F98/><W111/><G111/><T94/><D94/><U124/><E69/><V59/><F47/><W115/><G115/><T78/><D78/><U83/><E83/><V35/><F35/><W48/><G48/><T96/><D96/><U12/><E12/><V123/><F123/><W106/><G106/><T38/><D38/><U50/><E50/><V117/><F117/><W81/><G15/><T75/><D75/><U19/><E37/><V32/><F32/><W49/><G7/><T16/><D53/><U84/><E84/><V92/><F92/><W14/><G14/><T128/><D5/><U54/><E19/><V122/><F122/><W6/><G49/><T2/><D31/><U97/><E97/><V135/><F70/><W28/><G28/><T10/><D119/><U95/><E95/><V34/><F34/><W40/><G6/><T42/><D42/><U74/><E72/><V91/><F0/><AGARI ba="0,0" hai="0,2,8,10,16,18,24,25,44,45,108,109,128,131" machi="0" ten="25,3200,0" yaku="22,2,54,1" doraHai="86" who="0" fromWho="2" sc="247,32,245,0,323,-32,185,0" /><INIT seed="3,0,0,0,4,4" ten="279,245,291,185" oya="3" hai0="16,101,17,19,100,33,115,106,90,37,36,46,58" hai1="24,103,77,113,74,23,120,9,49,38,78,92,108" hai2="0,132,109,129,87,86,128,21,28,64,56,93,20" hai3="76,107,51,45,111,59,14,118,32,50,7,130,8"/><W27/><G118/><T68/><D68/><U125/><E108/><V102/><F109/><W25/><G111/><T95/><D33/><U104/><E38/><V65/><F132/><W91/><G107/><T127/><D106/><U29/><E113/><V88/><F0/><W71/><G71/><T41/><D115/><U80/><E120/><V110/><F110/><W53/><G130/><T40/><D58/><U43/><E125/><V73/><F73/><W67/><G32/><T112/><D112/><U83/><E104/><V117/><F117/><W70/><G76/><T63/><D63/><U18/><E92/><V96/><F87/><W114/><G114/><T94/><D127/><U47/><E103/><V55/><F129/><W126/><G126/><T75/><D75/><U62/><E62/><V122/><F122/><W11/><G70/><T1/><D1/><U61/><E61/><N who="2" m="35999" /><F128/><W6/><G91/><T133/><D133/><U35/><E35/><V15/><F28/><W97/><G97/><T84/><D94/><U124/><E124/><V12/><F21/><W89/><G89/><T81/><D95/><U44/><E47/><AGARI ba="0,0" hai="16,17,19,36,37,40,41,46,47,81,84,90,100,101" machi="47" ten="40,2600,0" yaku="9,1,54,1" doraHai="4" who="0" fromWho="1" sc="279,26,245,-26,291,0,185,0" /><INIT seed="4,0,0,5,1,116" ten="305,219,291,185" oya="0" hai0="25,52,84,119,61,115,6,2,80,117,23,92,27" hai1="86,29,127,134,114,102,106,33,20,130,133,70,120" hai2="40,19,72,107,64,78,75,34,74,126,16,55,58" hai3="41,73,11,60,122,128,68,3,30,53,125,129,46"/><T32/><D32/><U38/><RYUUKYOKU type="yao9" ba="0,0" sc="305,0,219,0,291,0,185,0" hai1="20,29,33,38,70,86,102,106,114,120,127,130,133,134" /><INIT seed="4,1,0,0,4,74" ten="305,219,291,185" oya="0" hai0="30,0,26,61,18,51,11,85,3,71,48,78,93" hai1="95,110,88,125,24,35,109,4,97,31,121,56,123" hai2="83,104,117,9,92,44,119,101,40,132,72,20,68" hai3="37,103,6,28,102,94,33,36,118,106,126,8,58"/><T80/><D0/><U113/><E125/><V29/><F68/><W91/><G118/><T57/><D71/><U77/><E4/><V66/><F66/><W12/><G126/><T122/><D122/><U90/><E113/><V73/><F104/><W130/><G130/><T127/><D127/><U7/><E7/><V39/><F132/><W133/><G133/><T62/><D62/><U5/><E5/><V84/><F9/><W131/><G131/><T14/><D93/><U105/><E105/><V60/><F60/><W55/><G33/><T50/><D3/><U21/><E35/><V87/><F29/><W128/><G28/><T96/><D96/><U86/><E56/><V49/><F20/><W34/><G34/><T99/><D99/><U52/><E52/><V82/><F39/><W120/><G106/><T47/><D47/><U15/><E15/><V43/><F92/><W65/><G65/><T41/><D41/><U115/><E115/><V32/><F32/><W46/><G120/><T129/><D129/><U38/><E38/><N who="3" m="14954" /><G46/><T81/><D81/><U19/><E31/><V25/><F44/><W17/><G6/><T16/><D30/><U98/><E121/><V124/><F124/><W69/><G128/><T108/><D108/><U89/><E123/><V76/><F101/><W70/><G70/><T111/><D111/><U64/><E110/><V67/><F67/><W27/><G69/><T79/><D18/><U100/><E64/><V116/><F25/><W23/><G58/><T75/><D26/><U54/><E109/><V10/><F119/><W45/><G27/><RYUUKYOKU ba="1,0" sc="305,0,219,0,291,0,185,0" /><INIT seed="5,2,0,1,2,49" ten="305,219,291,185" oya="1" hai0="111,131,8,100,94,35,30,92,33,126,3,83,99" hai1="32,75,81,48,82,28,14,120,122,128,19,40,41" hai2="73,96,80,129,52,10,97,34,25,93,2,43,26" hai3="60,124,90,88,72,39,4,109,59,51,5,76,29"/><U127/><E28/><V116/><F116/><W44/><G109/><T106/><D111/><U77/><E32/><V7/><F43/><W113/><G39/><T22/><D35/><U84/><E128/><V134/><F134/><W91/><G113/><T86/><D33/><U13/><E127/><V95/><F129/><W121/><G121/><T23/><D131/><U6/><E6/><N who="3" m="2666" /><G72/><T79/><D126/><U47/><E41/><V85/><F73/><W112/><G76/><T64/><D8/><U107/><E107/><V118/><F118/><W71/><G71/><T45/><D3/><U61/><E61/><V70/><F70/><W87/><G112/><T102/><D64/><U21/><REACH who="1" step="1"/><E14/><REACH who="1" ten="305,209,291,185" step="2"/><N who="2" m="5471" /><F34/><W58/><G29/><T62/><D62/><U1/><E1/><V54/><F2/><W74/><G124/><T0/><D0/><U56/><E56/><N who="3" m="21546" /><G60/><T55/><D30/><U114/><E114/><V105/><F105/><W12/><G12/><T24/><D106/><U65/><E65/><V15/><F15/><W63/><G63/><T50/><D24/><U38/><E38/><V27/><F27/><W130/><G130/><T115/><D115/><U119/><E119/><V108/><F108/><W18/><G18/><T78/><D45/><U117/><E117/><V103/><F26/><W20/><G20/><T133/><D22/><U98/><E98/><V17/><F17/><W11/><G11/><T37/><D23/><U66/><E66/><V104/><F25/><W125/><G125/><T16/><D37/><U46/><E46/><V57/><F104/><W89/><G44/><RYUUKYOKU ba="2,1" sc="305,-10,209,30,291,-10,185,-10" hai1="13,19,21,40,47,48,75,77,81,82,84,120,122" /><INIT seed="5,3,1,3,4,84" ten="295,239,281,175" oya="1" hai0="29,1,96,54,39,71,32,81,31,123,109,122,4" hai1="132,51,17,48,113,43,25,63,37,135,70,83,101" hai2="97,100,52,36,90,5,21,68,7,73,19,115,103" hai3="10,128,24,41,56,95,88,6,55,114,99,126,121"/><U22/><E113/><V116/><F116/><W67/><G121/><N who="0" m="46091" /><D109/><U28/><E101/><N who="2" m="38987" /><F73/><W93/><G114/><T134/><D96/><U94/><E94/><N who="2" m="56535" /><F68/><W62/><G128/><T66/><D32/><U3/><E3/><V35/><F36/><W60/><G126/><T23/><D39/><U104/><E104/><V38/><F38/><W50/><G95/><T9/><D134/><N who="1" m="51243" /><E83/><V108/><F35/><W91/><G41/><T77/><D23/><N who="1" m="15423" /><E43/><V14/><F108/><W34/><G91/><T117/><D117/><U79/><E79/><V65/><F65/><W13/><REACH who="3" step="1"/><G67/><REACH who="3" ten="295,239,281,165" step="2"/><T89/><D89/><U80/><E37/><V127/><F127/><W59/><G59/><T129/><D129/><U111/><E111/><V64/><F64/><W26/><G26/><T105/><D105/><U53/><E80/><V98/><F115/><W133/><G133/><T118/><D118/><U46/><E46/><V58/><F98/><W40/><G40/><T0/><D81/><U86/><E70/><V72/><F72/><W75/><G75/><T69/><D69/><U45/><E45/><V131/><F131/><W15/><G15/><T119/><D119/><U102/><E86/><V120/><F120/><W44/><G44/><T11/><D71/><U42/><E42/><V18/><F18/><W92/><G92/><T82/><D82/><U85/><E85/><V2/><F2/><W47/><G47/><T8/><D0/><U125/><E125/><V27/><F14/><W107/><G107/><T61/><D1/><U76/><E102/><V110/><F110/><W112/><G112/><RYUUKYOKU ba="3,2" sc="295,-15,239,-15,281,15,165,15" hai2="5,7,19,21,27,52,58" hai3="6,10,13,24,34,50,55,56,60,62,88,93,99" /><INIT seed="6,4,2,1,3,117" ten="280,224,296,180" oya="2" hai0="104,60,111,86,49,30,66,59,46,100,41,79,70" hai1="35,21,127,123,134,4,90,10,17,67,8,27,37" hai2="57,73,54,31,91,55,92,84,36,7,28,71,102" hai3="22,6,129,126,11,48,132,119,38,133,18,29,88"/><V13/><F71/><W107/><G119/><T32/><D111/><U103/><E37/><V83/><F36/><W61/><G107/><T14/><D14/><U2/><E103/><V82/><F73/><W101/><G38/><T121/><D121/><U43/><E43/><V87/><F55/><W76/><G101/><T45/><D45/><U34/><E90/><V75/><F75/><W113/><G129/><T68/><D79/><U99/><E99/><V89/><F7/><W98/><G126/><T53/><D86/><U62/><E127/><V20/><F102/><W95/><G29/><T12/><D12/><U69/><E134/><N who="3" m="51818" /><G113/><T97/><D30/><U124/><E124/><V3/><F3/><N who="3" m="479" /><G76/><T23/><D32/><U106/><E106/><V16/><F92/><W65/><G48/><AGARI ba="4,2" hai="13,16,20,28,31,48,54,57,82,83,84,87,89,91" machi="48" ten="30,11600,0" yaku="7,1,9,1,8,1,54,1" doraHai="117" who="2" fromWho="3" sc="280,0,224,0,296,148,180,-128" /><INIT seed="6,5,0,4,2,78" ten="280,224,444,52" oya="2" hai0="16,81,10,28,115,13,43,114,134,34,55,36,131" hai1="4,53,130,122,94,44,23,100,110,20,57,30,111" hai2="92,19,84,101,41,132,7,37,48,91,8,40,117" hai3="52,24,103,106,87,22,129,93,61,109,73,127,126"/><V42/><F117/><W102/><G109/><T107/><D107/><U113/><E113/><N who="0" m="43017" /><D131/><U112/><E112/><V33/><F33/><W21/><G73/><T89/><D134/><U74/><E130/><V125/><F37/><W64/><G129/><T80/><D89/><U97/><E122/><V39/><F39/><W133/><G133/><T38/><D55/><U11/><E74/><V46/><F125/><N who="3" m="47627" /><G106/><T108/><D108/><U65/><E65/><V70/><F70/><N who="3" m="42255" /><G21/><T95/><D95/><U29/><E44/><V63/><F63/><W49/><G93/><T47/><D38/><U88/><E110/><V17/><F101/><W121/><G87/><T18/><D18/><U25/><E100/><V60/><F60/><W32/><G32/><T72/><D72/><U98/><E98/><V3/><F132/><W15/><G15/><T71/><D71/><U14/><E111/><V90/><F90/><W59/><G121/><T128/><D128/><U50/><E23/><V62/><F62/><W82/><G82/><T104/><D104/><U86/><E86/><V26/><F19/><AGARI ba="5,0" hai="19,22,24,49,52,59,102,103" m="42255,47627" machi="19" ten="30,2000,0" yaku="18,1,54,1" doraHai="78" who="3" fromWho="2" sc="280,0,224,0,444,-35,52,35" /><AGARI ba="5,0" hai="4,11,14,19,20,25,29,30,50,53,57,88,94,97" machi="19" ten="30,3900,0" yaku="7,1,8,1,54,1" doraHai="78" who="1" fromWho="2" sc="280,0,224,39,409,-39,87,0" /><INIT seed="7,0,0,3,1,33" ten="280,263,370,87" oya="3" hai0="45,101,46,50,117,44,66,127,36,114,104,14,60" hai1="115,85,13,32,24,87,110,73,27,6,8,103,65" hai2="92,52,83,3,124,119,43,22,75,17,94,39,91" hai3="41,12,108,97,70,23,107,128,7,34,9,106,11"/><W98/><G34/><T20/><D117/><U35/><E73/><V88/><F3/><W42/><G70/><T61/><D104/><U78/><E110/><V112/><F112/><W30/><G108/><T1/><D1/><U62/><E115/><V80/><F124/><W48/><G128/><T118/><D118/><U129/><E129/><V0/><F0/><W26/><G11/><T126/><D101/><U54/><E54/><V71/><F71/><W40/><REACH who="3" step="1"/><G48/><REACH who="3" ten="280,263,370,77" step="2"/><T77/><D50/><U96/><E35/><V113/><F113/><W132/><G132/><T49/><D49/><U21/><E32/><V122/><F119/><W134/><G134/><T74/><D114/><U38/><E8/><V69/><F69/><W25/><G25/><T64/><D126/><U4/><E27/><V58/><F122/><W100/><G100/><T68/><D68/><U56/><E24/><N who="2" m="14415" /><F39/><W79/><G79/><T76/><D76/><U55/><E78/><V57/><F75/><W95/><G95/><T5/><D36/><U123/><E38/><V116/><F116/><W99/><AGARI ba="0,1" hai="7,9,12,23,26,30,40,41,42,97,98,99,106,107" machi="99" ten="30,3000,0" yaku="1,1,0,1,53,0" doraHai="33" doraHaiUra="105" who="3" fromWho="3" sc="280,-10,263,-10,370,-10,77,40" /><INIT seed="7,1,0,5,1,46" ten="270,253,360,117" oya="3" hai0="124,71,43,35,80,2,6,125,83,9,0,112,121" hai1="91,4,13,123,38,77,133,3,70,61,57,54,135" hai2="16,82,92,5,106,47,115,26,23,99,53,85,94" hai3="59,19,24,52,32,93,69,90,73,55,37,44,95"/><W40/><G69/><T132/><D121/><U101/><E123/><V103/><F115/><W25/><G73/><T117/><D117/><U10/><E38/><V48/><F5/><W131/><G131/><T134/><D71/><U8/><E77/><AGARI ba="1,0" hai="16,23,26,47,48,53,77,82,85,92,94,99,103,106" machi="77" ten="30,3900,0" yaku="7,1,52,1,54,1" doraHai="46" who="2" fromWho="1" sc="270,0,253,-42,360,42,117,0" owari="270,7.0,211,-19.0,402,50.0,117,-38.0" /></mjloggm>