<mjloggm ver="2.3"><GO type="169" lobby="0"/><UN n0="%E3%81%82%E3%81%8A%E3%81%8D%E3%82%93%E3%81%90" n1="%E9%BB%84%E9%BE%8D%E5%85%84%E8%B2%B4" n2="%E3%83%88%E3%83%88%E3%83%AA%E5%85%88%E7%94%9F%31%39%E6%AD%B3" n3="%E3%82%B7%E3%82%A7%E3%83%95%E3%83%81%E3%83%A7%E3%82%B3" dan="17,16,19,16" rate="2117.30,2176.59,2318.47,2058.70" sx="M,M,F,M"/><TAIKYOKU oya="0"/><INIT seed="0,0,0,3,2,75" ten="250,250,250,250" oya="0" hai0="76,31,129,28,82,15,8,114,11,97,43,73,40" hai1="96,118,104,45,99,84,93,50,101,0,30,122,58" hai2="80,87,109,7,105,9,112,17,44,62,135,113,23" hai3="48,46,66,108,107,47,33,63,117,2,125,16,115"/><T72/><D129/><U120/><E0/><V1/><F105/><W69/><G115/><T127/><D127/><U85/><E118/><V37/><F109/><W14/><G2/><T64/><D114/><U95/><E104/><V24/><F135/><W19/><G117/><T88/><D64/><U25/><E58/><V27/><F62/><W26/><G108/><T100/><D73/><U110/><E110/><V123/><F123/><W57/><G125/><T41/><D11/><U60/><E60/><V53/><F27/><W54/><G107/><T29/><D100/><U130/><E130/><V51/><REACH who="2" step="1"/><F37/><REACH who="2" ten="250,250,240,250" step="2"/><W5/><G26/><T98/><REACH who="0" step="1"/><D88/><AGARI ba="0,1" hai="1,7,9,17,23,24,44,51,53,80,87,88,112,113" machi="88" ten="30,7700,0" yaku="1,1,2,1,7,1,54,1,53,0" doraHai="75" doraHaiUra="126" who="2" fromWho="0" sc="250,-77,250,0,240,87,250,0" /><INIT seed="1,0,0,0,2,37" ten="173,250,327,250" oya="1" hai0="122,35,110,105,103,26,91,47,129,45,18,66,32" hai1="98,42,30,0,64,79,101,93,43,125,28,133,46" hai2="15,81,31,82,65,135,54,131,127,17,58,50,106" hai3="100,75,116,36,10,87,19,88,107,6,85,8,4"/><U132/><E0/><V24/><F106/><W72/><G36/><T68/><D122/><U78/><E125/><V48/><F131/><W5/><G116/><T73/><D73/><U94/><E64/><V22/><F135/><N who="1" m="51785" /><E93/><V14/><F127/><W121/><G121/><T41/><D129/><U20/><E46/><V39/><F39/><W84/><G107/><T23/><D47/><U53/><E53/><V117/><F117/><W130/><G100/><T21/><D110/><U12/><E12/><V86/><F65/><W96/><G130/><T9/><D9/><U55/><E55/><V76/><F81/><W40/><G75/><T1/><D1/><U80/><E78/><V128/><F128/><W119/><G10/><T134/><D134/><U99/><E98/><V95/><F95/><W104/><G96/><T33/><D91/><U69/><E69/><V126/><F126/><W77/><G88/><T62/><D103/><U56/><E56/><V44/><F15/><W115/><G104/><T63/><D105/><U34/><E34/><V16/><F14/><N who="3" m="7623" /><G119/><T124/><D124/><U27/><E30/><V49/><REACH who="2" step="1"/><F44/><REACH who="2" ten="173,250,317,250" step="2"/><W61/><G5/><T102/><D45/><U90/><E101/><V3/><F3/><W59/><G4/><T67/><D102/><U108/><E108/><V52/><F52/><W113/><G6/><T92/><D92/><U120/><E120/><V51/><AGARI ba="0,1" hai="16,17,22,24,31,48,49,50,51,54,58,76,82,86" machi="51" ten="30,7900,0" yaku="1,1,0,1,8,1,54,1,53,0" doraHai="37" doraHaiUra="97" who="2" fromWho="2" sc="173,-20,250,-39,317,89,250,-20" /><INIT seed="2,0,0,2,2,26" ten="153,211,406,230" oya="2" hai0="32,80,4,62,74,38,88,75,130,90,60,42,81" hai1="69,132,58,28,94,102,111,70,66,110,73,41,83" hai2="109,96,128,11,116,100,119,47,112,17,76,104,52" hai3="10,93,120,34,51,103,57,7,105,127,18,108,55"/><V106/><F112/><W125/><G120/><T133/><D32/><U48/><E132/><V72/><F106/><W129/><G105/><T29/><D133/><U122/><E122/><V97/><F128/><W134/><G134/><T40/><D4/><U67/><E73/><V113/><F113/><W131/><G108/><T37/><REACH who="0" step="1"/><D29/><REACH who="0" ten="143,211,406,230" step="2"/><U0/><E28/><V71/><F109/><W89/><G34/><T24/><D24/><U23/><E110/><V9/><F116/><W6/><G129/><AGARI ba="0,1" hai="37,38,40,42,60,62,74,75,80,81,88,90,129,130" machi="129" ten="25,6400,0" yaku="1,1,22,2,54,1,53,0" doraHai="26" doraHaiUra="44" who="0" fromWho="3" sc="143,74,211,0,406,0,230,-64" /><INIT seed="3,0,0,3,5,113" ten="217,211,406,166" oya="3" hai0="122,121,88,43,79,110,55,100,114,123,91,53,50" hai1="0,51,49,39,70,69,7,37,125,44,29,25,52" hai2="67,75,33,127,4,64,118,84,80,6,126,9,5" hai3="41,40,56,131,15,22,130,108,12,48,106,36,105"/><W62/><G108/><T17/><D110/><U30/><E0/><V103/><F33/><W90/><G36/><N who="1" m="13898" /><E7/><N who="2" m="2635" /><F118/><W18/><G12/><T132/><D79/><U107/><E107/><N who="3" m="40970" /><G48/><T2/><D100/><U14/><E14/><N who="2" m="5431" /><F103/><W47/><G47/><T61/><D2/><U1/><E1/><V128/><F75/><W85/><G85/><T74/><D74/><U112/><E25/><V63/><F63/><W99/><G99/><T16/><D114/><U87/><E87/><V28/><F28/><W117/><G90/><T72/><D72/><U124/><E30/><V68/><F68/><N who="1" m="26217" /><E29/><V8/><F128/><N who="3" m="49195" /><G117/><T66/><D88/><U54/><E112/><V104/><F8/><W31/><G31/><T92/><D91/><U65/><E65/><AGARI ba="0,0" hai="15,18,22,40,41,56,62,65" m="49195,40970" machi="65" ten="30,1500,0" yaku="19,1" doraHai="113" who="3" fromWho="1" sc="217,0,211,-15,406,0,166,15" /><INIT seed="3,1,0,2,0,80" ten="217,196,406,181" oya="3" hai0="127,6,84,66,33,4,24,1,39,86,93,37,27" hai1="28,59,105,0,135,94,5,42,49,112,97,72,9" hai2="22,107,117,101,98,90,76,83,75,21,51,50,12" hai3="32,110,53,23,125,34,100,92,87,102,114,120,78"/><W62/><G120/><T11/><D66/><U109/><E105/><V46/><F117/><W88/><G114/><T3/><D93/><U106/><E106/><V29/><F29/><W79/><G34/><T81/><D81/><U130/><E72/><V52/><F90/><W45/><G32/><T70/><D33/><U14/><E28/><V30/><F30/><W58/><G125/><T82/><D82/><U73/><E73/><V18/><F50/><N who="3" m="28879" /><G23/><AGARI ba="1,0" hai="12,18,21,22,23,46,51,52,75,76,83,98,101,107" machi="23" ten="30,2000,0" yaku="7,1,54,1" doraHai="80" who="2" fromWho="3" sc="217,0,196,0,406,23,181,-23" /><INIT seed="4,0,0,4,0,56" ten="217,196,429,158" oya="0" hai0="13,11,61,74,115,126,70,12,135,125,15,32,77" hai1="3,14,48,25,123,87,31,89,22,103,114,94,117" hai2="113,34,2,55,105,72,26,17,27,110,30,51,41" hai3="19,83,104,88,109,65,120,96,121,29,97,85,91"/><T20/><D32/><U134/><E3/><V64/><F110/><W92/><G29/><T80/><D115/><U101/><E114/><V69/><F113/><W107/><G19/><T16/><D135/><U130/><E134/><V119/><F72/><W127/><G65/><N who="0" m="41263" /><D20/><U75/><E117/><V35/><F2/><W93/><G127/><AGARI ba="0,0" hai="11,12,13,15,16,74,77,80,125,126,127" m="41263" machi="127" ten="30,5800,0" yaku="18,1,52,1,54,1" doraHai="56" who="0" fromWho="3" sc="217,58,196,0,429,0,158,-58" /><INIT seed="4,1,0,1,3,71" ten="275,196,429,100" oya="0" hai0="69,83,64,21,101,22,70,66,28,7,29,76,8" hai1="126,109,74,113,6,121,133,128,99,75,9,60,49" hai2="48,53,38,59,17,51,24,117,132,98,5,54,35" hai3="135,73,122,15,50,41,93,85,31,116,57,18,1"/><T0/><D101/><U88/><E121/><V87/><F38/><W105/><G1/><T90/><D90/><U106/><E109/><V52/><F132/><W45/><G135/><T86/><D70/><U30/><E133/><V127/><F127/><W84/><G73/><T47/><D47/><U91/><E60/><V134/><F134/><W114/><G105/><T26/><REACH who="0" step="1"/><D69/><REACH who="0" ten="265,196,429,100" step="2"/><U46/><E91/><V100/><F100/><W3/><G122/><T10/><D10/><U89/><E89/><V123/><F123/><W77/><G45/><T25/><AGARI ba="1,1" hai="0,7,8,21,22,25,26,28,29,64,66,76,83,86" machi="25" ten="30,6000,0" yaku="1,1,0,1,9,1,53,0" doraHai="71" doraHaiUra="103" who="0" fromWho="0" sc="265,73,196,-21,429,-21,100,-21" /><INIT seed="4,2,0,0,1,42" ten="338,175,408,79" oya="0" hai0="12,46,52,1,99,60,124,115,88,61,74,34,65" hai1="47,90,29,91,27,75,16,23,8,117,118,68,111" hai2="96,134,82,63,71,4,101,95,66,3,121,19,122" hai3="130,107,6,114,28,41,104,126,38,48,15,86,43"/><T31/><D1/><U69/><E75/><V103/><F134/><W58/><G38/><T131/><D74/><U40/><E111/><V17/><F103/><W37/><G28/><T57/><D115/><U35/><E8/><V10/><REACH who="2" step="1"/><F82/><REACH who="2" ten="338,175,398,79" step="2"/><W50/><G114/><T64/><D131/><U125/><E117/><V67/><F67/><W128/><G130/><T55/><D124/><U18/><E125/><V56/><F56/><W81/><G128/><T102/><D102/><U0/><E118/><V77/><F77/><W2/><G126/><T36/><D57/><U72/><E69/><V94/><F94/><W21/><G58/><T26/><D65/><U24/><E68/><V98/><F98/><W20/><G104/><T32/><D99/><U93/><E93/><V73/><F73/><W89/><G107/><T97/><D64/><U85/><E72/><V45/><F45/><N who="3" m="25647" /><G37/><T49/><D97/><U62/><E85/><V9/><F9/><N who="3" m="4535" /><G2/><T33/><D36/><U116/><E0/><V44/><F44/><AGARI ba="2,1" hai="20,21,43,44,50,81,86,89" m="4535,25647" machi="44" ten="30,3900,0" yaku="8,1,52,2" doraHai="42" who="3" fromWho="2" sc="338,0,175,0,398,-45,79,55" /><INIT seed="5,0,0,4,4,10" ten="338,175,353,134" oya="1" hai0="75,26,42,52,122,92,132,99,115,39,58,95,67" hai1="20,90,96,29,79,57,121,51,93,126,111,112,98" hai2="104,19,53,109,106,113,131,49,61,134,33,46,44" hai3="45,78,77,89,30,102,18,64,127,36,15,62,16"/><U9/><E121/><V117/><F109/><W2/><G2/><T82/><D122/><U37/><E37/><V97/><F117/><W107/><G127/><T12/><D67/><U133/><E126/><V31/><F131/><W23/><G30/><T70/><D70/><U94/><E111/><V3/><F3/><W83/><G107/><T66/><D66/><U108/><E108/><V27/><F134/><W110/><G102/><T120/><D82/><U6/><E133/><V85/><F113/><W74/><G78/><T114/><D92/><U5/><E79/><V123/><F123/><W130/><G130/><T60/><D75/><U68/><E68/><V72/><F72/><W129/><G129/><T50/><D26/><N who="1" m="16583" /><E112/><V24/><F61/><W34/><G34/><T25/><D39/><U69/><E69/><V55/><F85/><W13/><G89/><T32/><D32/><U56/><E51/><V135/><F135/><W40/><G110/><T105/><D50/><U125/><E125/><V7/><F106/><W128/><G128/><T4/><D105/><U88/><E5/><V21/><F7/><W22/><G64/><T116/><D4/><U41/><E41/><V63/><F63/><AGARI ba="0,0" hai="13,15,16,18,22,23,36,40,45,62,63,74,77,83" machi="63" ten="40,8000,1" yaku="9,1,52,2,54,1" doraHai="10" who="3" fromWho="2" sc="338,0,175,0,353,-80,134,80" /><INIT seed="6,0,0,3,4,23" ten="338,175,273,214" oya="2" hai0="56,1,3,66,105,12,87,112,118,125,19,79,51" hai1="57,37,99,48,33,90,38,50,124,131,53,59,42" hai2="89,41,20,110,95,43,64,30,49,36,81,35,109" hai3="77,122,54,32,14,101,71,70,44,8,52,16,121"/><V27/><F36/><W80/><G32/><T28/><D112/><U108/><E108/><N who="2" m="41579" /><F81/><W18/><G101/><T60/><D125/><U134/><E124/><V39/><F39/><W129/><G129/><T113/><D105/><U75/><E75/><V40/><F64/><W7/><G70/><T17/><D113/><U65/><E131/><V62/><F62/><W2/><G71/><T88/><D79/><U9/><E134/><V82/><F82/><W26/><G26/><T97/><D97/><U58/><E99/><N who="2" m="57839" /><F35/><W0/><G0/><T45/><D118/><U69/><E33/><V116/><F116/><W106/><G106/><T61/><D61/><N who="1" m="40111" /><E90/><V73/><F73/><W34/><G34/><T68/><D88/><U15/><E38/><V21/><F21/><W94/><G94/><T78/><D78/><U132/><E132/><V46/><AGARI ba="0,0" hai="20,27,30,40,41,43,46,49" m="57839,41579" machi="46" ten="30,3000,0" yaku="10,1,52,1" doraHai="23" who="2" fromWho="2" sc="338,-10,175,-10,273,30,214,-10" /><INIT seed="6,1,0,0,3,0" ten="328,165,303,204" oya="2" hai0="105,117,24,127,52,3,61,110,74,44,17,48,82" hai1="65,56,108,126,60,135,6,34,125,1,8,122,77" hai2="81,49,11,80,73,68,118,9,37,76,123,47,90" hai3="30,19,2,33,71,86,4,132,25,14,112,5,111"/><V28/><F118/><W16/><G71/><T7/><D110/><U94/><E34/><V15/><F123/><W46/><G111/><T63/><D105/><U119/><E108/><V32/><F68/><W66/><G2/><T43/><D117/><U62/><E122/><V50/><F9/><W104/><G104/><T38/><D127/><U18/><E119/><V67/><F67/><W121/><G121/><T10/><D17/><U79/><E62/><V21/><F32/><W84/><G66/><T39/><D24/><U130/><E130/><V57/><F57/><W102/><G102/><T51/><D51/><U41/><E135/><V35/><F35/><W59/><G59/><N who="0" m="33159" /><D39/><U72/><E72/><V96/><F21/><W124/><G124/><N who="1" m="47722" /><E41/><V64/><F28/><W103/><G103/><T12/><D12/><U93/><E18/><V70/><F37/><W129/><G19/><T85/><D85/><U22/><E22/><V116/><F116/><W45/><G112/><T115/><D115/><U13/><E1/><V87/><F47/><N who="3" m="17931" /><G129/><T26/><D26/><U101/><E101/><V20/><F20/><N who="3" m="15655" /><G132/><T128/><D128/><U133/><E133/><V78/><F70/><W53/><G33/><T131/><D131/><U31/><E31/><V113/><F113/><W54/><G54/><T42/><D43/><U29/><E29/><V58/><F64/><W120/><G120/><T97/><D42/><U23/><E23/><V55/><F55/><W109/><G53/><T83/><D38/><U92/><AGARI ba="1,0" hai="6,8,13,56,60,65,77,79,92,93,94" m="47722" machi="92" ten="30,2000,0" yaku="18,1,52,1" doraHai="0" who="1" fromWho="1" sc="328,-6,165,23,303,-11,204,-6" /><INIT seed="7,0,0,0,3,96" ten="322,188,292,198" oya="3" hai0="61,15,122,118,119,58,40,94,80,1,49,112,113" hai1="124,31,18,73,87,76,43,57,93,121,127,23,35" hai2="84,129,104,60,70,46,7,48,62,21,71,69,109" hai3="19,117,3,6,22,26,134,63,54,91,78,106,16"/><W14/><G117/><T36/><D122/><U131/><E121/><V32/><F32/><W83/><G134/><T2/><D36/><U72/><E131/><V82/><F109/><W44/><G106/><T116/><D94/><U100/><E43/><V114/><F129/><W89/><G6/><T115/><D15/><U59/><E31/><V74/><F74/><N who="1" m="28777" /><E35/><V133/><F114/><W101/><G3/><N who="0" m="1035" /><D80/><N who="1" m="47495" /><E93/><V37/><F37/><W65/><G101/><T86/><D86/><U126/><E100/><V81/><F133/><W25/><G78/><T42/><D49/><U20/><E20/><V28/><F104/><W102/><G102/><T45/><D45/><U56/><E56/><V77/><F7/><W108/><G108/><T53/><AGARI ba="0,0" hai="40,42,53,58,61,112,113,115,116,118,119" m="1035" machi="53" ten="50,3200,0" yaku="15,1,11,1" doraHai="96" who="0" fromWho="0" sc="322,32,188,-8,292,-8,198,-16" owari="354,46.0,180,-32.0,284,8.0,182,-22.0" /></mjloggm>