<mjloggm ver="2.3"><GO type="169" lobby="0"/><UN n0="%47%4F%4B%49%47%45%4E" n1="%E7%84%A1%E3%81%84%EF%BC%81%EF%BC%81" n2="%73%69%6E%73%69%73%74" n3="%E3%82%A6%E3%83%AB%E3%83%88%E3%83%A9%E7%AB%8B%E7%9B%B4" dan="16,16,19,18" rate="2104.41,2040.47,2226.41,2228.48" sx="M,M,M,M"/><TAIKYOKU oya="0"/><INIT seed="0,0,0,2,3,77" ten="250,250,250,250" oya="0" hai0="42,108,48,25,45,119,74,50,9,103,65,13,37" hai1="17,131,97,93,29,126,114,59,109,32,89,111,61" hai2="6,120,27,60,99,47,134,52,43,70,46,83,98" hai3="31,82,28,135,68,125,105,106,128,130,66,100,10"/><T35/><D119/><U63/><E126/><V16/><F120/><W132/><G66/><T3/><D3/><U34/><E131/><N who="3" m="50218" /><G68/><T40/><D103/><U124/><E124/><V5/><F134/><N who="3" m="51243" /><G125/><T18/><D108/><U0/><E114/><V39/><F70/><W22/><G100/><T49/><D74/><U127/><E127/><V24/><F24/><W4/><G82/><T72/><D72/><U36/><E0/><V113/><F113/><W81/><G81/><T30/><REACH who="0" step="1"/><D65/><REACH who="0" ten="240,250,250,250" step="2"/><U122/><E109/><V64/><F64/><W94/><G106/><T55/><D55/><U7/><E111/><V15/><F52/><W91/><G105/><T85/><D85/><U23/><E122/><V67/><F67/><W90/><G90/><T62/><D62/><U11/><E89/><V44/><F60/><W21/><G91/><T1/><D1/><U53/><E61/><V107/><F107/><W88/><G88/><T38/><D38/><U95/><E36/><V115/><F39/><W33/><G94/><T20/><D20/><N who="3" m="7785" /><G33/><T76/><D76/><U78/><E78/><V121/><F115/><W57/><G57/><T123/><D123/><U104/><E104/><V2/><F121/><W12/><AGARI ba="0,1" hai="4,10,12,28,31" m="7785,51243,50218" machi="12" ten="40,8000,1" yaku="19,1,20,1,34,2" doraHai="77" who="3" fromWho="3" sc="240,-40,250,-20,250,-20,250,90" /><INIT seed="1,0,0,4,3,38" ten="200,230,230,340" oya="1" hai0="132,81,60,133,111,25,55,67,51,75,128,19,40" hai1="80,113,30,88,1,34,35,92,71,8,123,78,86" hai2="15,116,59,37,94,2,21,31,130,42,5,39,57" hai3="33,101,23,117,56,10,27,77,99,52,107,4,124"/><U29/><E113/><V74/><F116/><W73/><G124/><T64/><D111/><U90/><E123/><V62/><F74/><W110/><G110/><T126/><D75/><U70/><E34/><V66/><F130/><W53/><G33/><T44/><D81/><U84/><E90/><V63/><F2/><W43/><G117/><T134/><D25/><U108/><E108/><V85/><F31/><W91/><G91/><T46/><D19/><U98/><E98/><V6/><F37/><W105/><G43/><T76/><D76/><U0/><E0/><V54/><F94/><W79/><G107/><T120/><D128/><U50/><E50/><V13/><F85/><W9/><G73/><T119/><D119/><U11/><E11/><V83/><F83/><W47/><G47/><T125/><D120/><U115/><E115/><V103/><F103/><W28/><G53/><T122/><D122/><U97/><E97/><V20/><F39/><W114/><G114/><T112/><D112/><U109/><E109/><V3/><F3/><W93/><G105/><T61/><D61/><U127/><E127/><N who="0" m="48649" /><D60/><U7/><REACH who="1" step="1"/><E35/><REACH who="1" ten="200,220,230,340" step="2"/><V102/><F102/><W135/><G10/><T17/><D17/><U106/><E106/><V95/><F66/><W104/><G104/><T121/><D121/><U48/><E48/><AGARI ba="0,1" hai="40,44,46,48,51,55,64,67,132,133,134" m="48649" machi="48" ten="40,8000,1" yaku="20,1,18,1,34,2,52,1" doraHai="38" who="0" fromWho="1" sc="200,90,220,-80,230,0,340,0" /><INIT seed="2,0,0,0,0,129" ten="290,140,230,340" oya="2" hai0="119,93,44,125,104,26,60,63,124,75,91,78,12" hai1="90,0,11,62,16,59,43,14,103,120,135,31,27" hai2="131,66,94,127,10,102,126,105,51,84,110,52,132" hai3="41,67,108,42,9,15,68,22,20,65,48,2,96"/><V24/><F131/><W25/><G2/><T88/><D104/><U28/><E120/><V89/><F66/><N who="3" m="25099" /><G68/><T30/><D44/><U128/><E128/><V72/><F72/><W37/><G37/><T47/><D47/><U123/><E123/><V23/><F110/><W111/><G96/><T80/><D12/><U54/><E103/><V56/><F10/><W46/><G25/><T3/><D3/><U38/><E0/><V98/><REACH who="2" step="1"/><F132/><REACH who="2" ten="290,140,220,340" step="2"/><W40/><G111/><T115/><D115/><U85/><E135/><V21/><F21/><N who="3" m="8299" /><G108/><T35/><D119/><U87/><E11/><V69/><F69/><W86/><G86/><T134/><D134/><U121/><E87/><V79/><F79/><W36/><G36/><T17/><D75/><U122/><E121/><V114/><F114/><W97/><G97/><T58/><D78/><U107/><E122/><V77/><F77/><W1/><G1/><T49/><D35/><U113/><E113/><V118/><F118/><W53/><G40/><T55/><D124/><U5/><E43/><V116/><F116/><W6/><AGARI ba="0,1" hai="6,9,15,41,42,46,48,53" m="8299,25099" machi="6" ten="30,1100,0" yaku="8,1" doraHai="129" who="3" fromWho="3" sc="290,-3,140,-3,220,-5,340,21" /><INIT seed="3,0,0,1,2,112" ten="287,137,215,361" oya="3" hai0="33,111,91,19,98,95,106,86,20,21,39,50,27" hai1="5,127,6,48,73,28,25,116,79,77,1,32,68" hai2="54,56,13,40,35,16,46,113,41,26,44,118,29" hai3="108,88,124,70,57,83,12,55,51,134,10,58,115"/><W99/><G115/><T66/><D111/><U17/><E68/><V47/><F113/><W22/><G70/><T84/><D39/><U71/><E71/><V43/><F118/><W85/><G124/><T117/><D33/><U104/><E104/><V97/><F97/><W34/><G34/><T120/><D120/><U59/><E127/><V135/><F135/><W123/><G123/><T75/><D75/><U14/><E48/><V93/><F93/><W18/><G134/><T89/><D66/><U81/><E59/><V31/><F31/><W9/><G108/><T132/><D132/><U107/><E107/><V92/><F92/><N who="3" m="56711" /><G58/><T126/><D50/><U37/><E37/><V114/><F114/><W128/><G128/><T102/><D126/><U129/><E129/><V96/><F96/><W72/><G72/><T45/><D45/><U23/><E116/><V52/><REACH who="2" step="1"/><F56/><REACH who="2" ten="287,137,205,361" step="2"/><W125/><G125/><T3/><D117/><U74/><REACH who="1" step="1"/><E1/><REACH who="1" ten="287,127,205,361" step="2"/><V15/><F15/><W94/><G94/><T62/><D3/><U103/><E103/><V63/><F63/><W119/><G119/><T8/><D62/><U11/><E11/><AGARI ba="0,2" hai="11,13,16,26,29,35,40,41,43,44,46,47,52,54" machi="11" ten="40,5200,0" yaku="1,1,54,2,53,0" doraHai="112" doraHaiUra="82" who="2" fromWho="1" sc="287,0,127,-52,205,72,361,0" /><INIT seed="4,0,0,1,4,127" ten="287,75,277,361" oya="0" hai0="82,92,9,102,105,76,38,16,87,48,7,104,52" hai1="94,10,109,41,50,31,118,21,71,57,100,80,67" hai2="84,88,22,131,124,6,112,4,128,54,81,90,78" hai3="70,20,23,116,121,37,113,69,15,43,79,65,47"/><T24/><D38/><U14/><E109/><V73/><F124/><W44/><G116/><T101/><D104/><U110/><E110/><V74/><F112/><W106/><G106/><T63/><D105/><U55/><E118/><V133/><F133/><W1/><G1/><T98/><D63/><U95/><E71/><V96/><F96/><W36/><G79/><T132/><D102/><U61/><E100/><V97/><F54/><W56/><G113/><T115/><D132/><U39/><E80/><V111/><F111/><W27/><G121/><T26/><D115/><U33/><E33/><V2/><F2/><W129/><G15/><N who="0" m="7279" /><D7/><N who="2" m="2602" /><F22/><W62/><G37/><T5/><D5/><U19/><E39/><V85/><F97/><W17/><G36/><T120/><D120/><U0/><E0/><V125/><F125/><W30/><G69/><T35/><D35/><U8/><E41/><V51/><F51/><W89/><G70/><T40/><D40/><U68/><E31/><V130/><F84/><W34/><G43/><T42/><D42/><U107/><E107/><V134/><F134/><W13/><G34/><T18/><D18/><U64/><E67/><V72/><AGARI ba="0,0" hai="72,73,74,78,81,85,88,90,128,130,131" m="2602" machi="72" ten="40,8000,1" yaku="19,1,52,3,54,1" doraHai="127" who="2" fromWho="2" sc="287,-40,75,-20,277,80,361,-20" /><INIT seed="5,0,0,0,1,13" ten="247,55,357,341" oya="1" hai0="90,49,9,56,33,52,15,24,57,55,17,3,32" hai1="125,34,19,35,84,65,79,5,51,75,101,44,81" hai2="83,103,74,11,131,23,127,2,111,27,73,38,12" hai3="67,117,135,70,64,28,0,87,98,128,99,92,68"/><U104/><E125/><V106/><F111/><W54/><G0/><T109/><D109/><U21/><E5/><V100/><F2/><W43/><G43/><T69/><D69/><U42/><E65/><V30/><F127/><W14/><G28/><T60/><D3/><U47/><E84/><V93/><F106/><W26/><G26/><T77/><D77/><U25/><REACH who="1" step="1"/><E47/><REACH who="1" ten="247,45,357,341" step="2"/><V86/><F86/><W37/><G67/><T1/><D1/><U31/><E31/><V46/><F30/><W112/><G64/><T105/><D105/><U129/><E129/><V102/><F131/><W97/><G87/><T88/><D33/><U132/><E132/><V7/><F7/><W118/><G135/><T122/><D122/><U50/><E50/><V6/><F46/><W22/><G128/><T108/><D108/><U94/><E94/><V59/><F93/><W61/><G92/><T107/><D107/><U80/><E80/><V82/><F82/><W130/><G130/><T36/><D36/><U29/><E29/><V58/><F83/><W113/><G37/><T72/><D72/><U110/><E110/><V62/><F38/><W4/><G4/><N who="0" m="3495" /><D32/><U126/><E126/><V121/><F121/><W20/><G70/><T63/><D49/><U91/><E91/><V114/><F74/><W89/><G89/><T119/><D119/><U124/><E124/><V95/><F73/><W134/><G68/><T45/><D45/><U96/><AGARI ba="0,1" hai="19,21,25,34,35,42,44,51,75,79,81,96,101,104" machi="96" ten="30,11700,0" yaku="1,1,0,1,52,1,53,1" doraHai="13" doraHaiUra="76" who="1" fromWho="1" sc="247,-39,45,127,357,-39,341,-39" /><INIT seed="5,1,0,1,5,77" ten="208,172,318,302" oya="1" hai0="81,41,36,19,40,0,18,25,114,87,129,13,61" hai1="78,54,62,99,21,127,22,52,121,84,59,116,49" hai2="104,29,24,27,46,33,94,120,124,72,8,42,79" hai3="1,131,51,107,57,47,92,26,3,4,109,17,106"/><U82/><E116/><V68/><F120/><W44/><G109/><T119/><D119/><U76/><E121/><V112/><F104/><W102/><G57/><T28/><D114/><U132/><E132/><V23/><F112/><W75/><G75/><T16/><D129/><U103/><E127/><V126/><F68/><W89/><G47/><T50/><D0/><U74/><E74/><V117/><F117/><W69/><G69/><T63/><D36/><U43/><E43/><N who="0" m="16457" /><D50/><U83/><E83/><N who="2" m="45543" /><F94/><W6/><G92/><T85/><D13/><U35/><E35/><V65/><F65/><W105/><G51/><T45/><D45/><U32/><E32/><V30/><F8/><W135/><G44/><T98/><D98/><U111/><E78/><V70/><F70/><W12/><G12/><T128/><D128/><U95/><E111/><V10/><F10/><W73/><G73/><T71/><D87/><U5/><E5/><V2/><F2/><W56/><G1/><T31/><D71/><U101/><E101/><V113/><F113/><W123/><G102/><T100/><D100/><U15/><E15/><V86/><F86/><W96/><G3/><T48/><D48/><U118/><E118/><V122/><F122/><W53/><G131/><T80/><D85/><U67/><E67/><V130/><F130/><W34/><G34/><T110/><D110/><U60/><E60/><N who="0" m="23113" /><D25/><U125/><E125/><V93/><F126/><W9/><G123/><T97/><D97/><U37/><E37/><N who="2" m="21839" /><F124/><W11/><G26/><T7/><D7/><U66/><E66/><V39/><F39/><RYUUKYOKU ba="1,0" sc="208,10,172,10,318,10,302,-30" hai0="16,18,19,28,31,80,81" hai1="21,22,49,52,54,59,62,76,82,84,95,99,103" hai2="23,24,27,29,30,33,93" /><INIT seed="5,2,0,0,3,74" ten="218,182,328,272" oya="1" hai0="55,121,69,16,101,65,10,115,44,19,98,25,130" hai1="59,3,34,110,86,53,7,20,135,1,4,18,100" hai2="32,126,64,93,31,52,88,133,89,80,124,39,22" hai3="27,85,83,113,125,78,35,38,116,92,114,8,33"/><U73/><E73/><V105/><F105/><W57/><G38/><T15/><D115/><N who="3" m="44041" /><G125/><N who="2" m="48233" /><F39/><W46/><G116/><T131/><D121/><U102/><E34/><V112/><F112/><W106/><G106/><T37/><D69/><U14/><E135/><V72/><F133/><W77/><G46/><T28/><D65/><U82/><E110/><V123/><F123/><W45/><G45/><T66/><D66/><U12/><E1/><V119/><F32/><N who="3" m="12363" /><G57/><T5/><D28/><U87/><E87/><V54/><F64/><W61/><G61/><T120/><D25/><U109/><E109/><V104/><F104/><W117/><G117/><T75/><D75/><U30/><E30/><V13/><F119/><W43/><G43/><N who="0" m="22639" /><D55/><N who="2" m="21034" /><F93/><W94/><G27/><T58/><D58/><U2/><E59/><V26/><F13/><W118/><G118/><T9/><D120/><U81/><E53/><V11/><F11/><W24/><G8/><T42/><D10/><U122/><E122/><V21/><F21/><W91/><G24/><T67/><D67/><U17/><E20/><V71/><F71/><W62/><G62/><T40/><D42/><U23/><E23/><V96/><F96/><W127/><G127/><T51/><D40/><U70/><E70/><V95/><F95/><AGARI ba="2,0" hai="77,78,83,85,91,92,94,95" m="12363,44041" machi="95" ten="30,3900,0" yaku="15,1,52,2" doraHai="74" who="3" fromWho="2" sc="218,0,182,0,328,-45,272,45" /><INIT seed="6,0,0,1,1,98" ten="218,182,283,317" oya="2" hai0="25,5,123,23,132,48,125,56,104,44,47,20,111" hai1="65,53,135,72,6,69,87,105,110,88,92,77,19" hai2="12,115,35,18,82,38,83,93,62,109,78,54,63" hai3="90,40,51,1,128,61,0,118,120,112,95,117,122"/><V121/><F121/><W126/><G51/><T85/><D111/><U129/><E110/><V15/><F109/><W102/><G61/><T73/><D73/><U2/><E2/><V36/><F35/><W10/><G40/><T91/><D104/><U37/><E37/><V67/><F115/><W130/><G1/><T33/><D132/><U84/><E6/><V58/><F93/><W29/><G29/><T9/><D125/><U97/><E135/><V24/><F24/><W17/><G102/><T41/><D123/><N who="3" m="47145" /><G126/><T45/><D33/><U52/><E129/><N who="3" m="49770" /><G112/><T89/><D56/><U134/><E134/><V100/><F100/><W13/><G0/><T32/><D32/><U133/><E133/><V59/><F82/><W26/><G26/><T46/><D85/><AGARI ba="0,0" hai="10,13,17,85,90,95,117,118" m="49770,47145" machi="85" ten="30,1000,0" yaku="19,1" doraHai="98" who="3" fromWho="0" sc="218,-10,182,0,283,0,317,10" /><INIT seed="7,0,0,4,3,67" ten="208,182,283,327" oya="3" hai0="45,32,119,22,2,30,107,39,34,57,47,52,8" hai1="58,18,90,13,99,86,48,96,100,71,60,134,122" hai2="101,91,81,42,105,64,103,94,88,116,36,69,38" hai3="25,15,63,118,111,120,75,87,16,28,54,114,68"/><W108/><G75/><T20/><D119/><U131/><E122/><V27/><F116/><W80/><G114/><T40/><D107/><U59/><E131/><V110/><F110/><W44/><G120/><T78/><D45/><U7/><E134/><V14/><F105/><W12/><G12/><T23/><D78/><U49/><E7/><V21/><F14/><W113/><G113/><T35/><D30/><U43/><E71/><V1/><F1/><W33/><G68/><T66/><D66/><U130/><E43/><V76/><F101/><W115/><G63/><T84/><D84/><U17/><E130/><V6/><F103/><W73/><G73/><T126/><D126/><U4/><E4/><V95/><F6/><W77/><G118/><T26/><D26/><U0/><E0/><V129/><F129/><W3/><G3/><T112/><D112/><U132/><E132/><V125/><F125/><W106/><G106/><T65/><D65/><U98/><E100/><V11/><F11/><W124/><G124/><T109/><D109/><U127/><E127/><V51/><F51/><N who="3" m="29031" /><G115/><T92/><D92/><N who="2" m="35370" /><F42/><W9/><G108/><T102/><D102/><U50/><E13/><V53/><F36/><W62/><G111/><T93/><D93/><N who="1" m="54487" /><E60/><N who="2" m="40071" /><F53/><W72/><G62/><N who="0" m="36135" /><D2/><U74/><E74/><N who="2" m="43159" /><F38/><W133/><G72/><T5/><D5/><U89/><E89/><V82/><F82/><N who="3" m="47567" /><G133/><T31/><D8/><U61/><E61/><V19/><F91/><W128/><G128/><T121/><D121/><U24/><E24/><V135/><F135/><W46/><G80/><T79/><D79/><RYUUKYOKU ba="0,0" sc="208,0,182,0,283,0,327,0" hai0="20,22,23,31,32,34,35,39,40,47" hai1="17,18,48,49,50,58,59,96,98,99" hai2="19,21,27,88" hai3="9,15,16,25,28,33,46" owari="208,-19.0,182,-32.0,283,8.0,327,43.0" /></mjloggm>