<mjloggm ver="2.3"><GO type="169" lobby="0"/><UN n0="%77%69%6E%65" n1="%E9%A3%9B%E6%B2%AB" n2="%E3%83%AB%E3%83%AB%E5%8F%82%E4%B8%8A" n3="%E3%83%88%E3%83%88%E3%83%AA%E5%85%88%E7%94%9F%31%39%E6%AD%B3" dan="18,16,17,19" rate="2218.30,2068.28,2172.17,2298.46" sx="M,F,F,F"/><TAIKYOKU oya="0"/><INIT seed="0,0,0,2,1,119" ten="250,250,250,250" oya="0" hai0="126,100,84,18,22,53,46,50,8,13,43,113,89" hai1="33,41,65,4,24,63,130,57,69,129,114,31,30" hai2="12,66,6,73,37,127,19,90,45,92,115,124,7" hai3="121,95,58,78,101,75,88,29,112,132,64,105,82"/><T42/><D126/><N who="2" m="48170" /><F115/><W28/><G112/><T44/><D113/><U97/><E114/><V56/><F73/><W10/><G132/><T107/><D107/><U76/><E31/><V32/><F32/><W128/><G128/><T74/><D74/><U123/><E123/><V134/><F134/><W80/><G80/><T133/><D133/><U52/><E76/><V96/><F66/><W61/><G121/><T35/><D35/><U40/><E4/><V55/><F45/><W118/><G118/><T120/><D100/><U93/><E129/><V54/><F37/><W14/><G101/><T9/><D120/><U99/><E130/><V125/><F54/><W106/><G106/><T36/><REACH who="0" step="1"/><D53/><REACH who="0" ten="240,250,250,250" step="2"/><U86/><E33/><V135/><F135/><W72/><G105/><T81/><AGARI ba="0,1" hai="8,9,13,18,22,36,42,43,44,46,50,81,84,89" machi="81" ten="20,7800,0" yaku="1,1,2,1,0,1,7,1,53,0" doraHai="119" doraHaiUra="94" who="0" fromWho="0" sc="240,88,250,-26,250,-26,250,-26" /><INIT seed="0,1,0,4,0,53" ten="328,224,224,224" oya="0" hai0="39,7,50,75,90,62,14,15,27,121,129,20,24" hai1="0,127,48,130,35,5,111,91,126,49,71,68,58" hai2="40,117,11,67,98,134,19,52,23,80,78,115,109" hai3="32,74,133,66,113,12,51,85,47,108,100,2,128"/><T42/><D121/><U69/><E35/><V1/><F115/><W61/><G2/><T87/><D75/><U89/><E111/><V112/><F112/><W84/><G74/><T21/><D39/><U125/><E130/><V46/><F109/><W28/><G113/><T122/><D129/><U83/><E83/><V105/><F67/><W72/><G72/><T94/><D122/><U30/><E30/><V3/><F134/><W135/><G108/><T82/><D62/><U119/><E119/><V73/><F11/><W36/><G36/><T55/><D42/><U79/><E79/><V99/><F99/><W118/><G118/><T116/><D116/><U54/><REACH who="1" step="1"/><E49/><REACH who="1" ten="328,214,224,224" step="2"/><V70/><F117/><W131/><G28/><N who="0" m="17415" /><D82/><U97/><E97/><V101/><F78/><W63/><G32/><T17/><D7/><U132/><E132/><V110/><F80/><W103/><G128/><T60/><D60/><N who="3" m="23113" /><G66/><T13/><D27/><U56/><E56/><AGARI ba="1,1" hai="13,14,15,17,21,50,55,56,87,90,94" m="17415" machi="56" ten="30,5800,0" yaku="25,1,8,1,52,1" doraHai="53" who="0" fromWho="1" sc="328,71,214,-61,224,0,224,0" /><INIT seed="0,2,0,5,3,72" ten="399,153,224,224" oya="0" hai0="98,48,104,42,25,66,92,114,8,12,61,38,45" hai1="54,109,90,22,51,134,87,34,17,96,1,50,99" hai2="81,4,131,32,129,89,63,84,110,115,52,106,113" hai3="60,58,37,13,76,83,65,86,11,0,43,74,93"/><T31/><D114/><U67/><E109/><V128/><F32/><W26/><G0/><T29/><D104/><U117/><E117/><V126/><F4/><W44/><G26/><T69/><D38/><U35/><E1/><V6/><F6/><W130/><G130/><T57/><D69/><U75/><E75/><V121/><F121/><W14/><G11/><T33/><D25/><U46/><E67/><V124/><F110/><W103/><REACH who="3" step="1"/><G103/><REACH who="3" ten="399,153,224,214" step="2"/><N who="0" m="60871" /><D33/><U5/><E34/><V116/><F116/><W94/><G94/><T97/><D97/><U102/><E35/><V19/><F106/><W101/><G101/><T41/><D42/><U56/><E99/><V16/><F113/><W21/><G21/><T47/><D45/><U24/><E96/><V100/><F100/><W70/><G70/><T64/><D64/><U7/><E102/><V9/><F115/><W39/><G39/><T40/><D40/><U73/><E46/><V112/><F112/><W30/><G30/><T62/><D31/><U49/><E22/><V18/><F9/><W77/><G77/><T28/><D29/><U111/><E111/><V71/><F71/><W23/><G23/><T88/><D28/><U2/><E2/><V78/><F78/><W107/><G107/><T82/><D8/><U3/><E3/><V36/><F36/><W15/><G15/><T85/><D12/><U53/><E24/><V132/><F132/><W79/><G79/><T91/><D91/><AGARI ba="2,1" hai="13,14,37,43,44,58,60,65,74,76,83,86,91,93" machi="91" ten="40,5200,0" yaku="1,1,52,1,53,1" doraHai="72" doraHaiUra="68" who="3" fromWho="0" sc="399,-58,153,0,224,0,214,68" /><INIT seed="1,0,0,4,3,86" ten="341,153,224,282" oya="1" hai0="28,23,36,1,135,93,96,119,49,52,14,101,72" hai1="5,16,43,89,68,63,109,114,77,103,95,45,59" hai2="64,62,91,47,37,41,17,25,120,117,100,97,84" hai3="20,85,39,128,125,3,126,106,69,102,127,58,31"/><U6/><E114/><V67/><F120/><W112/><G112/><T34/><D1/><U124/><E124/><V22/><F117/><W79/><G69/><T73/><D36/><U57/><E68/><V121/><F121/><W46/><G3/><T2/><D2/><U87/><E109/><V129/><F129/><W51/><G39/><T44/><D119/><U99/><E77/><V122/><F62/><W15/><G128/><T90/><D135/><U92/><E16/><V110/><F110/><W82/><G58/><T134/><D134/><U42/><E59/><V53/><F53/><W27/><G15/><T107/><D34/><U4/><REACH who="1" step="1"/><E45/><REACH who="1" ten="341,143,224,282" step="2"/><V54/><F122/><W88/><G79/><T133/><D133/><U111/><E111/><V0/><F0/><W24/><G24/><T80/><D14/><U108/><E108/><V50/><F67/><AGARI ba="0,1" hai="4,5,6,42,43,57,63,67,87,89,92,95,99,103" machi="67" ten="40,7700,0" yaku="1,1,8,1,52,1,53,0" doraHai="86" doraHaiUra="71" who="1" fromWho="2" sc="341,0,143,87,224,-77,282,0" /><INIT seed="1,1,0,0,0,54" ten="341,230,147,282" oya="1" hai0="21,67,98,72,120,6,125,33,69,119,122,59,89" hai1="56,36,78,76,75,90,108,14,100,114,87,2,65" hai2="29,73,81,82,20,92,25,45,66,62,77,71,4" hai3="112,31,134,15,7,64,107,34,84,35,68,27,79"/><U1/><E114/><V105/><F105/><W63/><G112/><T19/><D33/><U102/><E36/><V47/><F4/><W80/><G134/><T131/><D119/><U57/><E108/><V58/><F71/><W11/><G107/><T49/><D72/><U93/><E75/><V42/><F42/><W30/><G30/><T55/><D6/><U40/><E40/><V39/><F39/><W46/><G46/><T99/><D125/><U5/><E2/><V8/><F8/><W110/><G110/><T10/><D10/><N who="1" m="4431" /><E1/><V18/><F82/><W111/><G111/><T135/><D135/><U23/><E23/><AGARI ba="1,0" hai="7,11,15,23,27,31,34,35,63,64,68,79,80,84" machi="23" ten="30,1000,0" yaku="7,1" doraHai="54" who="3" fromWho="1" sc="341,0,230,-13,147,0,282,13" /><INIT seed="2,0,0,5,2,127" ten="341,217,147,295" oya="2" hai0="118,69,29,32,93,119,26,53,2,114,38,132,74" hai1="89,3,133,106,108,4,7,126,94,78,58,49,105" hai2="34,59,20,18,85,113,0,112,125,35,129,67,51" hai3="22,37,31,122,60,68,52,99,25,30,135,47,64"/><V121/><F121/><W1/><G122/><T109/><RYUUKYOKU type="yao9" ba="0,0" sc="341,0,217,0,147,0,295,0" hai0="2,26,29,32,38,53,69,74,93,109,114,118,119,132" /><INIT seed="2,1,0,5,1,25" ten="341,217,147,295" oya="2" hai0="44,16,128,2,124,127,119,86,67,36,90,30,66" hai1="41,40,52,103,56,10,32,109,125,132,79,23,74" hai2="116,122,50,88,114,8,102,55,38,78,112,65,13" hai3="89,61,92,106,82,17,60,113,46,68,120,59,12"/><V111/><F122/><W123/><G106/><T71/><D2/><U121/><E109/><V43/><F116/><W77/><G113/><T33/><D119/><U3/><E32/><V117/><F117/><W49/><G68/><T99/><D99/><U76/><E132/><V4/><F111/><W34/><G34/><T18/><D128/><U85/><E74/><V107/><F78/><W58/><G58/><T101/><D101/><U105/><E121/><V69/><F43/><W130/><G130/><T11/><D36/><U96/><E125/><V72/><F38/><W97/><G59/><T87/><D44/><U83/><E79/><V104/><F72/><W0/><G0/><T47/><D47/><U51/><REACH who="1" step="1"/><E23/><REACH who="1" ten="341,207,147,295" step="2"/><V19/><F112/><W73/><G123/><T80/><D33/><U81/><E81/><V108/><F108/><W95/><G120/><T15/><D80/><U91/><E91/><V84/><F114/><W6/><G82/><T29/><D90/><U118/><E118/><V31/><F102/><W63/><G77/><T135/><D135/><U134/><E134/><V24/><F88/><W28/><G73/><T9/><D71/><U57/><E57/><V26/><F84/><W35/><G89/><T70/><D70/><U20/><E20/><N who="2" m="13343" /><F69/><W21/><G97/><T1/><D1/><U54/><E54/><V126/><F65/><W53/><G6/><AGARI ba="1,1" hai="3,6,10,40,41,51,52,56,76,83,85,96,103,105" machi="6" ten="40,2600,0" yaku="1,1,54,1,53,0" doraHai="25" doraHaiUra="42" who="1" fromWho="3" sc="341,0,207,39,147,0,295,-29" /><INIT seed="3,0,0,3,5,77" ten="341,246,147,266" oya="3" hai0="61,68,13,124,128,64,4,94,10,38,50,132,37" hai1="42,28,122,134,67,131,93,112,23,15,74,133,123" hai2="92,54,12,21,117,44,51,1,119,101,98,24,106" hai3="0,102,91,48,72,113,20,18,79,107,100,49,71"/><W34/><G113/><T16/><D124/><U73/><E112/><V36/><F1/><W110/><G34/><T69/><D128/><U52/><E42/><V88/><F36/><W135/><G0/><T75/><D132/><N who="1" m="50795" /><E67/><V58/><F12/><W85/><G135/><T35/><D69/><U104/><E104/><V65/><F65/><W8/><G8/><T115/><D115/><U25/><E131/><V120/><F44/><W99/><G71/><T60/><D60/><U2/><E2/><V81/><F120/><W62/><G62/><T96/><D35/><U90/><E15/><V105/><F81/><N who="3" m="45287" /><G102/><T83/><D4/><U55/><E74/><V22/><F22/><W19/><G110/><T45/><D83/><U11/><E11/><V86/><REACH who="2" step="1"/><F106/><REACH who="2" ten="341,246,137,266" step="2"/><W109/><G109/><T9/><D9/><U26/><E123/><V116/><F116/><W7/><G7/><T41/><REACH who="0" step="1"/><D75/><REACH who="0" ten="331,246,137,266" step="2"/><U31/><E73/><V111/><F111/><W95/><G20/><T114/><D114/><U29/><E122/><V89/><F89/><AGARI ba="0,2" hai="10,13,16,37,38,41,45,50,61,64,68,89,94,96" machi="89" ten="30,3900,0" yaku="1,1,7,1,54,1,53,0" doraHai="77" doraHaiUra="130" who="0" fromWho="2" sc="331,59,246,0,137,-39,266,0" /><INIT seed="4,0,0,2,2,59" ten="390,246,98,266" oya="0" hai0="88,41,79,91,62,3,19,56,47,103,84,49,127" hai1="45,8,73,64,74,126,123,92,15,114,60,9,97" hai2="70,46,61,125,128,118,42,38,106,1,55,95,132" hai3="65,81,113,115,108,105,50,85,28,110,0,98,29"/><T101/><D3/><U32/><E123/><V120/><RYUUKYOKU type="yao9" ba="0,0" sc="390,0,246,0,98,0,266,0" hai2="1,38,42,46,55,61,70,95,106,118,120,125,128,132" /><INIT seed="4,1,0,4,4,20" ten="390,246,98,266" oya="0" hai0="43,66,107,116,89,127,74,85,26,88,120,95,130" hai1="82,133,134,123,33,63,32,0,112,92,46,25,49" hai2="22,129,122,72,100,103,5,24,60,52,36,69,15" hai3="39,41,10,78,37,94,113,11,79,117,4,68,115"/><T61/><D116/><U118/><E118/><V131/><F122/><W108/><G117/><T77/><D120/><U23/><E123/><V19/><F72/><W132/><G41/><T93/><D107/><U34/><E0/><V70/><F36/><N who="3" m="13899" /><G4/><T59/><D127/><U50/><E112/><N who="3" m="43082" /><G94/><T106/><D106/><U104/><E104/><V90/><F90/><W87/><G87/><T9/><D130/><N who="2" m="49674" /><F5/><W3/><G3/><T99/><D43/><U35/><E35/><V55/><F15/><W76/><G68/><N who="2" m="26217" /><F60/><W125/><G132/><T111/><D74/><U98/><E82/><V62/><F62/><W80/><G80/><T119/><D119/><U47/><E63/><V16/><F19/><W81/><G81/><T18/><D77/><U51/><E133/><V12/><F12/><W101/><G101/><AGARI ba="1,0" hai="16,22,24,52,55,100,101,103" m="26217,49674" machi="101" ten="30,7700,0" yaku="19,1,52,1,54,2" doraHai="20" who="2" fromWho="3" sc="390,0,246,0,98,80,266,-80" /><INIT seed="5,0,0,3,5,31" ten="390,246,178,186" oya="1" hai0="88,107,112,78,120,116,48,108,19,7,123,80,49" hai1="59,46,23,65,55,12,45,131,9,87,67,85,5" hai2="135,93,89,86,32,58,54,103,73,18,27,37,121" hai3="13,76,0,100,117,132,111,71,122,119,125,102,96"/><U115/><E115/><V133/><F121/><W66/><G122/><T75/><D107/><U25/><E131/><V28/><F37/><W4/><G111/><T15/><D108/><U99/><E99/><V79/><F103/><W92/><G0/><T90/><D116/><N who="3" m="44617" /><G132/><T74/><D7/><U41/><E87/><V97/><F73/><W24/><G125/><T33/><D33/><U104/><E104/><V26/><F79/><W105/><G76/><T118/><D118/><U34/><E34/><V106/><F106/><W6/><G13/><T39/><D39/><U60/><E85/><V64/><F86/><W35/><G92/><T124/><D78/><U11/><E11/><V2/><F64/><N who="1" m="24649" /><E41/><V43/><F43/><W57/><G100/><T70/><D75/><U10/><E10/><V63/><F2/><W17/><G71/><T126/><D70/><U16/><AGARI ba="0,0" hai="5,9,12,16,23,25,45,46,55,59,60" m="24649" machi="16" ten="30,3000,0" yaku="8,1,54,1" doraHai="31" who="1" fromWho="1" sc="390,-10,246,30,178,-10,186,-10" /><INIT seed="5,1,0,0,1,85" ten="380,276,168,176" oya="1" hai0="84,12,77,55,68,10,125,109,71,42,0,73,123" hai1="62,106,43,134,61,24,13,70,88,18,102,108,65" hai2="100,75,129,53,4,124,101,37,113,23,56,45,90" hai3="38,83,41,96,2,29,119,116,78,7,79,80,51"/><U76/><E134/><V104/><F75/><W87/><G29/><T50/><D109/><U115/><E115/><V59/><F113/><W58/><G38/><T135/><D73/><U48/><E108/><V9/><F129/><W16/><G7/><T112/><D112/><U11/><E76/><V22/><F124/><W25/><G2/><T74/><D74/><U95/><E106/><V127/><F127/><W97/><G41/><T27/><D125/><U8/><E102/><V49/><F23/><N who="3" m="13543" /><G51/><T121/><D135/><U110/><E110/><V35/><F35/><W14/><G14/><T89/><D77/><U93/><E93/><V98/><F100/><W128/><G58/><T31/><D42/><U107/><E107/><V26/><F37/><W19/><G19/><T118/><D118/><N who="3" m="45097" /><G128/><T52/><D0/><U47/><E24/><V46/><F56/><W117/><N who="3" m="45105" /><W131/><DORA hai="92" /><G131/><T33/><D68/><U39/><E62/><V6/><F6/><W15/><G15/><T17/><D71/><U28/><E28/><V63/><F4/><W36/><G36/><T103/><D103/><U66/><E66/><V21/><F9/><W30/><G30/><T120/><D50/><U130/><E130/><V99/><F49/><W72/><AGARI ba="1,0" hai="72,78,79,80,83,87,96,97" m="45105,13543" machi="72" ten="40,8000,1" yaku="12,1,52,2,54,1" doraHai="85,92" who="3" fromWho="3" sc="380,-21,276,-41,168,-21,176,83" /><INIT seed="6,0,0,1,3,100" ten="359,235,147,259" oya="2" hai0="83,81,3,67,126,80,19,4,132,109,27,84,28" hai1="113,115,110,48,53,66,107,128,24,25,78,124,72" hai2="79,95,26,89,86,11,20,41,101,121,56,130,8" hai3="15,88,38,134,40,22,92,29,122,105,93,112,13"/><V69/><F69/><W42/><G122/><T123/><D109/><U77/><E110/><V64/><F121/><W71/><G71/><T59/><D123/><U0/><E128/><V55/><F130/><W108/><G108/><T91/><D126/><U35/><E124/><V133/><F133/><W99/><G105/><T23/><D132/><U117/><E117/><V44/><F64/><W82/><G134/><T30/><D4/><U16/><E0/><V85/><F101/><N who="3" m="60647" /><G38/><T36/><D36/><U10/><E66/><V120/><F120/><W52/><G82/><N who="0" m="49559" /><D3/><U17/><E107/><V37/><F79/><N who="1" m="30217" /><E72/><V74/><F85/><N who="3" m="52367" /><G29/><T32/><D32/><U33/><E33/><V43/><F74/><W51/><G112/><N who="1" m="43082" /><E35/><V104/><F104/><W39/><G39/><T114/><D114/><U60/><E60/><AGARI ba="0,0" hai="19,23,27,28,30,59,60,67,80,81,83" m="49559" machi="60" ten="30,1000,0" yaku="8,1" doraHai="100" who="0" fromWho="1" sc="359,10,235,-10,147,0,259,0" /><INIT seed="7,0,0,5,4,29" ten="369,225,147,259" oya="3" hai0="113,109,45,49,77,81,4,132,93,68,121,122,100" hai1="8,64,12,28,116,108,48,124,37,36,62,47,27" hai2="75,55,24,40,32,33,10,57,99,44,46,128,80" hai3="76,71,54,42,53,119,2,82,51,11,134,15,130"/><W89/><G119/><T118/><D109/><U19/><E108/><V52/><F128/><W117/><G117/><T123/><D118/><U107/><E107/><V120/><F120/><W43/><G2/><T60/><D4/><U21/><E124/><V97/><F10/><W133/><G71/><T26/><D26/><U25/><E25/><V67/><F67/><W14/><G130/><T16/><D16/><U41/><E116/><V114/><F24/><W30/><G30/><T34/><D34/><U98/><E98/><V56/><F80/><W73/><G89/><T115/><D132/><N who="3" m="50793" /><G54/><T39/><D39/><U92/><E92/><V112/><F40/><N who="3" m="15403" /><G11/><T105/><D93/><U79/><E79/><V3/><F3/><W104/><G104/><T23/><D23/><U66/><E66/><V74/><AGARI ba="0,0" hai="32,33,44,46,52,55,56,57,74,75,97,99,112,114" machi="74" ten="25,12000,2" yaku="0,1,22,2,52,2,54,1" doraHai="29" who="2" fromWho="2" sc="369,-30,225,-30,147,120,259,-60" owari="339,43.0,195,-30.0,267,7.0,199,-20.0" /></mjloggm>