<mjloggm ver="2.3"><GO type="169" lobby="0"/><UN n0="%E3%82%A6%E3%83%AB%E3%83%88%E3%83%A9%E7%AB%8B%E7%9B%B4" n1="%E3%81%A9%E3%83%BC%E3%82%82%E5%83%95%E3%81%A7%E3%81%99" n2="%6B%69%79%6F%64%61%69" n3="%E3%81%98%E3%81%BF%E3%81%84%E3%81%A3%5A" dan="19,16,18,18" rate="2298.51,2076.41,2202.24,2228.33" sx="M,M,M,M"/><TAIKYOKU oya="0"/><INIT seed="0,0,0,3,0,133" ten="250,250,250,250" oya="0" hai0="89,72,46,31,40,116,67,123,88,86,129,42,28" hai1="80,62,117,115,5,12,121,61,6,47,69,19,20" hai2="130,98,45,15,95,128,81,113,22,134,44,48,58" hai3="114,87,30,64,66,33,108,106,97,120,36,10,75"/><T25/><D72/><U126/><E117/><V77/><F113/><W109/><G114/><T38/><D123/><U63/><E121/><V59/><F45/><W27/><G75/><T132/><D116/><U57/><E115/><V96/><F96/><W74/><G74/><T52/><D132/><U83/><E69/><V91/><F134/><W7/><G36/><T84/><D67/><U32/><E32/><V93/><F93/><W119/><G119/><T94/><D129/><U49/><E57/><V124/><F124/><W70/><G87/><T55/><D42/><U37/><E37/><V103/><F103/><N who="3" m="62831" /><G120/><T104/><D104/><U35/><E35/><V127/><F127/><W101/><G101/><T90/><D90/><U135/><E135/><V16/><F130/><W105/><G105/><T17/><D17/><U111/><E111/><N who="3" m="42570" /><G70/><T112/><D112/><U79/><E126/><V34/><F34/><W4/><G4/><N who="1" m="1642" /><E79/><V14/><F128/><W18/><G18/><T26/><D31/><U102/><E102/><V82/><F15/><AGARI ba="0,0" hai="7,10,15,27,30,33,64,66" m="42570,62831" machi="15" ten="30,1000,0" yaku="14,1" doraHai="133" who="3" fromWho="2" sc="250,0,250,0,250,-10,250,10" /><INIT seed="1,0,0,3,5,9" ten="250,250,240,260" oya="1" hai0="96,63,35,16,62,103,71,33,2,106,86,0,99" hai1="53,56,24,18,114,79,110,134,41,23,61,65,50" hai2="14,95,44,125,121,66,91,19,46,49,131,17,5" hai3="20,30,25,52,3,87,45,37,64,113,133,135,109"/><U108/><E114/><V73/><F73/><W40/><G113/><T7/><D86/><U112/><E112/><V111/><F121/><W116/><G3/><T72/><D72/><U88/><E41/><V15/><F5/><W32/><G109/><N who="1" m="42090" /><E79/><V76/><F76/><W126/><G126/><T92/><D7/><U115/><E115/><V105/><F105/><W29/><G116/><T43/><D43/><U48/><E134/><V6/><F6/><W83/><G64/><T22/><D0/><U123/><E123/><V118/><F118/><W130/><G130/><T12/><D2/><U28/><E65/><V132/><F131/><W67/><G67/><T78/><D78/><U82/><E28/><V117/><F117/><W69/><G30/><T120/><D120/><U26/><E26/><V39/><F111/><W102/><G102/><T93/><D106/><U104/><E104/><V119/><F119/><W81/><G135/><T54/><D71/><U122/><E122/><V68/><F68/><W74/><G69/><T77/><D77/><U13/><E24/><V101/><F66/><W34/><G133/><T36/><D36/><U38/><E38/><V80/><F39/><W21/><G37/><T10/><D35/><U75/><E75/><V84/><F132/><W89/><G34/><T8/><D33/><U128/><E128/><V47/><F125/><W129/><G129/><T59/><D63/><U97/><E82/><V55/><F80/><W57/><G83/><T98/><D98/><U27/><E27/><V42/><F42/><W11/><G74/><T58/><D99/><RYUUKYOKU ba="0,0" sc="250,-10,250,30,240,-10,260,-10" hai1="13,18,23,48,50,53,56,61,88,97" /><INIT seed="1,1,0,0,1,85" ten="240,280,230,250" oya="1" hai0="13,116,115,14,70,37,95,110,55,127,124,17,40" hai1="33,100,23,27,24,91,123,5,49,80,65,106,111" hai2="119,79,135,66,101,11,81,53,18,76,38,105,15" hai3="47,86,104,108,50,46,82,99,122,31,62,72,75"/><U89/><E123/><V4/><F38/><W73/><G122/><T7/><D70/><U19/><E111/><V58/><F135/><W6/><G108/><T88/><D115/><U77/><E5/><V56/><F119/><W41/><G31/><T92/><D116/><U118/><E118/><V9/><F66/><W96/><G104/><T2/><D110/><U133/><E133/><V93/><F105/><W132/><G132/><T45/><D2/><U32/><E65/><V61/><F58/><W109/><G109/><T97/><D55/><U10/><E10/><V83/><F101/><W29/><G29/><T42/><D42/><U129/><E129/><V25/><F25/><W28/><G28/><T0/><D0/><U103/><E49/><V63/><F63/><W60/><G60/><T44/><D44/><U8/><E8/><V12/><F93/><W30/><G30/><T117/><D117/><U78/><E106/><V130/><F130/><W51/><G6/><T131/><D131/><U94/><E27/><V22/><REACH who="2" step="1"/><F9/><REACH who="2" ten="240,280,220,250" step="2"/><W128/><G62/><T43/><D95/><U21/><E21/><V52/><F52/><W26/><G26/><T84/><D37/><U126/><E23/><V125/><F125/><W3/><G128/><T67/><D67/><U90/><E24/><V98/><F98/><W16/><G99/><T57/><D97/><U64/><E64/><V114/><F114/><W107/><G96/><T121/><D121/><U112/><E112/><V113/><F113/><W68/><G107/><T39/><D127/><U69/><E126/><V71/><F71/><RYUUKYOKU ba="1,1" sc="240,-10,280,-10,220,30,250,-10" hai2="4,11,12,15,18,22,53,56,61,76,79,81,83" /><INIT seed="2,2,1,2,1,24" ten="230,270,250,240" oya="2" hai0="3,21,105,107,110,121,45,9,56,102,35,99,44" hai1="34,68,18,134,15,112,2,60,111,114,50,122,43" hai2="5,80,74,49,128,127,79,73,100,86,75,104,31" hai3="85,61,103,25,125,33,129,118,28,11,77,16,38"/><V93/><F5/><W13/><G118/><T1/><D35/><U72/><E2/><V98/><F49/><W57/><G38/><T123/><D21/><U53/><E72/><N who="2" m="27755" /><F31/><W133/><G103/><T6/><D102/><U116/><E116/><V30/><F30/><W14/><G77/><T51/><D99/><U124/><E34/><V8/><F8/><W115/><G85/><T10/><D51/><U29/><E29/><V7/><F7/><W89/><G89/><T78/><D78/><U4/><E4/><V88/><F127/><W39/><G39/><T81/><D6/><U12/><E43/><V67/><F67/><W87/><G87/><T95/><D56/><U126/><E60/><V48/><F48/><W55/><G125/><T101/><D10/><U36/><E68/><V113/><F128/><W20/><G129/><T58/><D9/><U64/><E36/><V69/><F69/><W62/><G115/><AGARI ba="2,1" hai="75,79,80,86,88,93,98,100,104,113,115" m="27755" machi="115" ten="30,11600,0" yaku="24,1,34,2,54,1" doraHai="24" who="2" fromWho="3" sc="230,0,270,0,250,132,240,-122" /><INIT seed="2,3,0,1,0,97" ten="230,270,382,118" oya="2" hai0="85,88,3,44,17,114,86,53,119,25,35,20,74" hai1="38,95,82,28,66,63,129,116,62,51,80,64,122" hai2="16,72,6,125,134,92,57,106,11,12,26,41,102" hai3="55,47,30,7,90,75,101,133,36,31,89,18,87"/><V13/><F72/><W33/><G75/><T9/><D114/><U108/><E116/><V84/><F106/><W29/><G133/><T121/><D74/><U135/><E38/><V60/><F125/><W1/><G33/><T78/><D121/><U50/><E135/><V123/><F134/><W127/><G127/><T109/><D109/><U130/><E108/><V19/><F123/><W54/><G90/><T132/><D132/><U2/><E122/><V76/><F41/><W77/><G77/><T14/><D119/><U61/><E28/><V120/><F120/><W91/><G91/><T5/><D78/><U73/><E73/><V48/><F48/><N who="1" m="18473" /><E95/><V113/><F113/><W94/><G18/><T32/><D44/><U8/><E8/><V103/><F26/><W23/><G23/><T68/><D68/><U126/><E2/><V22/><F6/><W81/><G7/><T83/><D53/><U34/><E34/><V96/><F96/><W117/><G1/><T69/><D69/><U67/><E126/><V39/><F39/><W79/><G117/><T115/><D115/><U40/><E40/><V21/><F11/><W46/><G36/><T107/><D107/><U128/><AGARI ba="3,0" hai="61,62,63,64,66,67,80,82,128,129,130" m="18473" machi="128" ten="40,8000,1" yaku="29,2,28,2,19,1" doraHai="97" who="1" fromWho="1" sc="230,-23,270,89,382,-43,118,-23" /><INIT seed="3,0,0,1,0,78" ten="207,359,339,95" oya="3" hai0="14,64,5,41,48,122,90,77,83,42,68,87,18" hai1="81,91,118,54,13,93,38,102,79,121,109,84,104" hai2="12,6,7,61,128,63,80,82,65,76,17,51,23" hai3="43,133,0,31,20,19,32,86,73,132,99,131,112"/><W21/><G73/><T114/><D122/><U35/><E121/><V62/><F65/><W108/><G43/><T26/><D114/><U129/><E35/><V116/><F128/><W70/><G70/><T105/><D105/><U22/><E38/><V34/><F34/><W56/><G56/><T134/><D134/><N who="3" m="51817" /><G99/><T100/><D100/><U89/><E129/><V115/><F116/><W97/><G97/><T39/><D39/><U55/><E109/><V94/><F94/><W53/><G53/><N who="1" m="19978" /><E104/><V120/><F115/><W50/><G50/><T10/><D64/><U46/><E46/><V95/><F120/><W60/><G60/><T66/><D66/><U8/><E22/><N who="3" m="8810" /><G112/><T72/><D68/><U59/><E118/><V101/><F51/><W124/><G131/><T67/><D67/><U47/><E59/><V52/><F52/><W33/><G0/><T3/><D48/><U25/><E47/><V9/><F76/><W44/><G44/><T69/><D69/><U30/><E102/><V57/><F57/><W58/><G58/><T125/><D42/><U107/><E107/><V37/><F37/><W88/><G31/><T15/><D41/><U103/><E103/><V119/><F119/><W135/><G135/><T36/><D36/><U24/><E30/><V96/><F82/><N who="3" m="49239" /><G124/><T113/><D125/><U45/><E45/><V106/><F106/><W28/><G28/><T29/><D29/><U127/><E127/><V74/><F74/><W1/><G1/><T126/><D126/><U111/><E84/><V71/><F71/><W27/><G108/><T75/><D113/><RYUUKYOKU ba="0,0" sc="207,-10,359,-10,339,-10,95,30" hai3="19,27,32,33" /><INIT seed="3,1,0,1,0,129" ten="197,349,329,125" oya="3" hai0="71,12,82,84,69,132,131,112,38,102,117,46,109" hai1="58,76,119,2,98,63,59,11,100,66,96,120,7" hai2="36,127,88,101,32,134,85,64,70,126,39,68,35" hai3="81,14,34,23,40,28,99,67,45,104,22,29,125"/><W55/><G125/><N who="2" m="47625" /><F101/><W114/><G114/><T5/><D102/><U92/><E120/><V13/><F134/><W89/><G67/><T135/><D117/><U90/><E119/><V75/><F75/><W21/><G55/><T15/><D109/><U17/><E76/><V79/><F79/><W74/><G74/><T61/><D131/><U121/><E121/><V42/><F13/><N who="0" m="5194" /><D5/><U27/><E27/><V83/><F42/><W24/><G29/><T1/><D1/><U123/><E123/><V60/><F68/><W52/><G104/><T87/><D61/><U37/><E37/><AGARI ba="1,0" hai="32,35,36,37,39,60,64,70,83,85,88" m="47625" machi="37" ten="30,2000,0" yaku="18,1,54,1" doraHai="129" who="2" fromWho="1" sc="197,0,349,-23,329,23,125,0" /><INIT seed="4,0,0,4,4,68" ten="197,326,352,125" oya="0" hai0="63,73,8,111,56,17,81,48,69,129,51,127,115" hai1="126,57,83,134,49,29,92,133,120,38,47,104,52" hai2="132,70,107,53,42,89,88,76,12,101,117,121,35" hai3="113,75,6,122,125,65,46,55,128,30,131,96,18"/><T98/><D115/><U16/><E120/><V118/><F35/><W23/><G75/><T85/><D73/><U62/><E104/><V26/><F70/><W32/><G113/><T59/><D129/><U9/><E29/><V105/><F26/><W119/><G119/><T44/><D127/><U2/><E126/><V27/><F27/><W13/><G125/><T41/><D111/><U116/><E116/><V87/><F42/><W71/><G122/><T21/><D8/><U28/><E28/><V123/><F53/><W15/><G30/><T14/><D98/><U43/><E92/><V31/><F12/><W45/><G32/><T94/><D94/><U36/><E83/><V130/><F31/><W100/><G65/><T77/><D69/><U54/><E54/><V0/><F0/><W34/><G71/><T64/><REACH who="0" step="1"/><D59/><REACH who="0" ten="187,326,352,125" step="2"/><U80/><E80/><V135/><F130/><W97/><G34/><T86/><D86/><U11/><E11/><V25/><F87/><W103/><G131/><T74/><D74/><U102/><E2/><V84/><F84/><W22/><G128/><T82/><D82/><U19/><E9/><V99/><F99/><W90/><G97/><T58/><D58/><U114/><E114/><V37/><F118/><W67/><G96/><T61/><D61/><U106/><E106/><V33/><F117/><W66/><G103/><T7/><D7/><U60/><E102/><V50/><F101/><W124/><G100/><T39/><AGARI ba="0,1" hai="14,17,21,39,41,44,48,51,56,63,64,77,81,85" machi="39" ten="20,7800,0" yaku="1,1,0,1,7,1,52,1,53,0" doraHai="68" doraHaiUra="5" who="0" fromWho="0" sc="187,88,326,-26,352,-26,125,-26" /><INIT seed="4,1,0,4,0,68" ten="275,300,326,99" oya="0" hai0="107,32,16,122,22,105,120,2,86,82,119,79,39" hai1="95,30,34,25,98,106,53,73,72,129,127,87,27" hai2="63,109,8,28,103,6,36,113,26,37,111,43,11" hai3="84,12,47,89,115,116,93,41,57,81,51,121,35"/><T96/><D119/><U56/><E127/><V54/><F11/><W100/><G35/><T45/><D32/><U110/><E110/><V13/><F103/><W91/><G116/><T55/><D2/><U104/><E129/><V0/><F13/><W44/><G121/><T31/><D31/><U40/><E40/><V4/><F4/><W18/><G100/><T102/><D107/><U108/><E108/><N who="2" m="41547" /><F54/><W1/><G1/><T33/><D33/><U131/><E131/><V19/><F19/><W64/><G115/><T46/><D46/><U114/><E114/><V117/><F117/><W21/><G47/><T24/><REACH who="0" step="1"/><D55/><REACH who="0" ten="265,300,326,99" step="2"/><U101/><E104/><V124/><F113/><W80/><REACH who="3" step="1"/><G91/><REACH who="3" ten="265,300,326,89" step="2"/><T125/><D125/><U3/><E3/><V77/><F124/><W133/><G133/><T71/><D71/><U9/><E34/><V66/><F0/><W69/><G69/><T17/><D17/><U10/><E101/><V49/><F28/><W5/><G5/><T7/><D7/><U128/><E30/><V62/><F6/><W20/><G20/><T61/><D61/><AGARI ba="1,2" hai="12,18,21,41,44,51,57,61,64,80,81,84,89,93" machi="61" ten="40,2600,0" yaku="1,1,8,1,53,0" doraHai="68" doraHaiUra="94" who="3" fromWho="0" sc="265,-29,300,0,326,0,89,49" /><INIT seed="5,0,0,0,1,13" ten="236,300,326,138" oya="1" hai0="51,25,33,121,14,98,70,130,41,30,5,100,74" hai1="21,132,24,46,53,108,84,90,111,122,134,57,123" hai2="112,96,72,73,133,107,50,45,16,61,128,105,129" hai3="18,42,67,117,91,65,114,34,126,116,82,8,103"/><U127/><E127/><V69/><F133/><N who="1" m="51305" /><E84/><V36/><F36/><W124/><G34/><T15/><D74/><N who="2" m="28778" /><F96/><W31/><G31/><T118/><D118/><N who="3" m="45673" /><G103/><T54/><D130/><N who="2" m="50282" /><F112/><W63/><G114/><T26/><D41/><U48/><E90/><V104/><F16/><W58/><G42/><T115/><D98/><U120/><E21/><V101/><F101/><W37/><G37/><T109/><D100/><U97/><E97/><V75/><F75/><W79/><G91/><T23/><D33/><U38/><E24/><V89/><F89/><W3/><G67/><T1/><D115/><U87/><E87/><V52/><F104/><W32/><G32/><T135/><D135/><U80/><E80/><V64/><AGARI ba="0,0" hai="45,50,52,61,64,69,105,107" m="50282,28778" machi="64" ten="40,2700,0" yaku="19,1,54,1" doraHai="13" who="2" fromWho="2" sc="236,-7,300,-13,326,27,138,-7" /><INIT seed="6,0,0,3,4,67" ten="229,287,353,131" oya="2" hai0="99,69,87,3,96,68,11,89,29,25,35,100,101" hai1="102,106,78,132,110,54,61,76,119,50,41,0,118" hai2="58,130,17,66,37,79,127,93,128,15,73,1,125" hai3="59,92,98,2,88,63,108,19,33,38,97,20,28"/><V90/><F1/><W115/><G108/><T81/><D3/><U21/><E0/><V74/><F37/><W10/><G38/><T86/><D11/><U83/><E76/><V82/><F73/><W109/><G109/><T8/><D8/><U104/><E132/><V4/><F4/><W62/><G115/><T16/><D16/><U135/><E135/><V9/><F58/><W45/><G45/><T103/><D87/><U53/><E21/><V18/><F18/><W112/><G112/><T85/><D85/><U7/><E7/><V121/><F66/><W64/><G10/><T52/><D52/><U133/><E54/><V13/><F13/><W51/><G2/><T124/><D124/><N who="2" m="47690" /><F121/><W22/><G51/><T123/><D123/><U34/><E50/><V26/><F26/><W120/><G120/><T126/><D126/><U40/><E61/><V80/><F80/><W114/><G114/><T32/><REACH who="0" step="1"/><D35/><REACH who="0" ten="219,287,353,131" step="2"/><U113/><E34/><V55/><F55/><W65/><G19/><T49/><D49/><U48/><E53/><V91/><F91/><W12/><G12/><T47/><D47/><U44/><E44/><V43/><F43/><W14/><G14/><T84/><D84/><AGARI ba="0,1" hai="9,15,17,74,79,82,84,90,93,128,130" m="47690" machi="84" ten="30,1500,0" yaku="18,1" doraHai="67" who="2" fromWho="0" sc="219,-15,287,0,353,25,131,0" /><INIT seed="6,1,0,5,0,107" ten="204,287,378,131" oya="2" hai0="51,75,119,128,108,23,32,39,120,116,112,104,81" hai1="105,63,98,41,130,19,127,14,44,5,90,47,96" hai2="111,76,56,55,109,113,62,80,1,48,58,106,45" hai3="17,77,93,122,70,102,29,52,95,40,15,37,3"/><V125/><F106/><W61/><G122/><T94/><D23/><U72/><E105/><V64/><F1/><W31/><G3/><T11/><D51/><U33/><E33/><V79/><F79/><W99/><G70/><T8/><D94/><U43/><E5/><V100/><F100/><W135/><G135/><T129/><D81/><U35/><E35/><V92/><F92/><W38/><G40/><T10/><D10/><U117/><E117/><V103/><F103/><W78/><G38/><T36/><D120/><U42/><E127/><V12/><F12/><W87/><G37/><T74/><D104/><U7/><E7/><V97/><F97/><W110/><G110/><N who="2" m="41993" /><F125/><W28/><G93/><T50/><D108/><U27/><E27/><V53/><F113/><W123/><G87/><T25/><D112/><U91/><E14/><V67/><F58/><W85/><G85/><AGARI ba="1,0" hai="45,48,53,55,56,62,64,67,76,80,85" m="41993" machi="85" ten="30,1500,0" yaku="10,1" doraHai="107" who="2" fromWho="3" sc="204,0,287,0,378,18,131,-18" /><INIT seed="6,2,0,2,5,69" ten="204,287,396,113" oya="2" hai0="89,78,83,123,41,133,119,90,5,102,110,97,35" hai1="51,96,25,28,56,49,27,104,31,43,66,26,44" hai2="42,128,77,7,111,76,79,33,2,55,134,81,122" hai3="13,47,34,117,92,112,11,99,85,93,113,103,114"/><V124/><F33/><W14/><G117/><T3/><D35/><U0/><E0/><V46/><F122/><W84/><G34/><T22/><D110/><U52/><E104/><V53/><F111/><W129/><G129/><T67/><D123/><U4/><E4/><V54/><F128/><W61/><G61/><T131/><D133/><U107/><E107/><V87/><F134/><W118/><G118/><T15/><D3/><U100/><E66/><V50/><F124/><W1/><G1/><T82/><D67/><U9/><E9/><V72/><F72/><W59/><G59/><T32/><D32/><U62/><E51/><V127/><F127/><W63/><G63/><T135/><D83/><U6/><E6/><V88/><F2/><W125/><G125/><T64/><D64/><U16/><E16/><V108/><F108/><W95/><G47/><T94/><D119/><U45/><E45/><V36/><REACH who="2" step="1"/><F7/><REACH who="2" ten="204,287,386,113" step="2"/><W116/><G116/><T12/><D5/><U120/><E120/><V71/><F71/><W17/><REACH who="3" step="1"/><G14/><REACH who="3" ten="204,287,386,103" step="2"/><T86/><D12/><U105/><AGARI ba="2,2" hai="25,26,27,28,31,43,44,49,52,56,62,96,100,105" machi="105" ten="30,2000,0" yaku="0,1,54,1" doraHai="69" who="1" fromWho="1" sc="204,-7,287,46,386,-12,103,-7" /><INIT seed="7,0,0,0,3,80" ten="197,333,374,96" oya="3" hai0="59,50,75,61,14,107,88,44,103,36,86,46,114" hai1="53,100,22,117,62,91,6,39,15,76,3,71,4" hai2="37,108,78,119,42,16,60,45,87,9,120,116,74" hai3="95,93,30,2,11,83,27,1,54,104,84,19,90"/><W40/><G104/><T77/><D36/><U92/><E39/><V67/><F108/><W132/><G132/><T24/><D24/><U124/><E3/><V56/><F120/><W10/><G40/><T96/><D14/><U98/><E124/><V122/><F122/><W121/><G121/><T17/><D17/><U73/><E73/><V47/><F74/><W99/><G95/><N who="0" m="54679" /><D50/><U12/><E76/><V127/><F127/><W66/><G66/><N who="0" m="39231" /><D114/><U8/><E15/><V112/><F112/><W128/><G128/><T68/><D68/><U115/><E12/><V35/><F35/><W126/><G126/><T0/><D0/><U33/><E6/><V133/><F16/><W97/><G19/><T43/><D43/><U18/><E33/><V134/><F42/><W109/><G109/><T58/><D58/><U32/><E32/><V69/><F69/><W65/><G65/><T63/><D63/><U38/><E62/><V106/><F106/><W113/><G113/><T21/><D21/><U94/><E22/><V23/><F23/><N who="3" m="15743" /><G2/><T29/><D29/><U49/><E18/><V125/><F125/><W135/><G1/><T118/><D118/><U82/><E117/><V72/><F72/><W52/><G135/><N who="2" m="51721" /><F37/><W31/><G31/><T25/><D25/><U34/><E49/><V57/><F57/><W70/><G70/><T26/><D26/><U41/><E4/><V110/><F110/><W13/><G99/><T101/><D101/><U28/><E71/><V51/><F119/><W130/><G130/><T55/><D55/><N who="3" m="21033" /><G13/><T85/><D75/><U64/><E115/><RYUUKYOKU ba="0,0" sc="197,15,333,-15,374,-15,96,15" hai0="44,46,77,85,96,103,107" hai3="10,11,83,84,90,93,97" /><INIT seed="7,1,0,1,3,122" ten="212,318,359,111" oya="3" hai0="90,125,128,22,76,1,79,24,6,15,50,121,126" hai1="25,97,11,109,93,36,27,77,21,94,98,108,119" hai2="55,115,96,8,13,53,41,48,38,32,83,118,131" hai3="106,86,44,0,95,23,110,18,114,52,75,85,104"/><W99/><G114/><T112/><D1/><U73/><E36/><V107/><F32/><W30/><G75/><T92/><D121/><U57/><E11/><V72/><F38/><W63/><G30/><N who="0" m="17687" /><D128/><U88/><E119/><V111/><F111/><W43/><G0/><T135/><D135/><U40/><E40/><V102/><F115/><W17/><G110/><T59/><D112/><U116/><E116/><V19/><F131/><W56/><G106/><T65/><D15/><U69/><E69/><V91/><F118/><W42/><G104/><T124/><D6/><U127/><E127/><V29/><F29/><W51/><G43/><T26/><D26/><U64/><E27/><V33/><F33/><W87/><REACH who="3" step="1"/><G23/><REACH who="3" ten="212,318,359,101" step="2"/><T45/><D125/><U100/><E73/><V34/><F34/><W14/><G14/><T113/><D126/><U37/><E21/><V123/><F72/><W89/><AGARI ba="1,1" hai="17,18,42,44,51,52,56,63,85,86,87,89,95,99" machi="89" ten="30,11700,0" yaku="1,1,0,1,8,1,54,1,53,0" doraHai="122" doraHaiUra="130" who="3" fromWho="3" sc="212,-40,318,-40,359,-40,101,130" /><INIT seed="7,2,0,5,1,92" ten="172,278,319,231" oya="3" hai0="112,58,117,115,20,121,111,14,24,74,129,69,16" hai1="130,18,27,62,122,67,30,25,40,114,95,21,17" hai2="134,2,23,131,31,89,119,57,53,8,127,4,50" hai3="71,32,51,123,73,49,33,102,128,1,103,5,68"/><W72/><G5/><T26/><D69/><U82/><E122/><V36/><F36/><W10/><G10/><N who="0" m="6231" /><D74/><U19/><E114/><N who="0" m="43561" /><D121/><U65/><E130/><V126/><F131/><W94/><G128/><T105/><D129/><U54/><E40/><V41/><F41/><W48/><G1/><T85/><D105/><U29/><E82/><V87/><F134/><W15/><G71/><T90/><D111/><U44/><E95/><V34/><F34/><W98/><G68/><T78/><D117/><U52/><E44/><V11/><F11/><W125/><G73/><T3/><D3/><U124/><E124/><V77/><F119/><W61/><G125/><T43/><D43/><U106/><E106/><V79/><F127/><W56/><G72/><T120/><D120/><U91/><E91/><V42/><F42/><W64/><G103/><T118/><D118/><U22/><E65/><V28/><F126/><W75/><G75/><T9/><D78/><U76/><E76/><V38/><F38/><W55/><G123/><T96/><D9/><U86/><E25/><N who="0" m="9833" /><D20/><U35/><E22/><V46/><F23/><W6/><G15/><T12/><D12/><U83/><E21/><V39/><F39/><W84/><G33/><T66/><D96/><U100/><E35/><V7/><F77/><W60/><G32/><T109/><D109/><U63/><E27/><V107/><F79/><W93/><G98/><T37/><D37/><U135/><E29/><V133/><F31/><W0/><G0/><T108/><D108/><U47/><E30/><V104/><F28/><W99/><G99/><RYUUKYOKU ba="2,0" sc="172,0,278,0,319,0,231,0" owari="172,-33.0,278,8.0,319,42.0,231,-17.0" /></mjloggm>