<mjloggm ver="2.3"><GO type="169" lobby="0"/><UN n0="%E3%81%82%E3%81%84%E3%81%A0%E3%81%A6" n1="%E3%82%A6%E3%83%AB%E3%83%88%E3%83%A9%E7%AB%8B%E7%9B%B4" n2="%58%E7%8C%AB" n3="%E3%83%AF%E3%82%A4%E5%B0%86" dan="16,18,16,16" rate="2098.80,2239.50,2080.95,2103.06" sx="M,M,M,M"/><TAIKYOKU oya="0"/><INIT seed="0,0,0,4,4,72" ten="250,250,250,250" oya="0" hai0="46,70,111,32,20,97,34,120,106,94,110,126,23" hai1="55,53,44,36,30,58,8,24,86,107,54,31,118" hai2="75,78,128,122,88,43,98,103,129,73,71,63,21" hai3="132,12,9,28,42,47,52,4,92,27,64,68,35"/><T50/><D120/><U112/><E107/><N who="2" m="63991" /><F43/><W135/><G92/><T87/><D70/><U57/><E118/><V18/><F122/><W77/><G77/><T80/><D106/><U61/><E112/><V99/><F21/><W65/><G52/><N who="0" m="29783" /><D20/><U60/><E8/><V11/><F18/><W33/><G33/><T2/><D2/><U83/><E24/><V133/><F11/><W5/><G5/><T101/><D23/><U81/><E81/><N who="2" m="45263" /><F75/><W96/><G96/><T56/><D56/><U15/><E15/><V109/><F109/><N who="0" m="41482" /><D126/><U22/><E22/><V134/><F71/><W40/><G40/><T13/><D13/><U45/><E55/><V69/><F69/><W91/><G68/><T124/><D124/><U51/><E54/><V3/><F3/><W90/><G65/><T79/><AGARI ba="0,0" hai="32,34,79,80,87,94,97,101" m="41482,29783" machi="79" ten="30,11700,0" yaku="14,1,10,1,52,1,54,1" doraHai="72" who="0" fromWho="0" sc="250,117,250,-39,250,-39,250,-39" /><INIT seed="0,1,0,5,1,112" ten="367,211,211,211" oya="0" hai0="44,59,120,56,20,113,23,3,25,134,109,21,53" hai1="91,70,108,61,76,135,71,83,100,6,88,50,94" hai2="122,115,32,2,0,126,96,75,15,58,80,27,14" hai3="103,99,24,19,63,81,13,16,86,131,110,62,74"/><T57/><D113/><U52/><E108/><V7/><F115/><W51/><G110/><T4/><D120/><U102/><E135/><V37/><F122/><W107/><G74/><T127/><D134/><U10/><E102/><V65/><F37/><W12/><G131/><T121/><D121/><U125/><E125/><V64/><F126/><W18/><G24/><T114/><D114/><U35/><E35/><V82/><F96/><W85/><G51/><T31/><D109/><U111/><E100/><V38/><F38/><W128/><G128/><T30/><D127/><U97/><E91/><V68/><F68/><W11/><G85/><T105/><D105/><U29/><E29/><V118/><F7/><W104/><G104/><T123/><D123/><U89/><E89/><V92/><F92/><W41/><G41/><T78/><D78/><U73/><E61/><V132/><F132/><W9/><REACH who="3" step="1"/><G19/><REACH who="3" ten="367,211,211,201" step="2"/><T5/><D25/><U1/><REACH who="1" step="1"/><E111/><REACH who="1" ten="367,201,211,201" step="2"/><V116/><F27/><W42/><G42/><T106/><D30/><U117/><E117/><V130/><F130/><W54/><G54/><T84/><D31/><U45/><AGARI ba="1,2" hai="1,6,10,45,50,52,70,71,73,76,83,88,94,97" machi="45" ten="20,8000,1" yaku="1,1,0,1,7,1,54,2,53,0" doraHai="112" doraHaiUra="39" who="1" fromWho="1" sc="367,-41,201,103,211,-21,201,-21" /><INIT seed="1,0,0,3,5,4" ten="326,304,190,180" oya="1" hai0="94,10,38,88,79,76,39,66,102,106,45,13,130" hai1="29,7,11,54,17,42,2,84,134,53,124,63,95" hai2="129,64,135,8,107,28,120,93,21,90,55,0,69" hai3="122,5,105,9,81,80,58,117,41,74,56,92,103"/><U15/><E124/><V51/><F120/><W61/><G122/><T127/><D130/><U23/><E134/><V112/><F107/><W71/><G105/><T50/><D127/><U27/><E42/><V59/><F129/><W26/><G117/><T97/><D66/><U101/><E63/><V86/><F135/><W99/><G71/><T35/><D35/><U33/><REACH who="1" step="1"/><E84/><REACH who="1" ten="326,294,190,180" step="2"/><V6/><F112/><W87/><G61/><T22/><D38/><U3/><E3/><V25/><REACH who="2" step="1"/><F64/><REACH who="2" ten="326,294,180,180" step="2"/><W128/><G128/><T34/><D39/><U100/><E100/><V119/><F119/><W133/><G103/><T37/><D37/><U1/><E1/><V16/><F16/><W91/><G133/><T36/><D36/><U43/><E43/><V52/><F52/><W110/><G41/><T70/><D102/><U132/><E132/><V125/><F125/><W67/><G67/><T82/><D70/><AGARI ba="0,2" hai="0,6,8,21,25,28,51,55,59,69,70,86,90,93" machi="70" ten="40,2600,0" yaku="1,1,52,1,53,0" doraHai="4" doraHaiUra="77" who="2" fromWho="0" sc="326,-26,294,0,180,46,180,0" /><INIT seed="2,0,0,4,1,31" ten="300,294,226,180" oya="2" hai0="120,18,8,2,89,121,36,115,84,85,27,51,107" hai1="26,49,122,13,76,77,112,45,15,90,131,109,83" hai2="111,134,86,113,110,7,118,104,22,19,39,69,43" hai3="55,54,114,3,130,16,44,106,92,34,63,29,30"/><V129/><F118/><W11/><G106/><T119/><D36/><U98/><E112/><V9/><F113/><W60/><G114/><T17/><D107/><U127/><E109/><N who="2" m="41483" /><F104/><W123/><G123/><T52/><D119/><U0/><E0/><N who="2" m="231" /><F69/><W37/><G130/><T78/><D115/><U81/><E122/><V95/><F129/><W56/><G3/><T116/><D2/><U135/><E131/><V4/><F134/><W79/><G37/><T71/><D71/><U80/><E135/><V101/><F4/><W105/><G105/><T42/><D42/><U33/><E127/><V21/><F19/><W66/><G16/><T25/><D17/><U10/><E77/><V125/><F125/><W46/><G11/><T14/><D116/><U32/><E76/><V67/><F67/><W20/><G79/><T74/><D74/><U48/><E10/><V70/><F70/><W58/><G66/><T96/><D78/><U99/><E81/><V75/><F75/><W73/><G73/><T65/><D65/><U41/><E41/><V133/><F133/><W94/><G20/><T35/><D18/><U102/><E83/><V124/><F124/><W132/><REACH who="3" step="1"/><G132/><REACH who="3" ten="300,294,226,170" step="2"/><T91/><D8/><U62/><E13/><V117/><F117/><W12/><G12/><T40/><D14/><U100/><E15/><V88/><F101/><W5/><G5/><T6/><D6/><U93/><E102/><V68/><F68/><W23/><G23/><T128/><D120/><U87/><E100/><V53/><F53/><W57/><G57/><N who="0" m="32927" /><D121/><U103/><E103/><V38/><F38/><RYUUKYOKU ba="0,1" sc="300,-15,294,-15,226,15,170,15" hai2="21,22,39,43,86,88,95" hai3="29,30,34,44,46,54,55,56,58,60,63,92,94" /><INIT seed="2,1,1,3,0,64" ten="285,279,241,185" oya="2" hai0="61,19,2,3,20,1,72,8,85,70,84,111,60" hai1="13,75,77,131,37,25,44,28,23,122,99,78,52" hai2="129,41,92,132,39,100,74,91,26,68,101,81,21" hai3="16,7,87,34,71,59,54,33,127,12,88,42,116"/><V0/><F0/><W95/><G116/><T49/><D72/><U98/><E131/><V67/><F129/><W30/><G127/><T14/><D111/><U69/><E69/><V135/><F41/><W4/><G42/><T45/><D8/><U11/><E122/><V63/><F39/><W134/><G134/><N who="2" m="51241" /><F81/><W47/><G47/><T124/><D124/><U6/><E37/><V125/><F74/><W10/><G71/><T96/><D96/><N who="1" m="36907" /><E75/><V104/><F104/><W57/><G57/><T126/><D126/><U46/><E46/><V117/><F117/><W121/><G121/><T86/><REACH who="0" step="1"/><D70/><REACH who="0" ten="275,279,241,185" step="2"/><U93/><E93/><V27/><F125/><W58/><G58/><T94/><D94/><U73/><E73/><V17/><F27/><W113/><G113/><T40/><AGARI ba="1,2" hai="1,2,3,14,19,20,40,45,49,60,61,84,85,86" machi="40" ten="40,2700,0" yaku="1,1,0,1,53,0" doraHai="64" doraHaiUra="97" who="0" fromWho="0" sc="275,50,279,-8,241,-14,185,-8" /><INIT seed="3,0,0,5,3,33" ten="325,271,227,177" oya="3" hai0="11,38,124,21,104,133,4,53,27,86,122,49,107" hai1="111,96,3,79,73,18,5,70,91,66,108,72,105" hai2="26,54,31,109,106,1,2,102,82,17,75,119,58" hai3="78,98,116,71,51,85,61,131,59,112,45,97,16"/><W37/><G116/><T67/><D122/><U63/><E18/><V128/><F119/><W34/><G112/><T28/><D38/><U19/><E19/><V25/><F128/><W103/><G34/><T93/><D124/><U90/><E90/><V121/><F121/><W62/><G131/><T129/><D67/><U92/><E105/><V113/><F113/><W94/><G37/><T22/><D22/><U126/><E126/><V120/><F120/><W29/><G29/><T0/><D133/><U20/><E20/><V88/><F75/><W47/><G71/><T48/><D48/><U24/><E24/><V114/><F17/><W76/><G45/><T32/><D32/><U125/><E125/><V80/><F114/><W134/><G134/><T9/><D9/><N who="1" m="2239" /><E79/><V56/><F106/><W55/><G62/><T101/><D129/><U15/><E15/><V57/><F102/><W77/><G97/><T14/><D14/><U13/><E13/><V35/><F57/><W130/><G130/><T10/><D10/><U135/><E135/><V89/><F35/><W7/><G7/><T50/><D50/><U83/><E83/><V87/><F87/><W84/><REACH who="3" step="1"/><G16/><REACH who="3" ten="325,271,227,167" step="2"/><T68/><D68/><U100/><E100/><V132/><F132/><W81/><G81/><T41/><D101/><U115/><E115/><V69/><F69/><W99/><G99/><T39/><D28/><U46/><E46/><V42/><F31/><W64/><AGARI ba="0,1" hai="47,51,55,59,61,64,76,77,78,84,85,94,98,103" machi="64" ten="30,6000,0" yaku="1,1,0,1,8,1,53,0" doraHai="33" doraHaiUra="12" who="3" fromWho="3" sc="325,-20,271,-20,227,-20,167,70" /><INIT seed="3,1,0,1,0,81" ten="305,251,207,237" oya="3" hai0="32,114,1,101,132,36,74,71,134,18,51,128,57" hai1="28,130,103,72,30,122,87,35,6,31,40,120,75" hai2="96,118,15,4,70,55,44,59,135,86,46,90,45" hai3="106,94,92,41,5,64,73,104,77,42,13,37,113"/><W105/><G113/><T62/><D74/><U123/><E35/><V14/><F118/><W8/><G64/><N who="0" m="41367" /><D1/><U33/><E33/><V117/><F117/><W11/><G77/><T26/><D36/><U68/><E68/><V65/><F135/><N who="0" m="51754" /><D101/><U38/><E103/><V97/><F70/><W109/><G73/><T88/><D88/><U52/><E6/><V16/><F65/><W84/><G109/><T9/><D9/><U3/><E3/><V61/><F4/><W22/><G37/><T7/><D7/><U17/><E75/><V85/><F14/><W48/><G11/><T60/><D51/><U49/><E72/><V129/><F129/><W78/><G22/><T63/><D18/><U127/><E17/><V82/><F86/><W21/><G21/><AGARI ba="1,0" hai="15,16,21,44,45,46,55,59,61,82,85,90,96,97" machi="21" ten="40,5200,0" yaku="8,1,52,1,54,1" doraHai="81" who="2" fromWho="3" sc="305,0,251,0,207,55,237,-55" /><INIT seed="4,0,0,1,1,129" ten="305,251,262,182" oya="0" hai0="21,91,86,111,67,94,45,115,5,36,120,66,65" hai1="117,89,43,108,27,90,85,1,37,31,39,83,50" hai2="35,24,23,81,34,98,119,58,104,48,13,54,6" hai3="97,7,109,51,47,12,88,42,126,46,19,70,134"/><T99/><D111/><U3/><E108/><V112/><F112/><W128/><G109/><T41/><D115/><U121/><E117/><V82/><F119/><W60/><G128/><T55/><D120/><U68/><E68/><V40/><F35/><W28/><G126/><T62/><D5/><U105/><E105/><V72/><F34/><W53/><G28/><T75/><D75/><U135/><E121/><V38/><F38/><W14/><G7/><T103/><D21/><U0/><E90/><V29/><F40/><W132/><G70/><T17/><D17/><U80/><E80/><V71/><F71/><W79/><G79/><T8/><D8/><U125/><E125/><V44/><F58/><N who="3" m="34895" /><G19/><T26/><D26/><U124/><E124/><V10/><F72/><W100/><G88/><T110/><D110/><U92/><E83/><N who="2" m="31755" /><F104/><W77/><G47/><T122/><D122/><U131/><E131/><V73/><F73/><W2/><G77/><T118/><D118/><U11/><E89/><V123/><F123/><W106/><G2/><T59/><REACH who="0" step="1"/><D103/><REACH who="0" ten="295,251,262,182" step="2"/><U61/><E0/><V87/><F6/><W49/><G12/><T74/><D74/><U30/><E1/><V116/><F13/><W18/><G14/><T102/><D102/><U78/><E3/><V4/><F116/><W133/><G18/><T25/><D25/><U76/><E27/><V56/><F4/><W9/><G9/><T130/><D130/><U22/><E11/><V101/><F10/><W16/><G16/><T52/><D52/><U63/><E22/><V96/><F101/><W15/><G15/><RYUUKYOKU ba="0,1" sc="295,15,251,-15,262,-15,182,15" hai0="36,41,45,55,59,62,65,66,67,86,91,94,99" hai3="42,46,49,51,97,100,106,132,133,134" /><INIT seed="4,1,1,0,1,104" ten="310,236,247,197" oya="0" hai0="5,16,135,92,76,81,41,94,56,73,10,67,26" hai1="39,112,106,107,1,19,100,51,134,77,71,49,129" hai2="3,2,42,120,88,66,54,98,40,12,62,52,80" hai3="122,50,48,17,7,125,9,130,23,34,83,38,68"/><T116/><D135/><U37/><E1/><V15/><F120/><W119/><G119/><T72/><D116/><U33/><E33/><V64/><F98/><W101/><G34/><T21/><D41/><U102/><E19/><V75/><F62/><W96/><G38/><T99/><D67/><U69/><E77/><V29/><F80/><W121/><G68/><T126/><D126/><U85/><E85/><V45/><F45/><W117/><G117/><T44/><D44/><U25/><E25/><V127/><F29/><W131/><G125/><T59/><D73/><U105/><E105/><V28/><F28/><W53/><G83/><T65/><D65/><U22/><E22/><V132/><F132/><W57/><G50/><T47/><D47/><U14/><E14/><V32/><F32/><W109/><G109/><T86/><D86/><U82/><E82/><V91/><F75/><W6/><G23/><T110/><D110/><U114/><REACH who="1" step="1"/><E129/><REACH who="1" ten="310,226,247,197" step="2"/><N who="3" m="49162" /><G17/><T103/><D94/><U61/><E61/><V79/><F127/><W58/><G7/><T118/><D118/><U128/><E128/><V20/><F20/><W18/><G18/><T93/><D92/><U123/><E123/><V90/><F90/><W27/><G27/><T97/><D99/><U74/><E74/><V8/><F8/><W70/><G9/><T13/><AGARI ba="1,2" hai="5,10,13,16,21,26,56,59,72,76,81,93,97,103" machi="13" ten="20,7800,0" yaku="0,1,7,1,52,1,54,1" doraHai="104" who="0" fromWho="0" sc="310,101,226,-27,247,-27,197,-27" /><INIT seed="4,2,0,5,4,42" ten="411,199,220,170" oya="0" hai0="81,43,95,63,0,72,82,1,37,60,69,6,90" hai1="19,51,18,23,104,65,86,7,127,103,14,66,47" hai2="102,77,117,53,131,44,88,67,50,33,68,83,89" hai3="4,59,96,52,128,55,111,125,107,41,35,132,30"/><T64/><D63/><U93/><E127/><V49/><F131/><W122/><G111/><T73/><D81/><U57/><E104/><V46/><F33/><W108/><G108/><T12/><D12/><U87/><E7/><V80/><F117/><W106/><G125/><T31/><D31/><U48/><E48/><V100/><F68/><W45/><G132/><T135/><D135/><U28/><E28/><V40/><F67/><N who="1" m="25609" /><E57/><V25/><F25/><W54/><G128/><T84/><D6/><U85/><E19/><V15/><F15/><W29/><G122/><T16/><D16/><U71/><E71/><V39/><F39/><W8/><G59/><T130/><D130/><U61/><E61/><V10/><F10/><W91/><G91/><N who="2" m="34889" /><F77/><W118/><G118/><T99/><D72/><U5/><E5/><V116/><F116/><W9/><G9/><T134/><D73/><U11/><E11/><V120/><F120/><W109/><G109/><T124/><D134/><U110/><E110/><V27/><F27/><W115/><G35/><T58/><D69/><U114/><E114/><V36/><F36/><N who="3" m="21671" /><G115/><T62/><D62/><U24/><E24/><V112/><F112/><W76/><G76/><T121/><D121/><U123/><E123/><V32/><F32/><W133/><G133/><T21/><D21/><U101/><E93/><V78/><F78/><W38/><G38/><T17/><D124/><U13/><E13/><V3/><F3/><N who="3" m="31" /><G107/><T92/><D37/><U2/><E2/><V20/><F20/><W74/><G74/><T70/><D0/><U22/><E22/><RYUUKYOKU ba="2,0" sc="411,-30,199,10,220,10,170,10" hai1="14,18,23,47,51,85,86,87,101,103" hai2="40,44,46,49,50,53,80,83,100,102" hai3="29,30,52,54,55,96,106" /><INIT seed="5,3,0,0,3,38" ten="381,209,230,180" oya="1" hai0="113,5,68,44,29,70,17,66,114,75,8,57,67" hai1="125,121,84,61,12,10,34,25,74,80,1,52,133" hai2="55,120,96,83,73,101,4,94,40,112,129,22,92" hai3="49,122,13,54,108,117,103,90,47,33,78,63,106"/><U124/><E74/><V76/><F120/><W27/><G108/><T0/><D0/><U32/><E1/><V110/><F110/><W28/><G122/><T71/><D71/><U36/><E36/><V87/><F129/><W107/><G117/><T19/><D19/><U93/><E93/><V119/><F119/><W79/><G90/><T130/><D130/><U115/><E121/><V3/><F22/><W16/><G63/><T135/><D135/><U20/><E115/><V58/><F40/><W131/><G131/><T95/><D95/><U45/><E133/><V81/><F112/><N who="0" m="43114" /><D17/><N who="1" m="8343" /><E20/><V41/><F41/><W65/><G65/><N who="0" m="24587" /><D29/><U46/><E25/><V21/><F21/><W64/><G64/><T9/><D44/><U111/><E111/><V31/><F31/><W18/><G18/><T104/><D57/><N who="1" m="34983" /><E46/><V43/><F43/><W127/><G107/><T126/><D8/><U62/><E45/><V6/><F92/><W97/><REACH who="3" step="1"/><G127/><REACH who="3" ten="381,209,230,170" step="2"/><N who="1" m="48714" /><E62/><V2/><F6/><W132/><G132/><T102/><D126/><U50/><E50/><V82/><F4/><W24/><G24/><T91/><D5/><U59/><E84/><V11/><F87/><W15/><G15/><T86/><D86/><U77/><E77/><V48/><F3/><W105/><G105/><T85/><D85/><U116/><E116/><V26/><F26/><W14/><G14/><T128/><D104/><U7/><E7/><N who="2" m="1527" /><F76/><W23/><AGARI ba="3,1" hai="13,16,23,27,28,33,47,49,54,78,79,97,103,106" machi="23" ten="20,8000,1" yaku="1,1,0,1,7,1,54,1,53,1" doraHai="38" doraHaiUra="30" who="3" fromWho="3" sc="381,-23,209,-43,230,-23,170,99" /><INIT seed="6,0,0,1,2,133" ten="358,166,207,269" oya="2" hai0="65,110,81,46,107,103,30,20,17,121,15,135,23" hai1="11,24,127,124,83,105,25,29,80,84,104,85,18" hai2="33,8,94,49,63,91,90,97,75,98,93,86,123" hai3="67,22,72,34,53,130,128,2,106,38,68,50,13"/><V6/><F33/><W117/><G34/><T21/><D135/><U43/><E18/><V26/><F123/><W62/><G2/><T28/><D110/><U64/><E64/><V27/><F75/><W118/><G72/><T101/><D121/><U113/><E11/><V76/><F63/><W7/><G106/><T126/><D126/><N who="1" m="48171" /><E43/><V39/><F39/><W129/><G38/><T96/><D103/><U87/><E113/><V125/><F125/><W111/><G111/><T78/><D46/><U115/><E115/><V95/><F49/><W116/><G7/><T114/><D65/><U100/><E25/><V89/><F76/><W69/><G69/><T3/><D3/><AGARI ba="0,0" hai="3,6,8,26,27,86,89,90,91,93,94,95,97,98" machi="3" ten="30,2900,0" yaku="7,1,9,1" doraHai="133" who="2" fromWho="0" sc="358,-29,166,0,207,29,269,0" /><INIT seed="6,1,0,3,1,72" ten="329,166,236,269" oya="2" hai0="77,34,94,37,35,19,106,115,110,16,89,99,90" hai1="46,2,21,42,103,111,123,52,129,43,128,50,26" hai2="100,51,74,125,33,119,91,86,0,102,31,6,101" hai3="92,135,131,56,57,3,133,85,17,83,45,107,18"/><V95/><F119/><W118/><G107/><T49/><D37/><U44/><E2/><V124/><F74/><W126/><G118/><T114/><D110/><U58/><E103/><V8/><F51/><W82/><G3/><T28/><D77/><U48/><E111/><V65/><F65/><W66/><G131/><N who="1" m="50250" /><E21/><V22/><F33/><W93/><G45/><T113/><D106/><U53/><E26/><V30/><F22/><W40/><G85/><T61/><D61/><N who="1" m="36047" /><E123/><V98/><REACH who="2" step="1"/><F98/><REACH who="2" ten="329,166,226,269" step="2"/><W73/><G73/><T116/><D116/><U81/><E81/><V60/><F60/><W132/><G83/><T108/><D108/><U55/><AGARI ba="1,1" hai="42,43,44,46,48,50,52,55" m="36047,50250" machi="55" ten="30,7900,0" yaku="19,1,34,2,54,1" doraHai="72" who="1" fromWho="1" sc="329,-21,166,92,226,-40,269,-21" /><INIT seed="7,0,0,1,5,9" ten="308,258,186,248" oya="3" hai0="17,129,105,110,135,50,19,117,121,28,94,96,103" hai1="118,61,2,24,22,56,78,86,131,46,109,31,18" hai2="6,116,102,104,101,68,59,43,1,42,13,3,124" hai3="106,120,8,82,4,71,67,134,84,130,89,51,49"/><W91/><G120/><T16/><D110/><U53/><E2/><V57/><F116/><W30/><G106/><T29/><D117/><U36/><E109/><V73/><F124/><W15/><G134/><T60/><D121/><U80/><E131/><V48/><F68/><W72/><G130/><T41/><D129/><U119/><E36/><V32/><F32/><W79/><G30/><T58/><D135/><U76/><E46/><V100/><F73/><W108/><G108/><T12/><D12/><U97/><E78/><V55/><F104/><W11/><G11/><T21/><D21/><U99/><E119/><V98/><F98/><W115/><G115/><T40/><D105/><U23/><REACH who="1" step="1"/><E118/><REACH who="1" ten="308,248,186,248" step="2"/><V37/><F37/><W114/><G114/><T33/><D33/><U123/><E123/><V122/><F122/><W45/><G45/><N who="0" m="25903" /><D40/><U133/><E133/><V128/><F128/><W20/><G72/><T35/><D35/><U126/><E126/><V87/><F3/><W111/><G111/><T47/><D47/><U27/><AGARI ba="0,1" hai="18,22,23,24,27,31,53,56,61,76,80,86,97,99" machi="27" ten="20,5200,0" yaku="1,1,0,1,7,1,8,1,53,0" doraHai="9" doraHaiUra="113" who="1" fromWho="1" sc="308,-13,248,62,186,-13,248,-26" owari="295,10.0,310,41.0,173,-33.0,222,-18.0" /></mjloggm>