<mjloggm ver="2.3"><GO type="169" lobby="0"/><UN n0="%E3%82%82%E3%82%93%E3%81%98%E3%82%83" n1="%E3%82%A8%E3%82%A2%E3%83%AD%E3%83%A0%E3%82%B9%E3%82%AF" n2="%E3%81%82%EF%BD%93%EF%BD%84%EF%BD%86%E3%81%8F%E3%81%87%EF%BD%92" n3="%E3%83%88%E3%83%88%E3%83%AA%E5%85%88%E7%94%9F%31%39%E6%AD%B3" dan="16,16,16,19" rate="2014.89,2018.08,2071.49,2290.07" sx="M,M,M,F"/><TAIKYOKU oya="0"/><INIT seed="0,0,0,4,5,134" ten="250,250,250,250" oya="0" hai0="90,97,94,9,8,53,123,109,74,76,69,40,115" hai1="55,56,108,49,18,15,32,21,84,16,50,133,103" hai2="102,100,87,60,93,111,45,131,114,12,35,99,20" hai3="58,25,95,52,65,23,73,79,113,85,14,98,26"/><T24/><D115/><U70/><E108/><V105/><F35/><W51/><G113/><T4/><D123/><U88/><E70/><V66/><F114/><W61/><G73/><T89/><D69/><U48/><E32/><V39/><F131/><W1/><G1/><T0/><D109/><U104/><E133/><V27/><F111/><W101/><G79/><T13/><D40/><U78/><E78/><V116/><F12/><W130/><G130/><T112/><D112/><U42/><E42/><V10/><F10/><W86/><G14/><T7/><D24/><U31/><E31/><V122/><F116/><W118/><G118/><T63/><D90/><U132/><E132/><V17/><F122/><W2/><G2/><T67/><D67/><U117/><E117/><V128/><F128/><W75/><G75/><T57/><REACH who="0" step="1"/><D74/><REACH who="0" ten="240,250,250,250" step="2"/><U36/><E36/><V96/><F66/><W71/><REACH who="3" step="1"/><G26/><REACH who="3" ten="240,250,250,240" step="2"/><T22/><D22/><U106/><E21/><V127/><F20/><W33/><G33/><T135/><D135/><U46/><E15/><V126/><F27/><W28/><AGARI ba="0,2" hai="23,25,28,51,52,58,61,65,71,85,86,95,98,101" machi="28" ten="20,5200,0" yaku="1,1,0,1,7,1,54,1,53,0" doraHai="134" doraHaiUra="11" who="3" fromWho="3" sc="240,-26,250,-13,250,-13,240,72" /><INIT seed="1,0,0,3,5,134" ten="214,237,237,312" oya="1" hai0="42,48,103,88,113,119,86,7,110,75,10,128,12" hai1="92,43,51,111,112,37,35,117,20,54,124,19,36" hai2="79,57,130,90,60,11,72,84,14,107,82,64,32" hai3="129,123,104,98,93,18,83,59,108,29,97,85,116"/><U106/><E112/><V50/><F130/><W94/><G29/><T131/><D119/><U17/><E117/><V95/><F32/><W8/><G116/><T38/><D113/><U9/><E106/><V61/><F107/><W81/><G129/><N who="0" m="49739" /><D110/><U127/><E35/><V24/><F24/><W66/><G123/><T41/><D75/><U89/><E111/><V40/><F40/><W52/><G104/><T2/><D38/><U13/><E43/><V132/><F132/><W91/><G66/><T45/><D103/><U58/><E37/><V70/><F50/><W21/><G8/><T101/><D101/><U125/><E36/><V1/><F1/><W39/><G108/><T96/><D96/><N who="3" m="36969" /><G94/><N who="0" m="54551" /><D42/><U135/><E135/><V28/><F28/><W133/><G133/><T3/><AGARI ba="0,0" hai="2,3,7,10,12,41,45,48" m="54551,49739" machi="3" ten="30,2000,0" yaku="19,1,54,1" doraHai="134" who="0" fromWho="0" sc="214,20,237,-10,237,-5,312,-5" /><INIT seed="2,0,0,3,5,35" ten="234,227,232,307" oya="2" hai0="89,8,2,94,61,36,76,100,88,48,92,56,59" hai1="41,115,77,103,28,65,38,31,95,98,101,18,55" hai2="43,15,134,29,73,57,83,26,113,17,71,22,69" hai3="93,62,60,64,20,112,45,127,19,39,67,114,3"/><V116/><F116/><W27/><G127/><T117/><D36/><U1/><E115/><N who="3" m="44074" /><G3/><T46/><D117/><U86/><E65/><N who="3" m="25162" /><G93/><N who="0" m="35947" /><D2/><U70/><E70/><V85/><F113/><W6/><G6/><T72/><D72/><U84/><E1/><V118/><F73/><W90/><G90/><N who="0" m="34923" /><D100/><U122/><E101/><V16/><F118/><W63/><G45/><T109/><D76/><U24/><E41/><V21/><F43/><W104/><G39/><T25/><D8/><U111/><E38/><V12/><F57/><W42/><G42/><T132/><D59/><U120/><E55/><V9/><F134/><W123/><G104/><T14/><D132/><U131/><E77/><AGARI ba="0,0" hai="9,12,15,16,17,21,22,26,29,69,71,77,83,85" machi="77" ten="30,2900,0" yaku="7,1,54,1" doraHai="35" who="2" fromWho="1" sc="234,0,227,-29,232,29,307,0" /><INIT seed="2,1,0,4,2,63" ten="234,198,261,307" oya="2" hai0="95,67,135,48,36,22,124,34,79,7,97,18,37" hai1="53,132,134,70,72,47,1,133,76,12,114,57,90" hai2="52,110,28,56,125,117,61,41,112,126,19,74,39" hai3="31,62,35,99,71,60,24,8,86,94,4,120,98"/><V26/><F117/><W16/><G120/><T30/><D79/><U128/><E1/><V96/><F112/><W91/><G60/><T81/><D81/><U68/><E114/><V121/><F121/><W119/><G119/><T82/><D82/><U45/><E76/><V89/><F74/><W75/><G75/><T44/><D124/><U38/><E90/><V78/><F78/><W59/><G71/><N who="1" m="27178" /><E12/><V25/><F110/><W111/><G111/><T13/><D7/><U17/><E17/><V23/><F41/><W102/><G102/><T113/><D113/><U127/><E72/><V3/><F39/><W100/><G100/><T130/><D30/><U118/><E118/><V66/><F66/><W33/><G33/><T109/><D34/><U51/><E127/><V6/><F6/><W88/><G91/><T40/><D109/><U80/><E80/><V123/><F123/><W58/><G58/><T122/><D122/><U15/><E15/><V21/><F3/><W55/><REACH who="3" step="1"/><G16/><REACH who="3" ten="234,198,261,297" step="2"/><T77/><D18/><U83/><E83/><V131/><F131/><W65/><G65/><T54/><D130/><U49/><E128/><V116/><F116/><W107/><G107/><T14/><D77/><U87/><E87/><V2/><F2/><AGARI ba="1,1" hai="2,4,8,24,31,35,55,59,62,86,88,94,98,99" machi="2" ten="30,3900,0" yaku="1,1,7,1,54,1,53,0" doraHai="63" doraHaiUra="42" who="3" fromWho="2" sc="234,0,198,0,261,-42,297,52" /><INIT seed="3,0,0,5,4,77" ten="234,198,219,349" oya="3" hai0="81,91,16,45,103,64,134,86,87,92,120,24,3" hai1="23,67,31,33,100,80,135,19,8,93,2,48,82" hai2="11,38,99,122,105,133,13,124,28,0,55,102,10" hai3="97,123,69,73,132,76,30,49,27,44,79,89,32"/><W39/><G123/><T75/><D120/><U83/><E135/><V111/><F133/><W34/><G132/><T110/><D134/><U51/><E67/><V84/><F111/><W129/><G129/><T127/><D110/><U40/><E33/><V50/><F124/><W96/><G69/><T116/><D116/><U88/><E31/><V131/><F131/><W4/><G39/><T1/><D127/><U12/><E100/><V20/><F38/><W121/><G121/><T117/><D75/><U25/><E40/><V29/><F122/><W59/><G34/><T95/><D64/><U128/><E128/><V6/><F20/><W53/><G4/><T72/><D72/><U61/><E61/><V52/><F84/><W37/><G89/><T36/><D117/><U71/><E71/><V114/><F114/><W119/><G119/><T68/><D68/><U130/><E2/><V112/><F55/><W9/><G9/><T15/><D24/><U58/><E58/><V54/><F54/><W98/><REACH who="3" step="1"/><G73/><REACH who="3" ten="234,198,219,339" step="2"/><T62/><D36/><U70/><E70/><V22/><F112/><W125/><G125/><T42/><D91/><U85/><E130/><V126/><F126/><W104/><G104/><T118/><D118/><U14/><E25/><V101/><F10/><W43/><AGARI ba="0,1" hai="27,30,32,37,43,44,49,53,59,76,79,96,97,98" machi="43" ten="30,6000,0" yaku="1,1,0,1,53,1" doraHai="77" doraHaiUra="47" who="3" fromWho="3" sc="234,-20,198,-20,219,-20,339,70" /><INIT seed="3,1,0,5,2,85" ten="214,178,199,409" oya="3" hai0="18,97,33,81,113,78,92,61,121,35,75,3,30" hai1="40,103,49,34,130,100,102,31,39,86,51,126,122" hai2="131,125,109,29,116,127,65,63,5,88,13,36,1" hai3="133,42,94,0,47,70,44,95,132,69,21,24,104"/><W89/><G104/><T55/><D121/><U7/><E122/><V128/><F116/><W114/><G0/><T96/><D3/><U87/><E130/><N who="2" m="49707" /><F1/><W108/><G114/><T82/><D113/><U4/><E126/><N who="2" m="48139" /><F36/><W135/><G108/><T67/><D55/><U90/><E34/><V99/><F29/><W19/><G94/><T120/><D82/><U106/><E106/><V8/><F109/><W9/><G9/><T26/><D120/><U17/><E31/><V105/><F105/><W57/><G57/><T111/><D111/><U72/><E72/><V38/><F38/><W37/><REACH who="3" step="1"/><G44/><REACH who="3" ten="214,178,199,399" step="2"/><T118/><D118/><U54/><E7/><V23/><F23/><W58/><G58/><T107/><D107/><U56/><E4/><V66/><F63/><W6/><G6/><T59/><D35/><U53/><E102/><V52/><F52/><W16/><G16/><T32/><D32/><U129/><E17/><V27/><F5/><W83/><G83/><T64/><D92/><U76/><E129/><V46/><F46/><W25/><G25/><T117/><D117/><U80/><E56/><V10/><F27/><W15/><G15/><T43/><D18/><U91/><E80/><V98/><F13/><W115/><G115/><T48/><D67/><U14/><E14/><V124/><F65/><W134/><N who="3" m="33792" /><DORA hai="12" /><W74/><G74/><T71/><D59/><U119/><E119/><V22/><F66/><W84/><AGARI ba="1,1" hai="19,21,24,37,42,47,69,70,84,89,95" m="33792" machi="84" ten="60,12000,1" yaku="1,1,0,1,20,1,52,2,53,0" doraHai="85,12" doraHaiUra="28,112" who="3" fromWho="3" sc="214,-41,178,-41,199,-41,399,133" /><INIT seed="3,2,0,3,4,71" ten="173,137,158,532" oya="3" hai0="70,117,18,115,22,90,78,110,81,96,107,47,79" hai1="66,4,76,112,1,20,122,132,51,40,58,35,50" hai2="45,85,9,82,63,97,130,102,75,109,124,103,30" hai3="129,121,49,60,2,39,134,100,119,48,91,32,13"/><W44/><G119/><T59/><D70/><U125/><E122/><V12/><F109/><W106/><G121/><T36/><D117/><U118/><E35/><V55/><F130/><W108/><G2/><T65/><D110/><U131/><E112/><V33/><F124/><W29/><G108/><T42/><D115/><U127/><E76/><V34/><F75/><W98/><G129/><T128/><D128/><U8/><E131/><V72/><F72/><W37/><G134/><T17/><D107/><U111/><E111/><V24/><F34/><W74/><G74/><T3/><D3/><U88/><E132/><V7/><F97/><W54/><G91/><T21/><D65/><U67/><E20/><V28/><F28/><W105/><G105/><T99/><D59/><U6/><E6/><V135/><F135/><W57/><G13/><T27/><D90/><U101/><E101/><V62/><F62/><W84/><G84/><T11/><D11/><U92/><E118/><V23/><F33/><W53/><REACH who="3" step="1"/><G60/><REACH who="3" ten="173,137,158,522" step="2"/><T116/><D116/><U114/><E114/><V25/><F63/><W80/><G80/><T87/><REACH who="0" step="1"/><D79/><REACH who="0" ten="163,137,158,522" step="2"/><U95/><E125/><V10/><F103/><W52/><G52/><T69/><D69/><U26/><E127/><V86/><F102/><W89/><G89/><T38/><D38/><U104/><E104/><V77/><F55/><W64/><G64/><T94/><D94/><N who="1" m="35883" /><E88/><V133/><F77/><W0/><G0/><T126/><D126/><U31/><E67/><V56/><F133/><W123/><G123/><T43/><D43/><U5/><E40/><RYUUKYOKU ba="2,2" sc="163,15,137,-15,158,-15,522,15" hai0="17,18,21,22,27,36,42,47,78,81,87,96,99" hai3="29,32,37,39,44,48,49,53,54,57,98,100,106" /><INIT seed="3,3,2,4,3,103" ten="178,122,143,537" oya="3" hai0="43,115,71,89,73,15,112,61,133,20,127,96,117" hai1="16,7,88,25,55,82,29,107,116,131,98,27,48" hai2="80,38,14,21,129,37,51,53,24,11,34,77,41" hai3="104,84,57,65,72,105,114,86,18,122,9,35,91"/><W6/><G18/><N who="0" m="10335" /><D117/><U134/><E116/><V95/><F34/><W22/><G22/><T97/><D127/><U32/><E7/><V126/><F126/><W110/><G114/><N who="0" m="43563" /><D133/><U78/><E131/><V120/><F120/><W58/><G122/><T123/><D123/><U54/><E134/><V121/><F121/><W59/><G72/><T92/><D73/><U46/><E25/><V44/><F129/><W50/><G35/><T4/><D4/><U94/><E107/><V39/><F95/><W40/><G110/><T60/><D43/><U101/><E16/><V56/><F11/><W13/><G65/><N who="0" m="41383" /><D61/><U49/><E49/><V62/><F14/><W81/><REACH who="3" step="1"/><G84/><AGARI ba="3,2" hai="84,89,92,96,97" m="41383,43563,10335" machi="84" ten="30,1000,0" yaku="11,1" doraHai="103" who="0" fromWho="3" sc="178,39,122,0,143,0,537,-19" /><INIT seed="4,0,0,0,0,131" ten="217,122,143,518" oya="0" hai0="68,26,13,56,0,50,102,48,61,25,94,19,5" hai1="59,114,96,38,27,87,95,37,78,8,118,117,73" hai2="66,58,62,107,100,121,75,49,24,80,134,1,21" hai3="98,31,132,22,60,57,54,40,113,119,52,51,20"/><T55/><D0/><U108/><E108/><V93/><F121/><W89/><G119/><T88/><D102/><U53/><E73/><V72/><F107/><W15/><G132/><T4/><D68/><U106/><E117/><V122/><F122/><W126/><G113/><T81/><D81/><U28/><E106/><V120/><F1/><W17/><G126/><T2/><D2/><U23/><E114/><V133/><F120/><W82/><G40/><T110/><D110/><U103/><E118/><V16/><F49/><N who="0" m="19050" /><D4/><U76/><E87/><V33/><F33/><W127/><G127/><T43/><D5/><U36/><REACH who="1" step="1"/><E8/><REACH who="1" ten="217,112,143,518" step="2"/><V123/><F123/><W109/><G109/><T6/><D43/><U18/><E18/><V41/><F41/><W11/><G31/><T124/><D124/><U105/><E105/><V115/><F115/><W116/><G116/><T129/><D6/><U30/><E30/><N who="2" m="17679" /><F80/><W7/><G7/><T14/><D129/><U64/><E64/><V91/><F16/><W97/><G97/><N who="0" m="57543" /><D13/><U99/><E99/><N who="2" m="59503" /><F91/><W128/><G128/><T29/><D29/><U85/><E85/><V74/><AGARI ba="0,1" hai="58,62,66,72,74,75,133,134" m="59503,17679" machi="74" ten="40,5200,0" yaku="25,1,52,2" doraHai="131" who="2" fromWho="2" sc="217,-26,112,-13,143,62,518,-13" /><INIT seed="5,0,0,3,5,120" ten="191,99,205,505" oya="1" hai0="68,21,107,11,89,99,81,70,33,7,20,53,63" hai1="114,50,5,48,51,46,115,76,108,95,98,37,104" hai2="132,129,41,126,0,55,97,49,122,17,113,135,102" hai3="85,18,59,30,111,43,109,23,80,44,2,52,125"/><U8/><E104/><V72/><F122/><W92/><G2/><T67/><D33/><U123/><E123/><V16/><F0/><W32/><G125/><T131/><D131/><U79/><E37/><V78/><F126/><W65/><G65/><T106/><D68/><U83/><E46/><V34/><F34/><W130/><G130/><T47/><D106/><U88/><E108/><V12/><F129/><W38/><G92/><T84/><D107/><U87/><REACH who="1" step="1"/><E76/><REACH who="1" ten="191,89,205,505" step="2"/><V56/><F78/><W60/><G109/><T119/><D47/><U45/><E45/><V118/><F135/><W100/><G111/><T26/><D119/><U57/><E57/><V25/><F132/><W128/><G128/><T121/><D121/><U94/><E94/><V42/><F56/><W6/><G44/><T64/><D70/><U75/><E75/><V4/><F72/><W39/><G38/><T27/><D81/><U13/><AGARI ba="0,1" hai="5,8,13,48,50,51,79,83,87,88,95,98,114,115" machi="13" ten="30,11700,0" yaku="1,1,0,1,54,1,53,1" doraHai="120" doraHaiUra="93" who="1" fromWho="1" sc="191,-39,89,127,205,-39,505,-39" /><INIT seed="5,1,0,0,5,67" ten="152,216,166,466" oya="1" hai0="60,107,79,100,48,73,81,26,27,11,68,80,65" hai1="61,71,5,133,41,58,14,132,49,77,57,16,113" hai2="120,7,62,31,114,20,117,135,88,50,127,38,34" hai3="1,63,72,4,103,18,121,118,131,104,116,90,112"/><U126/><E113/><V82/><F120/><W115/><G121/><T30/><D81/><U89/><E5/><V85/><F117/><N who="3" m="45163" /><G72/><T111/><D111/><U19/><E77/><V53/><F34/><W45/><G131/><T54/><D11/><U47/><E126/><V36/><F127/><W96/><G90/><T101/><D107/><U55/><E89/><V0/><F114/><W99/><G99/><T15/><D15/><U42/><E42/><V37/><F135/><N who="1" m="51785" /><E41/><V24/><F62/><W91/><G45/><T95/><D95/><U22/><E19/><V46/><F7/><W124/><G91/><T119/><D119/><U102/><E102/><V92/><REACH who="2" step="1"/><F0/><REACH who="2" ten="152,216,156,466" step="2"/><W39/><G4/><T23/><REACH who="0" step="1"/><D26/><REACH who="0" ten="142,216,156,466" step="2"/><U33/><E33/><V76/><F76/><W93/><G115/><T86/><D86/><U2/><E2/><V13/><F13/><W106/><G1/><T110/><D110/><U94/><E94/><AGARI ba="1,2" hai="20,24,31,36,37,38,46,50,53,82,85,88,92,94" machi="94" ten="40,2600,0" yaku="1,1,54,1,53,0" doraHai="67" doraHaiUra="3" who="2" fromWho="1" sc="142,0,216,-29,156,49,466,0" /><INIT seed="6,0,0,2,0,92" ten="142,187,205,466" oya="2" hai0="75,38,120,1,132,98,35,44,122,26,9,70,50" hai1="53,36,78,51,20,41,42,49,93,74,67,52,82" hai2="59,118,131,40,8,125,106,57,100,69,114,107,32" hai3="27,83,31,61,111,97,48,103,25,108,22,63,65"/><V0/><F118/><W116/><G116/><T55/><D75/><U12/><E36/><V6/><F114/><W28/><G48/><T105/><D38/><U85/><E67/><V88/><F69/><W13/><G13/><T134/><D70/><U79/><E51/><V76/><F131/><W60/><G83/><T81/><D81/><U5/><E20/><V117/><F117/><W130/><G130/><T121/><D35/><U104/><E104/><V133/><F76/><W21/><G65/><T112/><D112/><U46/><E42/><V45/><F32/><W95/><AGARI ba="0,0" hai="21,22,25,27,28,31,60,61,63,95,97,103,108,111" machi="95" ten="30,4000,0" yaku="0,1,9,1,52,1" doraHai="92" who="3" fromWho="3" sc="142,-10,187,-10,205,-20,466,40" /><INIT seed="7,0,0,3,5,128" ten="132,177,185,506" oya="3" hai0="22,74,69,98,19,51,7,73,24,9,135,70,76" hai1="91,53,116,8,10,75,123,27,82,38,126,68,55" hai2="48,52,99,11,120,85,14,89,109,45,58,115,35" hai3="23,13,92,117,101,29,66,40,88,107,87,6,42"/><W63/><G117/><T65/><D65/><U67/><E38/><V20/><F109/><W16/><G107/><T127/><D127/><U78/><E123/><V100/><F35/><W121/><G121/><T21/><D98/><U134/><E116/><V94/><F120/><W133/><G133/><T31/><D51/><U59/><E68/><V4/><F115/><W96/><G6/><T15/><D74/><U43/><E43/><V125/><F20/><W61/><G29/><T57/><D57/><U49/><E134/><V30/><F30/><W83/><REACH who="3" step="1"/><G63/><REACH who="3" ten="132,177,185,496" step="2"/><T72/><D135/><U93/><E126/><V28/><F125/><W80/><G80/><T5/><D5/><U118/><E82/><V77/><F28/><W90/><G90/><T124/><D124/><U36/><E91/><V56/><F89/><W62/><G62/><T26/><REACH who="0" step="1"/><D72/><REACH who="0" ten="122,177,185,496" step="2"/><U71/><E75/><V46/><F4/><W64/><G64/><T18/><D18/><U54/><E67/><V108/><F108/><W122/><G122/><T130/><D130/><U119/><E119/><V113/><F113/><W50/><G50/><T25/><D25/><U33/><E118/><V84/><F48/><W0/><G0/><T110/><D110/><U104/><E27/><V37/><F37/><W79/><G79/><T102/><D102/><U81/><E36/><V44/><F77/><W34/><G34/><T12/><D12/><U112/><E78/><V106/><F14/><W60/><G60/><T131/><D131/><U132/><E49/><V41/><F106/><W1/><G1/><T103/><D103/><RYUUKYOKU ba="0,2" sc="122,15,177,-15,185,-15,496,15" hai0="7,9,15,19,21,22,24,26,31,69,70,73,76" hai3="13,16,23,40,42,61,66,83,87,88,92,96,101" owari="137,-36.0,162,-24.0,170,-3.0,531,63.0" /></mjloggm>