<mjloggm ver="2.3"><GO type="169" lobby="0"/><UN n0="%6C%6F%6F%75%76%69%73" n1="%72%61%6E%75%2D" n2="%E3%81%90%E3%81%BF%E3%82%83%E3%81%99" n3="%E3%83%88%E3%83%88%E3%83%AA%E5%85%88%E7%94%9F%31%39%E6%AD%B3" dan="16,16,18,19" rate="2028.18,2151.83,2193.74,2325.53" sx="M,M,M,F"/><TAIKYOKU oya="0"/><INIT seed="0,0,0,0,5,65" ten="250,250,250,250" oya="0" hai0="77,124,20,85,5,131,61,76,130,45,6,102,56" hai1="34,40,64,84,129,19,3,2,32,95,18,24,15" hai2="108,117,62,101,52,72,121,11,109,31,29,71,16" hai3="113,126,79,51,36,106,17,41,35,112,37,68,10"/><T75/><D75/><U82/><E129/><N who="0" m="49161" /><D124/><U8/><E40/><V38/><F38/><N who="3" m="14955" /><G17/><N who="1" m="6154" /><E64/><N who="2" m="41367" /><F101/><W60/><G10/><T67/><D45/><U73/><E95/><V111/><F72/><W115/><G35/><N who="1" m="13354" /><E84/><V83/><F121/><W98/><G79/><T48/><D48/><U100/><E82/><V134/><F117/><W47/><G98/><T30/><D102/><U114/><E100/><V123/><F123/><W122/><G106/><T89/><D77/><U120/><E73/><V43/><F134/><W63/><G122/><T55/><D67/><U119/><E120/><V81/><F43/><W78/><G78/><T44/><D76/><U0/><E119/><V14/><F52/><N who="3" m="29823" /><G126/><T93/><D44/><U54/><E54/><V27/><F27/><AGARI ba="0,0" hai="5,6,20,27,30,55,56,61,85,89,93" m="49161" machi="27" ten="30,1500,0" yaku="19,1" doraHai="65" who="0" fromWho="2" sc="250,15,250,0,250,-15,250,0" /><INIT seed="0,1,0,4,1,36" ten="265,250,235,250" oya="0" hai0="91,45,63,67,135,107,5,97,121,47,104,101,23" hai1="46,125,68,20,59,54,80,73,58,115,105,119,57" hai2="50,11,41,69,65,127,52,82,6,37,88,113,2" hai3="53,21,108,74,15,0,9,12,10,122,131,25,39"/><T32/><D121/><U129/><E105/><V77/><F113/><W93/><G74/><T38/><D107/><U51/><E80/><V94/><F127/><W28/><G122/><T114/><D114/><U56/><E73/><V30/><F30/><W70/><G108/><T89/><D135/><U83/><E83/><V109/><F109/><W87/><G131/><T24/><D5/><U102/><E102/><V17/><F17/><W75/><G75/><T110/><D110/><U85/><E85/><V118/><F118/><W61/><G0/><T66/><D66/><U117/><E115/><V134/><F134/><W96/><G39/><T3/><D3/><U55/><E125/><V99/><F41/><W42/><G42/><N who="0" m="22743" /><D23/><U133/><E133/><V16/><F37/><W116/><G116/><N who="1" m="44618" /><E129/><V48/><F48/><W22/><G87/><T34/><D47/><U18/><E18/><V31/><F31/><W112/><G112/><T14/><D34/><U29/><E20/><V84/><F16/><N who="3" m="10399" /><G70/><N who="0" m="42367" /><D14/><U40/><E29/><AGARI ba="1,0" hai="24,29,32,89,91,97,101,104" m="42367,22743" machi="29" ten="30,2900,0" yaku="25,1,52,1" doraHai="36" who="0" fromWho="1" sc="265,32,250,-32,235,0,250,0" /><INIT seed="0,2,0,2,1,89" ten="297,218,235,250" oya="0" hai0="80,72,8,133,135,103,97,117,100,94,5,128,93" hai1="38,14,81,11,112,49,108,30,73,83,19,26,124" hai2="1,105,79,60,62,74,61,84,99,68,52,130,54" hai3="39,45,118,120,43,55,47,102,33,41,29,37,125"/><T65/><D128/><U64/><E38/><V132/><F68/><W2/><G118/><T122/><D117/><U6/><E124/><V111/><F74/><W75/><G125/><T12/><D65/><U107/><E112/><V129/><F1/><W126/><G126/><T59/><D59/><U109/><E107/><V95/><F111/><N who="1" m="42569" /><E64/><V40/><F40/><W69/><G69/><T127/><D127/><U24/><E49/><V15/><F15/><W96/><G55/><T20/><D122/><U91/><E73/><V23/><F23/><W53/><G53/><T13/><D13/><N who="1" m="5367" /><E91/><N who="2" m="53735" /><F79/><W113/><G75/><T104/><D20/><N who="1" m="15623" /><E26/><V63/><F61/><W78/><G78/><T10/><D10/><AGARI ba="2,0" hai="10,14,19,81,83" m="15623,5367,42569" machi="10" ten="30,1000,0" yaku="14,1" doraHai="89" who="1" fromWho="0" sc="297,-16,218,16,235,0,250,0" /><INIT seed="1,0,0,3,1,7" ten="281,234,235,250" oya="1" hai0="26,48,58,49,85,13,44,51,3,55,42,89,120" hai1="34,109,24,79,77,90,65,74,86,128,75,66,104" hai2="126,25,53,118,129,31,19,78,72,46,127,97,27" hai3="115,36,73,67,20,5,110,102,103,70,14,4,41"/><U61/><E104/><V18/><F118/><W59/><G115/><T124/><D3/><U88/><E24/><V40/><F53/><W105/><G70/><T112/><D112/><U39/><E39/><V82/><F129/><W29/><G73/><T28/><D124/><N who="2" m="47658" /><F97/><W135/><G110/><T69/><D69/><U23/><E23/><N who="2" m="15871" /><F25/><N who="3" m="16551" /><G36/><AGARI ba="0,0" hai="18,19,36,40,46,72,78,82" m="15871,47658" machi="36" ten="30,1000,0" yaku="18,1" doraHai="7" who="2" fromWho="3" sc="281,0,234,0,235,10,250,-10" /><INIT seed="2,0,0,3,4,127" ten="281,234,245,240" oya="2" hai0="81,34,78,135,4,52,129,124,101,32,11,128,87" hai1="108,116,59,17,37,76,89,18,71,31,69,94,132" hai2="109,20,84,72,75,58,44,64,107,27,53,39,19" hai3="99,15,111,91,5,131,33,65,86,85,47,48,63"/><V97/><F64/><W106/><G33/><T113/><D113/><U120/><E116/><V130/><F84/><W96/><G111/><T54/><D124/><U93/><E108/><V46/><F109/><W70/><G106/><T102/><D135/><U35/><E37/><V40/><F46/><W23/><G86/><T119/><D119/><U60/><E120/><V25/><F130/><N who="0" m="50282" /><D34/><U114/><E132/><V90/><F25/><W117/><G117/><T7/><D32/><U45/><E76/><V62/><REACH who="2" step="1"/><F107/><REACH who="2" ten="281,234,235,240" step="2"/><W9/><G131/><T74/><D87/><U133/><E133/><V100/><F100/><N who="0" m="38506" /><D4/><U42/><E114/><V30/><F30/><W73/><G85/><T16/><D16/><U123/><E31/><V22/><F22/><W2/><G23/><T68/><D68/><U77/><E35/><V13/><F13/><AGARI ba="0,1" hai="7,11,13,52,54,74,78,81" m="38506,50282" machi="13" ten="30,8000,1" yaku="19,1,52,3,54,1" doraHai="127" who="0" fromWho="2" sc="281,90,234,0,235,-80,240,0" /><INIT seed="3,0,0,3,1,31" ten="371,234,155,240" oya="3" hai0="3,30,120,90,45,98,92,116,104,46,86,89,8" hai1="112,82,127,118,126,123,55,9,29,44,130,101,108" hai2="77,22,93,105,24,50,107,62,131,134,71,97,27" hai3="23,85,109,1,129,20,12,69,99,110,65,0,135"/><W102/><G129/><T78/><D120/><U14/><E82/><V56/><F134/><W66/><G85/><T74/><D116/><U28/><E101/><V111/><F111/><N who="3" m="42507" /><G135/><T73/><D30/><N who="1" m="11883" /><E55/><V40/><F77/><W34/><G34/><T94/><D78/><U10/><E44/><V81/><F81/><W95/><G69/><T15/><D86/><U117/><E123/><V103/><F71/><W84/><G84/><T124/><D74/><U87/><E87/><V21/><F107/><W6/><G23/><N who="2" m="8713" /><F105/><W41/><G41/><T133/><D104/><U59/><E59/><V37/><F37/><W100/><G100/><T83/><D73/><U32/><E108/><V11/><F131/><W7/><G20/><T4/><D83/><U26/><E130/><V18/><F40/><W49/><G49/><T2/><D133/><U19/><E112/><V113/><F50/><W43/><G43/><T115/><D115/><U68/><E68/><V119/><F119/><N who="1" m="45577" /><E26/><V16/><F113/><W122/><G122/><T60/><D46/><U75/><E75/><V39/><F39/><W70/><G70/><T128/><D45/><U36/><E36/><V5/><F27/><W38/><G38/><T13/><D128/><U125/><E10/><V17/><F24/><W48/><G48/><T80/><D8/><U132/><E132/><V91/><F103/><W57/><G57/><T114/><D80/><U35/><AGARI ba="0,0" hai="9,14,19,32,35,125,126,127" m="45577,11883" machi="35" ten="40,12000,2" yaku="18,1,12,1,34,2,52,2" doraHai="31" who="1" fromWho="1" sc="371,-30,234,120,155,-30,240,-60" /><INIT seed="4,0,0,0,4,114" ten="341,354,125,180" oya="0" hai0="43,16,56,18,103,49,123,78,87,2,70,69,134" hai1="27,19,96,82,113,4,22,127,71,81,48,132,26" hai2="110,102,58,34,118,129,91,122,111,107,38,46,3" hai3="68,72,131,11,80,31,97,74,83,55,98,135,28"/><T76/><D123/><U23/><E71/><V73/><RYUUKYOKU type="yao9" ba="0,0" sc="341,0,354,0,125,0,180,0" hai2="3,34,38,46,58,73,91,102,107,110,111,118,122,129" /><INIT seed="4,1,0,3,3,127" ten="341,354,125,180" oya="0" hai0="126,57,86,90,24,128,10,87,36,67,23,2,11" hai1="32,55,63,111,33,34,112,6,31,9,66,93,110" hai2="35,88,16,45,54,30,132,51,79,85,42,98,135" hai3="118,113,134,107,94,92,46,61,72,52,1,84,48"/><T97/><D36/><U101/><E112/><V108/><F108/><W80/><G118/><T69/><D69/><U115/><E115/><V74/><F74/><W58/><G113/><T47/><D126/><U109/><E55/><V3/><F3/><W130/><G107/><T60/><D47/><U53/><E53/><V91/><F30/><W7/><G72/><T76/><D97/><U123/><E123/><V131/><F35/><W38/><G38/><T121/><D2/><U70/><E93/><V78/><F131/><W114/><G114/><T25/><D128/><U124/><E101/><V122/><F122/><W100/><G134/><N who="2" m="51241" /><F98/><W104/><G130/><T28/><D24/><U75/><E31/><V41/><F91/><W77/><G100/><T81/><REACH who="0" step="1"/><D121/><REACH who="0" ten="331,354,125,180" step="2"/><U14/><E124/><V21/><F42/><W37/><G37/><T59/><D59/><U40/><E40/><V15/><F41/><W39/><G39/><T5/><D5/><U116/><E6/><V19/><F19/><W64/><G1/><T49/><D49/><U129/><E70/><V68/><F68/><W20/><G7/><T17/><D17/><U26/><E129/><V27/><F27/><W73/><G48/><T0/><D0/><U105/><E26/><V8/><F45/><W89/><G46/><T117/><D117/><U18/><E110/><V56/><F8/><W133/><G133/><T13/><D13/><N who="1" m="7471" /><E109/><V106/><F106/><W120/><G104/><T65/><D65/><U95/><E105/><V71/><F71/><N who="3" m="42383" /><G120/><T119/><D119/><U43/><E111/><V96/><F96/><RYUUKYOKU ba="1,1" sc="331,15,354,-15,125,15,180,-15" hai0="10,11,23,25,28,57,60,67,76,81,86,87,90" hai2="15,16,21,51,54,56,78,79,85,88" /><INIT seed="4,2,1,1,4,101" ten="346,339,140,165" oya="0" hai0="78,34,134,68,17,118,87,35,11,128,16,15,52" hai1="47,73,77,20,19,108,48,63,55,70,26,56,107" hai2="105,94,110,106,45,36,120,65,6,39,88,28,30" hai3="10,130,103,79,131,24,86,133,82,89,74,41,125"/><T115/><D115/><U67/><E108/><V9/><F110/><W14/><G133/><T132/><D118/><U42/><E73/><V127/><F120/><W75/><G125/><T69/><D128/><N who="3" m="49193" /><G41/><T59/><D17/><U114/><E77/><V60/><F127/><W121/><G121/><T104/><D104/><U97/><E114/><V129/><F129/><W112/><G112/><T3/><D3/><U51/><E97/><V113/><F113/><W117/><G117/><T72/><D72/><U123/><REACH who="1" step="1"/><E123/><REACH who="1" ten="346,329,140,165" step="2"/><V53/><F39/><W44/><G79/><T61/><D78/><U18/><E18/><V29/><F36/><W116/><G116/><T111/><D111/><U81/><E81/><V119/><F119/><W135/><G74/><T37/><D37/><U83/><E83/><V33/><F33/><N who="0" m="12298" /><D87/><U62/><E62/><V22/><F22/><W71/><G75/><T91/><D91/><U50/><E50/><V76/><F76/><W4/><G89/><T98/><D98/><U124/><E124/><V84/><F60/><W8/><G86/><T58/><D61/><U49/><E49/><V38/><F65/><W13/><G82/><T0/><D132/><U27/><E27/><V1/><REACH who="2" step="1"/><F53/><REACH who="2" ten="346,329,130,165" step="2"/><W80/><G135/><T57/><D52/><U66/><E66/><V99/><F99/><W96/><G96/><T31/><D134/><U102/><E102/><V21/><F21/><W126/><G103/><T109/><D109/><U95/><E95/><V93/><F93/><W100/><G100/><T40/><D11/><N who="3" m="4137" /><G126/><T12/><D40/><AGARI ba="2,3" hai="1,6,9,28,29,30,38,40,45,84,88,94,105,106" machi="40" ten="40,8000,1" yaku="1,1,52,2,54,1,53,0" doraHai="101" doraHaiUra="92" who="2" fromWho="0" sc="346,-86,329,0,130,116,165,0" /><INIT seed="5,0,0,4,4,104" ten="260,329,246,165" oya="1" hai0="1,46,74,28,41,39,6,66,96,30,92,131,29" hai1="129,78,61,118,44,80,103,119,0,130,93,113,56" hai2="23,8,79,64,122,89,21,99,120,59,106,48,73" hai3="7,22,5,110,16,19,4,55,126,81,94,25,114"/><U83/><E44/><V34/><F34/><W97/><G114/><T116/><D116/><N who="1" m="44587" /><E61/><V134/><F8/><W121/><G126/><T63/><D131/><N who="1" m="50187" /><E56/><V15/><F15/><W133/><G133/><T84/><D63/><U20/><E20/><V123/><F134/><W27/><G110/><T10/><D66/><U77/><E0/><V88/><F23/><W109/><G121/><T54/><D54/><U50/><E50/><V17/><F106/><W58/><G81/><N who="1" m="31306" /><E113/><V38/><F38/><W87/><G87/><T105/><D46/><U71/><E71/><V37/><F37/><W70/><G109/><T14/><D41/><U132/><E132/><V124/><F64/><W85/><G85/><T135/><D39/><U26/><E26/><V95/><F48/><W86/><G86/><T68/><D68/><U100/><E93/><V101/><F59/><W72/><G70/><T111/><D92/><U117/><E117/><V9/><F9/><W51/><G25/><T18/><D10/><U57/><E57/><V112/><F112/><W115/><G115/><T12/><D1/><U33/><E33/><V2/><F2/><W67/><G67/><T36/><D36/><U3/><E3/><V11/><F11/><W60/><G51/><T107/><D111/><U47/><E47/><V45/><F45/><W108/><G108/><T31/><D135/><U65/><E65/><V75/><F122/><W125/><G19/><T52/><D18/><U49/><E49/><V24/><F123/><W42/><G42/><T40/><D40/><U91/><E91/><V62/><F88/><RYUUKYOKU ba="0,0" sc="260,-10,329,30,246,-10,165,-10" hai1="77,78,100,103" /><INIT seed="5,1,0,4,3,15" ten="250,359,236,155" oya="1" hai0="0,86,74,49,78,99,44,48,4,125,45,93,28" hai1="82,135,68,59,56,2,66,42,21,102,20,27,132" hai2="106,60,90,128,84,43,77,57,83,81,35,122,19" hai3="13,94,52,116,127,36,98,108,25,11,31,95,118"/><U111/><E2/><V70/><F122/><W79/><G108/><T134/><D74/><U100/><E111/><V12/><F35/><W131/><G36/><T92/><D28/><U120/><E42/><V87/><F128/><W85/><G131/><T24/><D24/><U65/><E82/><V37/><F106/><W62/><G127/><T67/><D67/><U112/><E68/><V5/><F70/><W51/><G62/><T114/><D114/><U55/><E55/><V17/><F37/><W18/><G85/><T119/><D119/><N who="3" m="45609" /><G98/><T107/><D86/><U96/><E96/><V10/><F43/><W33/><G79/><T73/><D78/><U3/><E3/><V58/><F58/><AGARI ba="1,0" hai="11,13,18,25,31,33,51,52,58,94,95" m="45609" machi="58" ten="30,3900,0" yaku="12,1,52,1,54,1" doraHai="15" who="3" fromWho="2" sc="250,0,359,0,236,-42,155,42" /><INIT seed="6,0,0,3,3,112" ten="250,359,194,197" oya="2" hai0="119,132,1,9,121,19,72,35,87,114,68,115,32" hai1="53,61,69,29,10,6,81,15,117,71,14,23,104" hai2="64,108,8,83,118,131,103,40,116,105,129,91,42" hai3="28,31,125,56,26,39,78,0,24,43,37,49,11"/><V135/><F135/><W27/><G125/><T120/><D72/><U88/><E104/><V128/><F108/><W99/><G78/><T80/><D68/><U73/><E117/><N who="2" m="45163" /><F64/><W97/><G39/><T44/><D119/><U62/><E73/><V76/><F91/><W67/><G37/><T109/><D109/><U134/><E134/><V94/><F94/><W55/><G43/><N who="2" m="16425" /><F8/><W100/><G0/><T34/><D1/><U123/><E123/><V33/><F33/><W82/><G82/><T30/><D80/><U113/><E113/><V77/><F83/><W48/><G11/><T21/><D9/><U66/><E71/><V13/><F13/><W90/><G48/><T18/><D34/><U51/><E66/><V126/><F126/><W92/><REACH who="3" step="1"/><G67/><REACH who="3" ten="250,359,194,187" step="2"/><T122/><D121/><U74/><E10/><V57/><F57/><W54/><G54/><T102/><D122/><U70/><E53/><V41/><F41/><W17/><G17/><T127/><D18/><U84/><E69/><V22/><F22/><W96/><G96/><AGARI ba="0,1" hai="76,77,96,103,105,128,129,131" m="16425,45163" machi="96" ten="40,12000,1" yaku="19,1,52,3" doraHai="112" who="2" fromWho="3" sc="250,0,359,0,194,130,187,-120" /><INIT seed="6,1,0,1,4,13" ten="250,359,324,67" oya="2" hai0="62,72,79,131,0,31,40,3,98,14,1,71,24" hai1="91,99,28,64,112,59,97,73,117,37,61,67,90" hai2="121,6,77,83,69,135,80,85,84,86,47,102,29" hai3="125,123,10,39,82,95,11,46,45,118,104,33,106"/><V110/><F121/><W88/><G123/><T107/><D40/><U18/><E117/><V134/><F69/><W93/><G33/><T52/><D131/><U115/><E73/><V66/><F66/><W23/><G118/><T48/><D79/><U68/><E37/><V25/><F110/><W127/><G82/><T126/><D72/><U101/><E28/><V119/><F119/><W100/><G100/><T32/><D126/><U57/><E18/><V26/><F6/><W30/><G30/><T129/><D129/><U53/><E68/><V133/><F102/><W55/><G55/><T22/><D107/><U113/><E99/><V103/><F103/><W5/><G5/><T42/><D98/><U114/><N who="1" m="29184" /><DORA hai="41" /><U49/><REACH who="1" step="1"/><E67/><REACH who="1" ten="250,349,324,67" step="2"/><V109/><F29/><W51/><G51/><T108/><D48/><U92/><AGARI ba="1,1" hai="49,53,57,59,61,64,90,91,92,97,101" m="29184" machi="92" ten="60,8000,1" yaku="1,1,2,1,0,1,15,1,53,0" doraHai="13,41" doraHaiUra="38,16" who="1" fromWho="1" sc="250,-21,349,93,324,-41,67,-21" /><INIT seed="7,0,0,4,0,71" ten="229,442,283,46" oya="3" hai0="29,91,34,19,57,82,128,101,113,3,110,58,85" hai1="72,99,15,119,46,18,37,89,121,123,40,134,133" hai2="24,126,107,48,111,131,104,12,11,56,117,20,80" hai3="10,76,14,108,74,106,120,42,44,105,62,87,33"/><W47/><G120/><T51/><D110/><U63/><E72/><V54/><F111/><W7/><G108/><T94/><D3/><U39/><E39/><V38/><F38/><W8/><G33/><T68/><D68/><U1/><E1/><V115/><F117/><W112/><G112/><T130/><D113/><U124/><E119/><V17/><F115/><W9/><G74/><T96/><D51/><U88/><E63/><V23/><F126/><W84/><G62/><T66/><D66/><U122/><E124/><V49/><F131/><N who="0" m="50218" /><D19/><U81/><E81/><V30/><F80/><W55/><G55/><T98/><D98/><U59/><E59/><V53/><F20/><W102/><G44/><AGARI ba="0,0" hai="11,12,17,23,24,30,44,48,49,53,54,56,104,107" machi="44" ten="30,1000,0" yaku="7,1" doraHai="71" who="2" fromWho="3" sc="229,0,442,0,283,10,46,-10" owari="229,-17.0,442,54.0,293,9.0,36,-46.0" /></mjloggm>