<mjloggm ver="2.3"><GO type="169" lobby="0"/><UN n0="%E3%82%88%E3%82%8B%E3%81%8C%E3%81%9F" n1="%E3%83%A2%E3%83%AD%E3%83%98%E3%82%A4%E3%83%A4" n2="%E3%83%88%E3%83%88%E3%83%AA%E5%85%88%E7%94%9F%31%39%E6%AD%B3" n3="%E3%83%9F%E3%82%AF%E3%83%AD" dan="16,16,19,16" rate="2145.33,2172.14,2331.89,2114.12" sx="M,M,F,M"/><TAIKYOKU oya="0"/><INIT seed="0,0,0,3,2,62" ten="250,250,250,250" oya="0" hai0="57,46,130,27,91,18,119,128,20,92,123,133,73" hai1="124,35,101,50,55,103,17,49,5,97,80,65,37" hai2="66,110,74,84,52,38,23,78,121,102,106,3,125" hai3="63,115,2,51,34,75,10,7,33,76,95,58,79"/><T41/><D123/><U12/><E37/><V87/><F121/><W113/><G51/><T71/><D73/><U68/><E35/><V81/><F38/><W131/><G131/><N who="0" m="50219" /><D71/><U85/><E5/><V60/><F3/><W39/><G39/><N who="0" m="21823" /><D119/><U98/><E124/><V107/><F110/><W47/><G47/><T8/><D57/><U109/><E109/><V126/><F23/><W88/><G33/><T77/><D77/><U42/><E42/><V32/><F32/><W114/><G34/><T132/><D8/><U22/><E68/><V21/><F21/><W59/><G59/><T11/><D11/><U61/><E55/><V118/><F118/><W28/><G28/><T70/><D70/><U99/><E61/><V24/><F52/><W53/><REACH who="3" step="1"/><G75/><REACH who="3" ten="250,250,250,240" step="2"/><T15/><D27/><U67/><E50/><V134/><F24/><W135/><G135/><T26/><D26/><U82/><E49/><V25/><F134/><W72/><G72/><T86/><AGARI ba="0,1" hai="15,18,20,86,91,92,132,133" m="21823,50219" machi="86" ten="30,1500,0" yaku="19,1" doraHai="62" who="0" fromWho="0" sc="250,25,250,-5,250,-5,240,-5" /><INIT seed="0,1,0,1,5,8" ten="275,245,245,235" oya="0" hai0="125,2,15,14,78,117,22,21,41,116,107,71,115" hai1="19,66,9,96,127,28,37,43,104,53,124,134,86" hai2="58,40,82,101,1,130,122,29,67,56,100,113,91" hai3="84,88,109,33,44,65,48,51,16,50,111,85,32"/><T114/><D107/><U128/><E66/><V59/><F113/><W25/><G44/><T80/><D71/><U6/><E28/><V3/><F122/><W27/><G65/><T98/><D98/><U20/><E134/><V129/><F67/><W24/><G16/><T55/><D41/><U17/><E128/><N who="2" m="49259" /><F40/><W63/><G63/><T47/><D2/><N who="2" m="522" /><F29/><W72/><G72/><T135/><D135/><U23/><E43/><V105/><F105/><W60/><G60/><T95/><D95/><U93/><E104/><V42/><F42/><W106/><G106/><T79/><D80/><U126/><E53/><V0/><N who="2" m="530" /><V69/><DORA hai="90" /><F69/><W46/><G46/><T132/><D55/><U99/><E37/><V77/><F91/><W118/><G118/><T31/><D47/><U94/><E86/><AGARI ba="1,0" hai="56,58,59,77,82,86,100,101" m="530,49259" machi="86" ten="50,1600,0" yaku="19,1" doraHai="8,90" who="2" fromWho="1" sc="275,0,245,-19,245,19,235,0" /><INIT seed="1,0,0,3,0,42" ten="275,226,264,235" oya="1" hai0="132,76,61,77,92,60,59,129,50,29,8,124,89" hai1="131,17,110,112,86,19,83,52,94,106,28,48,57" hai2="108,39,119,14,35,121,46,54,15,41,102,53,128" hai3="55,68,122,81,27,99,21,115,113,3,114,98,22"/><U120/><E106/><V84/><F119/><W101/><G122/><T38/><D38/><U126/><E120/><V118/><F118/><W103/><G3/><T82/><D132/><U73/><E112/><V30/><F121/><W69/><G81/><T125/><D29/><U72/><E131/><V49/><F128/><W9/><G9/><T95/><D8/><U45/><E126/><N who="0" m="48745" /><D129/><U40/><E110/><V62/><F108/><W134/><G134/><T96/><D95/><U1/><E1/><V11/><F102/><W79/><G79/><N who="0" m="30283" /><D82/><U71/><E71/><V26/><F84/><W64/><G64/><N who="0" m="38943" /><D50/><U105/><E105/><V2/><F2/><W90/><G90/><T6/><D61/><U135/><E94/><V88/><F88/><W47/><G115/><T91/><D89/><U87/><E28/><V117/><F117/><W67/><G67/><T85/><D85/><U10/><E135/><V12/><F62/><W25/><REACH who="3" step="1"/><G55/><REACH who="3" ten="275,226,264,225" step="2"/><T18/><D6/><U66/><E66/><V116/><F116/><W100/><G100/><T78/><D78/><U93/><E10/><V31/><F54/><W97/><G97/><T24/><D96/><U127/><E127/><V4/><REACH who="2" step="1"/><F31/><REACH who="2" ten="275,226,254,225" step="2"/><W44/><AGARI ba="0,2" hai="21,22,25,27,44,47,68,69,98,99,101,103,113,114" machi="44" ten="25,12000,2" yaku="1,1,0,1,22,2,52,2,53,0" doraHai="42" doraHaiUra="133" who="3" fromWho="3" sc="275,-30,226,-60,254,-30,225,140" /><INIT seed="2,0,0,0,5,44" ten="245,166,224,365" oya="2" hai0="122,38,113,58,57,37,63,50,89,93,27,80,49" hai1="40,56,21,102,6,18,114,72,124,82,67,29,111" hai2="46,26,109,13,118,34,121,25,10,15,100,116,108" hai3="11,127,91,22,96,88,92,129,101,71,23,20,94"/><V99/><F46/><W103/><G71/><T1/><D1/><U45/><E114/><V47/><F99/><W30/><G129/><T54/><D113/><U52/><E67/><V90/><F90/><W16/><G127/><T9/><D80/><U42/><E124/><V85/><F85/><N who="3" m="52239" /><G30/><T132/><D27/><N who="2" m="10250" /><F100/><N who="3" m="38475" /><G11/><T117/><D9/><U66/><E29/><V97/><F97/><W3/><G3/><T120/><D93/><U104/><E102/><V106/><F106/><W36/><G36/><N who="0" m="13931" /><D89/><U86/><E104/><V14/><F47/><W59/><G59/><N who="0" m="35319" /><D132/><U77/><E72/><V2/><F121/><N who="0" m="46698" /><D117/><N who="2" m="45162" /><F34/><W8/><G8/><T105/><D105/><U128/><E86/><V98/><F98/><W48/><G48/><AGARI ba="0,0" hai="48,49,50,57,58" m="46698,35319,13931" machi="48" ten="30,8000,1" yaku="34,2,52,3" doraHai="44" who="0" fromWho="3" sc="245,80,166,0,224,0,365,-80" /><INIT seed="3,0,0,2,0,74" ten="325,166,224,285" oya="3" hai0="84,135,31,34,86,59,127,52,90,129,39,53,77" hai1="98,19,54,132,134,48,113,120,73,44,71,3,28" hai2="22,118,40,68,133,125,80,117,30,96,82,100,2" hai3="79,107,61,4,66,42,1,85,23,15,111,83,95"/><W78/><G107/><T128/><D39/><U130/><E71/><V11/><F68/><W14/><G1/><T13/><D135/><U124/><E3/><V126/><F133/><N who="1" m="51305" /><E73/><V47/><F30/><W25/><G111/><T123/><D127/><N who="2" m="48650" /><F22/><W43/><G95/><N who="0" m="54727" /><D13/><N who="3" m="4617" /><G4/><T119/><D123/><U103/><E124/><V81/><F11/><W97/><G97/><T75/><D75/><U46/><E120/><V57/><F57/><N who="3" m="37167" /><G79/><T55/><D59/><N who="1" m="33223" /><E113/><V36/><F2/><W26/><G26/><T60/><D60/><U32/><E19/><AGARI ba="0,0" hai="19,23,25,42,43,78,83,85" m="37167,4617" machi="19" ten="30,2900,0" yaku="8,1,52,1" doraHai="74" who="3" fromWho="1" sc="325,0,166,-29,224,0,285,29" /><INIT seed="3,1,0,3,4,20" ten="325,137,224,314" oya="3" hai0="89,108,96,10,18,77,110,59,86,56,5,123,35" hai1="30,51,83,50,62,25,116,0,114,14,95,71,88" hai2="102,106,92,103,54,36,26,129,121,112,124,113,99" hai3="104,6,122,74,115,1,37,100,79,2,12,7,80"/><W69/><G115/><T117/><D123/><U105/><E0/><V119/><F119/><W67/><G12/><N who="0" m="5199" /><D117/><U33/><E105/><V19/><F36/><W46/><G7/><T45/><D35/><U130/><E114/><V27/><F54/><W65/><G65/><T55/><D18/><U70/><E116/><V38/><F38/><W126/><G126/><T23/><D23/><U15/><E83/><V41/><F19/><W94/><G94/><N who="0" m="56399" /><D86/><U134/><E134/><V97/><F41/><W57/><G57/><T64/><D77/><U42/><E130/><V32/><F32/><W90/><G90/><T43/><D55/><U28/><E28/><V125/><F92/><W82/><G82/><T81/><D81/><U111/><E111/><N who="0" m="42537" /><D64/><U4/><E15/><V85/><F85/><W52/><G52/><T34/><D34/><U84/><E42/><V118/><F118/><W72/><G72/><T61/><D61/><U101/><E101/><V98/><F98/><N who="3" m="61463" /><G6/><T109/><N who="0" m="42545" /><T66/><DORA hai="87" /><D66/><U131/><E131/><V75/><F129/><W47/><G122/><T133/><D133/><U91/><E91/><V3/><F75/><W132/><G132/><T49/><AGARI ba="1,0" hai="43,45,49,56,59" m="42545,56399,5199" machi="49" ten="40,2700,0" yaku="14,1,52,1" doraHai="20,87" who="0" fromWho="0" sc="325,30,137,-8,224,-8,314,-14" /><INIT seed="4,0,0,5,0,67" ten="355,129,216,300" oya="0" hai0="20,59,13,40,76,70,113,128,85,131,102,120,132" hai1="73,7,36,42,110,2,6,19,134,92,86,112,99" hai2="30,66,109,8,133,108,41,116,46,97,51,12,37" hai3="71,68,91,15,100,118,49,60,115,25,27,93,11"/><T50/><D70/><U119/><E73/><V80/><F133/><W129/><G118/><T106/><D120/><U5/><E2/><V78/><F116/><W3/><G3/><T55/><D132/><U105/><E119/><V82/><F82/><W38/><G38/><T33/><D33/><U10/><E134/><V98/><F30/><W104/><G104/><T22/><D113/><U34/><E34/><V45/><F66/><W77/><G100/><T9/><D40/><U61/><E105/><V83/><F80/><W96/><G77/><T31/><D31/><U79/><E110/><V126/><F126/><W125/><G125/><T54/><D54/><U29/><E29/><V4/><F46/><W87/><G87/><T16/><D85/><U123/><E123/><V69/><F69/><W74/><G74/><T88/><D88/><U122/><E122/><V56/><F56/><W121/><G121/><T52/><D55/><U28/><E28/><V72/><F51/><W57/><G49/><T53/><D53/><U48/><E36/><V111/><AGARI ba="0,0" hai="4,8,12,37,41,45,72,78,83,97,98,108,109,111" machi="111" ten="30,1100,0" yaku="0,1" doraHai="67" who="2" fromWho="2" sc="355,-5,129,-3,216,11,300,-3" /><INIT seed="5,0,0,4,0,12" ten="350,126,227,297" oya="1" hai0="116,60,47,80,79,86,101,129,64,128,135,61,65" hai1="113,119,30,97,45,124,134,76,95,126,15,25,33" hai2="99,68,56,23,48,1,54,69,18,29,108,6,10" hai3="91,58,24,9,130,57,127,74,93,4,114,83,44"/><U50/><E119/><V21/><F108/><W85/><G114/><T87/><D116/><U38/><E38/><V8/><F8/><W19/><G130/><N who="0" m="50283" /><D47/><U39/><E39/><V35/><F23/><N who="3" m="13439" /><G74/><N who="0" m="43127" /><D101/><U89/><E113/><V109/><F109/><W59/><G127/><T40/><D40/><U62/><E134/><V120/><F120/><W43/><G9/><T2/><D2/><U14/><E76/><V52/><F99/><W71/><G71/><N who="0" m="42375" /><D135/><U11/><E62/><V37/><F37/><W111/><G4/><T13/><D13/><U34/><E34/><V94/><F94/><W66/><G111/><T82/><D82/><U121/><E121/><V28/><F54/><W26/><G26/><T102/><D102/><U27/><E27/><N who="2" m="18847" /><F29/><W3/><G3/><T55/><D55/><U133/><E133/><V0/><F0/><W73/><G73/><T132/><D132/><U67/><E67/><V51/><F51/><N who="3" m="27039" /><G66/><T77/><D77/><U75/><E75/><V90/><F90/><W46/><G46/><T131/><N who="0" m="50291" /><T125/><DORA hai="122" /><D125/><N who="1" m="48235" /><E11/><V112/><F112/><W88/><G93/><T84/><D84/><U110/><E110/><V53/><F53/><AGARI ba="0,0" hai="14,15,25,30,33,45,50,53,89,95,97" m="48235" machi="53" ten="30,1500,0" yaku="18,1" doraHai="12,122" who="1" fromWho="2" sc="350,0,126,15,227,-15,297,0" /><INIT seed="5,1,0,2,3,119" ten="350,141,212,297" oya="1" hai0="34,81,14,13,124,105,66,71,0,134,90,73,101" hai1="29,115,96,108,18,94,12,2,132,7,128,22,10" hai2="48,45,63,109,85,97,53,3,118,39,67,35,84" hai3="23,76,4,125,33,82,89,42,30,52,103,20,69"/><U102/><E115/><V40/><F109/><W31/><G69/><T113/><D90/><U32/><E108/><V43/><F118/><W46/><G103/><T21/><D14/><U72/><E72/><V112/><F3/><W64/><G64/><T88/><D88/><U78/><E78/><V51/><F35/><W111/><G111/><T104/><D21/><U47/><E132/><V74/><F74/><W116/><G116/><T114/><D13/><U9/><E128/><V58/><F112/><W129/><G4/><T27/><D0/><U15/><E47/><N who="2" m="26087" /><F97/><W62/><G125/><T38/><D38/><U95/><E95/><V122/><F122/><W110/><G110/><T91/><D91/><U65/><E65/><V133/><F133/><W130/><G89/><T37/><D37/><U28/><REACH who="1" step="1"/><E32/><REACH who="1" ten="350,131,212,297" step="2"/><V127/><F127/><W117/><G117/><T131/><D124/><U93/><E93/><V77/><F77/><W80/><G130/><T1/><D131/><U92/><E92/><V19/><F85/><W8/><G129/><T5/><D134/><U83/><E83/><V41/><F84/><W25/><G80/><T49/><D114/><U24/><E24/><V121/><F121/><W6/><G33/><T123/><D34/><U56/><E56/><V44/><F19/><AGARI ba="1,1" hai="2,7,9,10,12,15,18,19,22,28,29,94,96,102" machi="19" ten="30,2900,0" yaku="1,1,7,1,53,0" doraHai="119" doraHaiUra="86" who="1" fromWho="2" sc="350,0,131,42,212,-32,297,0" /><INIT seed="5,2,0,3,2,132" ten="350,173,180,297" oya="1" hai0="25,68,61,11,71,80,60,84,79,24,23,95,50" hai1="127,45,42,12,134,67,101,22,70,69,131,88,116" hai2="119,100,87,26,55,5,130,115,98,91,47,41,6" hai3="15,113,56,10,39,121,122,112,17,0,44,52,118"/><U2/><E2/><V133/><F119/><W20/><G118/><T58/><D11/><U43/><E116/><V34/><F133/><W89/><G89/><T74/><D74/><U111/><E134/><V94/><F130/><W48/><G39/><T7/><D7/><U62/><E70/><V37/><F115/><N who="3" m="44107" /><G0/><T9/><D9/><U27/><E131/><V31/><REACH who="2" step="1"/><F55/><REACH who="2" ten="350,173,170,297" step="2"/><N who="3" m="30087" /><G10/><T28/><D71/><U82/><E111/><V30/><F30/><W29/><G29/><T108/><D68/><U54/><E54/><V46/><F46/><W14/><G122/><T73/><D108/><U18/><E45/><V32/><F32/><W35/><G35/><T117/><D117/><U103/><E43/><V90/><F90/><W78/><G78/><T3/><D28/><U13/><E42/><V76/><F76/><W63/><G121/><T83/><D79/><U135/><E135/><V105/><AGARI ba="2,1" hai="5,6,26,31,34,37,41,47,87,91,94,98,100,105" machi="105" ten="20,2700,0" yaku="1,1,0,1,7,1,53,0" doraHai="132" doraHaiUra="104" who="2" fromWho="2" sc="350,-9,173,-15,170,43,297,-9" /><INIT seed="6,0,0,1,5,53" ten="341,158,213,288" oya="2" hai0="108,13,50,122,104,24,36,121,31,106,97,66,47" hai1="34,131,9,94,81,76,20,123,29,134,38,128,64" hai2="27,129,120,57,25,17,114,43,133,0,78,119,95" hai3="30,116,61,132,58,102,74,70,39,91,63,71,19"/><V2/><F120/><W89/><G116/><T72/><D108/><U54/><E34/><V12/><F119/><W49/><G39/><T40/><D13/><U113/><E38/><V107/><F107/><W33/><G74/><T23/><D72/><U84/><E64/><V44/><F114/><W127/><G102/><T117/><D117/><U60/><E113/><V77/><F129/><W46/><G61/><T56/><D97/><U124/><E123/><V73/><F133/><W109/><G109/><T62/><D122/><U82/><E134/><V4/><F95/><W92/><G89/><T59/><D121/><U135/><E135/><V87/><F73/><W75/><G75/><T110/><D110/><U51/><E60/><V93/><F4/><W14/><G127/><T101/><D101/><U26/><E124/><V96/><F2/><W90/><G90/><T32/><D23/><U86/><E94/><V83/><F78/><W126/><G126/><T130/><D130/><U41/><E41/><V99/><F0/><W1/><G1/><T7/><D7/><U85/><E9/><N who="2" m="6287" /><F57/><W69/><G132/><T35/><D35/><U98/><E98/><N who="2" m="37419" /><F93/><W45/><G71/><T88/><D88/><U3/><E3/><V100/><F100/><W112/><G70/><T68/><D59/><N who="1" m="33247" /><E76/><V42/><F42/><W10/><G69/><T21/><D32/><U22/><E22/><V80/><F80/><N who="1" m="30825" /><E131/><V67/><F67/><N who="3" m="39415" /><G112/><T55/><AGARI ba="0,0" hai="21,24,31,36,40,47,50,55,56,62,66,68,104,106" machi="55" ten="30,7900,0" yaku="0,1,24,2,52,1" doraHai="53" who="0" fromWho="0" sc="341,79,158,-20,213,-39,288,-20" /><INIT seed="7,0,0,1,1,123" ten="420,138,174,268" oya="3" hai0="110,8,44,65,76,97,13,27,93,74,48,131,56" hai1="118,122,4,91,28,96,30,115,46,112,60,130,63" hai2="40,80,52,135,107,47,22,88,45,75,1,103,20" hai3="129,104,117,105,121,64,15,87,19,14,84,6,49"/><W29/><G117/><T92/><D110/><U90/><E122/><V85/><F1/><W128/><G64/><T119/><D119/><U31/><E118/><V132/><F75/><W102/><G19/><T106/><D131/><U11/><E130/><V62/><F103/><W86/><G49/><T32/><D76/><U37/><E37/><V113/><F107/><W25/><G86/><T120/><D74/><U95/><E46/><V5/><F5/><W66/><G66/><T39/><D39/><U77/><E77/><V42/><F113/><W82/><G25/><T38/><D38/><U114/><REACH who="1" step="1"/><E91/><REACH who="1" ten="420,128,174,268" step="2"/><V78/><F78/><W109/><G121/><T127/><D120/><U41/><E41/><N who="2" m="15979" /><F132/><W73/><G128/><T98/><D93/><U59/><E59/><N who="2" m="35175" /><F135/><W134/><G129/><T67/><D48/><U51/><E51/><V126/><F126/><W10/><G134/><T33/><D13/><AGARI ba="0,1" hai="4,11,13,28,30,31,60,63,90,95,96,112,114,115" machi="13" ten="50,3200,0" yaku="1,1,15,1,53,0" doraHai="123" doraHaiUra="79" who="1" fromWho="0" sc="420,-32,128,42,174,0,268,0" owari="388,49.0,170,-33.0,174,-23.0,268,7.0" /></mjloggm>