<mjloggm ver="2.3"><GO type="169" lobby="0"/><UN n0="%E3%81%82%E3%82%89%E3%81%8C%E3%81%8D%E3%81%82%E3%82%84%E3%81%9B" n1="%E3%82%B5%E3%83%96%E3%82%A2%E3%83%A9%E3%83%89" n2="%E3%82%A6%E3%83%AB%E3%83%88%E3%83%A9%E7%AB%8B%E7%9B%B4" n3="%30%34%34%41%50%44" dan="18,16,18,17" rate="2251.84,2113.07,2235.06,2178.98" sx="F,M,M,M"/><TAIKYOKU oya="0"/><INIT seed="0,0,0,3,3,17" ten="250,250,250,250" oya="0" hai0="18,10,99,67,134,27,33,80,25,111,31,9,100" hai1="39,81,40,112,64,73,24,59,129,50,0,84,124" hai2="29,116,70,132,21,49,91,102,35,98,69,42,126" hai3="12,52,22,108,130,23,1,97,2,54,115,117,110"/><T71/><D134/><U20/><E0/><N who="3" m="106" /><G115/><T123/><D123/><U119/><E119/><V74/><F35/><W61/><G117/><T121/><D121/><U58/><E112/><V41/><F74/><W19/><G97/><T32/><D111/><N who="3" m="42537" /><G130/><T94/><D80/><U15/><E124/><V72/><F49/><W57/><G54/><T45/><D45/><U36/><E73/><V128/><F72/><W47/><G47/><T63/><REACH who="0" step="1"/><D18/><REACH who="0" ten="240,250,250,250" step="2"/><U37/><E129/><V38/><F128/><W30/><G30/><AGARI ba="0,1" hai="9,10,25,27,30,31,32,33,63,67,71,94,99,100" machi="30" ten="40,7700,0" yaku="1,1,2,1,9,1,53,0" doraHai="17" doraHaiUra="120" who="0" fromWho="3" sc="240,87,250,0,250,0,250,-77" /><INIT seed="0,1,0,4,1,117" ten="327,250,250,173" oya="0" hai0="66,134,133,32,124,104,11,9,91,100,115,42,47" hai1="74,31,101,26,23,116,33,65,121,112,119,35,123" hai2="120,92,27,41,60,14,106,36,4,95,102,69,17" hai3="84,111,110,56,28,20,83,24,129,80,99,71,8"/><T81/><D115/><U22/><E65/><V72/><F72/><W12/><G71/><T1/><D32/><N who="1" m="12363" /><E101/><V63/><F27/><W94/><G129/><T3/><D66/><U13/><E74/><V128/><F4/><W50/><G84/><T130/><D130/><U16/><E112/><V122/><F14/><W76/><G76/><T39/><D124/><U86/><E86/><V38/><F17/><W0/><G0/><T5/><D91/><U118/><AGARI ba="1,0" hai="13,16,22,23,26,31,116,118,119,121,123" m="12363" machi="118" ten="40,8000,1" yaku="34,2,52,2,54,1" doraHai="117" who="1" fromWho="1" sc="327,-41,250,83,250,-21,173,-21" /><INIT seed="1,0,0,1,2,79" ten="286,333,229,152" oya="1" hai0="59,21,128,76,29,107,69,28,55,123,14,131,23" hai1="35,118,129,62,135,132,111,54,31,41,4,18,57" hai2="12,126,89,63,20,51,102,33,11,74,77,2,9" hai3="0,113,53,70,3,58,88,16,26,91,101,34,19"/><U117/><E129/><V52/><F33/><W83/><G113/><T120/><D69/><U84/><E41/><V45/><F126/><W60/><G70/><T130/><D107/><U96/><E4/><V100/><F2/><W98/><G0/><T13/><D76/><U90/><E96/><V104/><F104/><W85/><G3/><T119/><D55/><U125/><E18/><V10/><F89/><N who="3" m="51391" /><G34/><T1/><D59/><U47/><E47/><V81/><F63/><W5/><G5/><T22/><D1/><U105/><E105/><V99/><F99/><W109/><G109/><T80/><D80/><N who="1" m="49415" /><E125/><V134/><F134/><N who="1" m="51241" /><E111/><V87/><F74/><W114/><G114/><T38/><D38/><U37/><E37/><V108/><F108/><W44/><G19/><AGARI ba="0,0" hai="9,10,11,12,19,20,45,51,52,77,81,87,100,102" machi="19" ten="40,5200,0" yaku="8,1,52,1,54,1" doraHai="79" who="2" fromWho="3" sc="286,0,333,0,229,52,152,-52" /><INIT seed="2,0,0,2,0,59" ten="286,333,281,100" oya="2" hai0="55,115,92,69,41,58,119,80,65,124,23,21,47" hai1="109,81,60,103,116,105,29,82,46,11,127,112,77" hai2="14,68,117,10,34,33,71,53,42,13,67,131,48" hai3="106,32,37,66,52,121,118,4,89,30,74,19,16"/><V101/><F117/><W18/><G118/><T78/><D119/><U133/><E116/><RYUUKYOKU type="kaze4" ba="0,0" sc="286,0,333,0,281,0,100,0" /><INIT seed="2,1,0,3,4,55" ten="286,333,281,100" oya="2" hai0="128,11,9,61,99,53,85,127,12,22,131,45,70" hai1="120,117,76,6,104,49,105,34,1,48,114,13,26" hai2="116,39,38,94,87,84,125,58,18,92,56,59,112" hai3="107,95,78,130,35,110,2,10,96,97,40,33,69"/><V17/><F125/><W121/><G121/><T124/><D99/><U64/><E117/><V62/><F62/><W27/><G110/><T30/><D70/><U51/><E114/><V73/><F73/><W103/><G130/><N who="0" m="49707" /><D85/><N who="2" m="32842" /><F112/><W31/><G78/><T83/><D83/><U100/><E1/><V25/><F25/><W37/><G69/><T28/><D45/><U111/><E111/><V20/><F20/><W80/><G80/><T133/><D133/><U16/><E76/><V91/><F91/><W36/><G40/><T77/><D77/><U4/><E64/><V89/><F89/><W29/><G95/><N who="2" m="36393" /><F116/><W109/><G109/><T86/><D86/><U122/><E26/><V113/><F113/><W23/><G96/><T66/><D66/><U68/><E34/><V54/><F54/><W79/><G79/><T0/><D61/><U19/><E68/><V98/><F98/><W42/><G42/><T43/><D53/><U71/><E71/><V63/><F63/><W44/><G44/><T106/><D43/><U93/><E93/><V129/><F129/><W65/><G65/><T118/><D118/><U81/><E81/><V135/><F135/><W72/><G72/><T8/><D0/><U115/><E115/><V75/><F75/><W88/><G88/><T123/><D123/><U132/><E132/><V102/><F102/><W108/><G108/><T101/><D127/><U14/><E51/><V82/><F82/><W3/><G3/><T52/><D124/><U126/><E126/><V15/><F15/><W134/><G134/><T46/><D12/><U119/><E119/><RYUUKYOKU ba="1,0" sc="286,-15,333,15,281,15,100,-15" hai1="4,6,13,14,16,19,48,49,100,104,105,120,122" hai2="17,18,38,39,56,58,59" /><INIT seed="2,2,0,1,3,7" ten="271,348,296,85" oya="2" hai0="31,86,35,91,126,94,46,40,19,83,67,25,8" hai1="66,62,127,65,84,14,42,59,113,119,81,118,28" hai2="75,21,5,96,110,68,131,45,12,44,103,9,50" hai3="106,111,24,77,116,15,105,87,0,20,61,117,88"/><V4/><F131/><W101/><G0/><T102/><D126/><U115/><E127/><V18/><F68/><W53/><G111/><T125/><D125/><U38/><E28/><V130/><F130/><W70/><G77/><T52/><D67/><U133/><E14/><V36/><F75/><W95/><G15/><N who="0" m="7655" /><D40/><U123/><E84/><V108/><F36/><W129/><G129/><T78/><D102/><U1/><E1/><V34/><F34/><W76/><G76/><T17/><D17/><U33/><E33/><V54/><F45/><W120/><G120/><T6/><D6/><U97/><E97/><V47/><F47/><W79/><G79/><T43/><D43/><U72/><E81/><V69/><F69/><W114/><G114/><T41/><D41/><U104/><E104/><V13/><REACH who="2" step="1"/><F4/><REACH who="2" ten="271,348,286,85" step="2"/><W64/><G70/><T122/><D35/><U89/><E72/><V49/><F49/><W132/><G61/><T48/><D122/><U128/><E128/><V124/><F124/><W107/><G116/><T10/><D48/><U92/><E123/><V37/><F37/><W90/><G117/><T26/><D46/><U100/><E38/><V27/><F27/><W63/><G24/><T121/><D26/><U29/><E119/><V93/><AGARI ba="2,1" hai="5,9,12,13,18,21,44,50,54,93,96,103,108,110" machi="93" ten="30,11700,0" yaku="1,1,0,1,52,1,53,1" doraHai="7" doraHaiUra="3" who="2" fromWho="2" sc="271,-41,348,-41,286,133,85,-41" /><INIT seed="2,3,0,4,0,101" ten="230,307,419,44" oya="2" hai0="50,83,44,123,132,8,124,27,13,115,64,54,1" hai1="12,58,33,52,108,66,110,81,49,9,87,30,42" hai2="130,62,23,25,43,107,2,57,22,116,95,28,17" hai3="19,71,90,91,111,37,5,21,68,38,129,76,134"/><V51/><F2/><W112/><G76/><T35/><D123/><U98/><E66/><V10/><F116/><W93/><G5/><T72/><D115/><U36/><E98/><V92/><F10/><W73/><G73/><T31/><D132/><U102/><E102/><V86/><F107/><W105/><G134/><T67/><D124/><U109/><E30/><V26/><F130/><W104/><G112/><T40/><D1/><U18/><E33/><V34/><F34/><W94/><G19/><T135/><D135/><U16/><E42/><V99/><F86/><W89/><G21/><T7/><D72/><U118/><E36/><N who="3" m="13930" /><G129/><T128/><D128/><U46/><E58/><V29/><F17/><W114/><G114/><T100/><D100/><U41/><E41/><V78/><F78/><W32/><G32/><T126/><D126/><U103/><E103/><V82/><F82/><W79/><G79/><T77/><D54/><U0/><E0/><V122/><F99/><W117/><G117/><T4/><D7/><N who="1" m="3135" /><E118/><V59/><F122/><W47/><G111/><T113/><D113/><U97/><E97/><V70/><F29/><W65/><G65/><T119/><D119/><U131/><E131/><V55/><F28/><W45/><G71/><T39/><D39/><U14/><E14/><V48/><F70/><W24/><G24/><T74/><AGARI ba="3,0" hai="4,8,13,27,31,35,40,44,50,64,67,74,77,83" machi="74" ten="20,1500,0" yaku="0,1,7,1" doraHai="101" who="0" fromWho="0" sc="230,24,307,-7,419,-10,44,-7" /><INIT seed="3,0,0,2,5,43" ten="254,300,409,37" oya="3" hai0="75,50,44,123,5,11,31,88,111,120,18,91,110" hai1="70,65,125,55,80,102,76,59,122,52,73,45,26" hai2="119,13,134,61,94,6,2,47,60,108,106,23,57" hai3="95,113,126,0,90,20,104,66,38,32,92,3,16"/><W67/><G113/><T15/><D75/><U85/><E122/><V118/><F106/><W74/><G104/><T114/><D31/><U56/><E125/><V37/><F2/><W33/><G74/><T53/><D114/><U12/><E73/><V77/><F77/><W79/><G79/><T71/><D71/><U116/><E116/><V87/><F61/><W133/><G38/><T81/><D5/><U109/><E102/><V54/><F94/><N who="3" m="35883" /><G90/><T127/><D127/><U21/><E109/><N who="0" m="41481" /><D91/><U130/><E130/><V27/><F87/><AGARI ba="0,0" hai="11,15,18,44,50,53,81,87,88,120,123" m="41481" machi="87" ten="30,7700,0" yaku="25,1,14,1,52,1,54,1" doraHai="43" who="0" fromWho="2" sc="254,77,300,0,409,-77,37,0" /><INIT seed="4,0,0,5,5,82" ten="331,300,332,37" oya="0" hai0="27,10,117,20,90,102,85,3,93,22,16,103,2" hai1="83,108,31,40,125,104,62,21,96,134,77,89,13" hai2="80,17,116,29,12,6,25,7,61,32,36,73,58" hai3="76,98,52,105,37,44,50,129,106,64,57,111,92"/><T24/><D117/><U67/><E108/><V115/><F36/><W5/><G111/><T19/><REACH who="0" step="1"/><D10/><REACH who="0" ten="321,300,332,37" step="2"/><U11/><E11/><V70/><F116/><W28/><G129/><T135/><D135/><U71/><E134/><V38/><F115/><W114/><G114/><T65/><D65/><U109/><E109/><V49/><F6/><W18/><G5/><T59/><D59/><U100/><E125/><V121/><F7/><W74/><G64/><T97/><D97/><U30/><E40/><V130/><F58/><W86/><G57/><T84/><D84/><U39/><E39/><V56/><F38/><W91/><G37/><T120/><D120/><U9/><E21/><V26/><F56/><W45/><G74/><T14/><D14/><U4/><REACH who="1" step="1"/><E89/><REACH who="1" ten="321,290,332,37" step="2"/><V110/><F110/><W94/><G91/><T48/><D48/><U15/><E15/><V99/><F12/><W0/><G50/><T112/><D112/><U118/><E118/><V123/><F49/><W51/><G51/><T8/><D8/><U122/><E122/><V132/><F132/><W127/><G127/><T23/><D23/><U75/><AGARI ba="0,2" hai="4,9,13,30,31,62,67,71,75,77,83,96,100,104" machi="75" ten="20,2700,0" yaku="1,1,0,1,7,1,53,0" doraHai="82" doraHaiUra="113" who="1" fromWho="1" sc="321,-13,290,47,332,-7,37,-7" /><INIT seed="5,0,0,4,5,41" ten="308,337,325,30" oya="1" hai0="72,55,96,48,54,64,1,52,31,135,26,18,6" hai1="113,85,106,66,88,125,29,57,107,27,65,82,46" hai2="19,12,62,128,4,104,77,32,108,124,70,134,30" hai3="81,119,5,53,127,126,95,2,91,94,121,37,99"/><U23/><E113/><V59/><F108/><W103/><G37/><T75/><D135/><U74/><E74/><V87/><F104/><W117/><G5/><T109/><D109/><U15/><E125/><N who="3" m="47626" /><G2/><T132/><D132/><U45/><E107/><V90/><F70/><W123/><G81/><T16/><D64/><N who="1" m="24683" /><E106/><V22/><F124/><W98/><G53/><T92/><D75/><U49/><E15/><V110/><F110/><W63/><G63/><T120/><D120/><AGARI ba="0,0" hai="91,94,95,98,99,103,117,119,120,121,123" m="47626" machi="120" ten="30,3900,0" yaku="18,1,34,2" doraHai="41" who="3" fromWho="0" sc="308,-39,337,0,325,0,30,39" /><INIT seed="6,0,0,2,2,19" ten="269,337,325,69" oya="2" hai0="23,34,125,98,101,40,85,0,57,84,116,24,71" hai1="26,46,42,109,29,16,5,118,79,62,51,113,121" hai2="99,111,14,120,43,2,36,33,102,82,32,66,49" hai3="64,114,73,132,30,81,39,37,18,94,115,78,52"/><V128/><F120/><W100/><G132/><T130/><D71/><U70/><E109/><V20/><F2/><W107/><G64/><T110/><D34/><U54/><E118/><V88/><F36/><W87/><G30/><T65/><D116/><U35/><E113/><N who="3" m="43018" /><G107/><T95/><D110/><U90/><E121/><V10/><F66/><W77/><G77/><T69/><D69/><U80/><E5/><V7/><F111/><W103/><G103/><T53/><D130/><U13/><E90/><V50/><F128/><W61/><G100/><T119/><D125/><U123/><E123/><V89/><F33/><W92/><G92/><T108/><D0/><U86/><E70/><V68/><F32/><W1/><G1/><T75/><D75/><U22/><E62/><V41/><F68/><W11/><G11/><T97/><D119/><U133/><E133/><V58/><F102/><W45/><G18/><T15/><D108/><U27/><E27/><V4/><F4/><W83/><G83/><T28/><D98/><U96/><E96/><V106/><F106/><W124/><G124/><T38/><D65/><U122/><E122/><V127/><F127/><W48/><G61/><T60/><REACH who="0" step="1"/><D15/><REACH who="0" ten="259,337,325,69" step="2"/><U131/><E131/><V93/><F99/><W59/><G73/><T134/><D134/><U3/><E3/><V126/><F126/><W117/><G117/><T17/><D17/><U63/><E35/><V104/><F14/><W12/><G12/><T72/><D72/><U76/><E13/><V47/><F7/><W135/><G135/><T21/><D21/><U8/><E22/><RYUUKYOKU ba="0,1" sc="259,30,337,-10,325,-10,69,-10" hai0="23,24,28,38,40,53,57,60,84,85,95,97,101" /><INIT seed="7,1,1,2,2,16" ten="289,327,315,59" oya="3" hai0="27,71,50,83,92,109,54,110,44,17,77,18,119" hai1="66,75,26,132,105,62,6,124,7,57,94,47,67" hai2="89,98,121,106,122,74,72,88,5,76,113,37,14" hai3="112,95,114,30,21,49,33,97,24,11,78,36,86"/><W32/><G36/><T79/><D119/><U135/><E75/><N who="2" m="28715" /><F37/><W39/><G39/><T45/><D71/><U111/><E105/><V20/><F76/><W42/><G11/><T28/><D79/><U101/><E111/><V126/><F113/><N who="3" m="43627" /><G42/><T65/><D65/><U120/><E124/><V10/><F20/><N who="3" m="15623" /><G49/><T0/><D0/><U1/><E1/><V53/><F53/><W128/><G128/><T96/><D110/><U68/><E68/><V63/><F63/><W134/><G134/><N who="1" m="51242" /><E67/><V131/><F131/><W90/><G21/><N who="0" m="15471" /><D109/><U29/><E120/><N who="2" m="46187" /><F126/><W12/><G12/><T80/><D45/><U107/><E107/><V85/><F85/><W8/><G8/><T81/><D77/><U61/><E61/><V4/><F4/><W40/><G40/><T125/><D125/><U115/><E47/><V41/><F41/><W15/><G15/><T84/><D84/><U73/><E73/><V118/><F118/><W133/><G133/><T64/><D64/><U59/><E59/><V104/><F104/><W38/><G38/><T19/><D19/><U60/><E60/><V43/><F43/><W58/><G58/><T100/><AGARI ba="1,1" hai="17,18,44,50,54,80,81,83,92,96,100" m="15471" machi="100" ten="30,2000,0" yaku="8,1,52,1" doraHai="16" who="0" fromWho="0" sc="289,33,327,-6,315,-6,59,-11" owari="322,42.0,321,12.0,309,-9.0,48,-45.0" /></mjloggm>