<mjloggm ver="2.3"><GO type="169" lobby="0"/><UN n0="%E3%81%93%E3%81%84%E3%82%8F%E3%81%84%E3%82%88%E3%81%A4%E3%81%B0" n1="%E3%83%88%E3%83%88%E3%83%AA%E5%85%88%E7%94%9F%31%39%E6%AD%B3" n2="%7A%6F%6F%31%39%36%34" n3="%E6%A1%83%E3%82%84%E3%82%93" dan="16,19,17,16" rate="2134.40,2340.44,2226.95,2120.62" sx="M,F,M,M"/><TAIKYOKU oya="0"/><INIT seed="0,0,0,0,5,22" ten="250,250,250,250" oya="0" hai0="90,81,21,39,110,131,115,72,68,70,116,7,49" hai1="2,57,8,26,135,11,91,52,55,63,127,17,18" hai2="29,83,92,28,130,75,4,16,133,124,125,24,99" hai3="77,15,64,62,80,97,100,30,20,58,37,10,128"/><T32/><D32/><U69/><E135/><V54/><F4/><W48/><G37/><T94/><D39/><U84/><E127/><V93/><F133/><W73/><G128/><T76/><D115/><U105/><E105/><V98/><F130/><W85/><G48/><T120/><D131/><U27/><E69/><V109/><F109/><W126/><G126/><N who="2" m="48745" /><F54/><W122/><G122/><T61/><D120/><U121/><E121/><V56/><F56/><W53/><G73/><T19/><D116/><U25/><E55/><V34/><F75/><W47/><G47/><T36/><D36/><U60/><E60/><V6/><F6/><W38/><G38/><T0/><D110/><U89/><E89/><N who="2" m="55567" /><F83/><W3/><G3/><T119/><D119/><U88/><E91/><N who="2" m="55743" /><F29/><W42/><G42/><T104/><D61/><U114/><E114/><V96/><F96/><W59/><G59/><T106/><D70/><U74/><E74/><V71/><F71/><W45/><G45/><T118/><D68/><U132/><E132/><V113/><F113/><W129/><G129/><T31/><D31/><U5/><REACH who="1" step="1"/><E11/><REACH who="1" ten="250,240,250,250" step="2"/><V33/><F33/><W65/><G53/><T50/><D72/><U87/><E87/><V102/><F102/><W103/><G65/><T1/><D106/><U44/><E44/><V95/><F95/><AGARI ba="0,1" hai="2,5,8,17,18,25,26,27,52,57,63,84,88,95" machi="95" ten="40,12000,2" yaku="1,1,52,3,54,2,53,0" doraHai="22" doraHaiUra="101" who="1" fromWho="2" sc="250,0,240,130,250,-120,250,0" /><INIT seed="1,0,0,5,0,67" ten="250,370,130,250" oya="1" hai0="116,19,94,52,88,42,68,1,35,78,75,115,22" hai1="102,77,82,84,70,45,119,62,41,60,27,81,15" hai2="63,0,85,97,105,129,72,80,117,64,3,86,50" hai3="10,74,99,47,54,37,73,29,38,39,126,107,114"/><U59/><E119/><V18/><F117/><W69/><G114/><T33/><D116/><U25/><E102/><V24/><F129/><W23/><G126/><T11/><D115/><U98/><E98/><V32/><F72/><W55/><G10/><T71/><D52/><N who="1" m="33895" /><E70/><V123/><F123/><W125/><G125/><T28/><D42/><U106/><E106/><V103/><F50/><W49/><G23/><T13/><D78/><U40/><E62/><V130/><F130/><W36/><G29/><T56/><D56/><U8/><E82/><V135/><F135/><W95/><G69/><T112/><D75/><U30/><E30/><V65/><F65/><W110/><G107/><T104/><D104/><U89/><E89/><V79/><F86/><W76/><G76/><T87/><D112/><U109/><E109/><V6/><F6/><W124/><G110/><T26/><D35/><U21/><E21/><V9/><F9/><W118/><G118/><T90/><D90/><U16/><E41/><V92/><F105/><W34/><G34/><T20/><D22/><U127/><E127/><V48/><F48/><AGARI ba="0,0" hai="8,15,16,25,27,40,45,48,77,81,84" m="33895" machi="48" ten="30,5800,0" yaku="8,1,54,2" doraHai="67" who="1" fromWho="2" sc="250,0,370,58,130,-58,250,0" /><INIT seed="1,1,0,1,1,20" ten="250,428,72,250" oya="1" hai0="86,52,63,3,81,120,4,15,6,126,72,98,122" hai1="85,62,100,36,101,53,13,134,22,114,32,31,127" hai2="57,34,88,74,128,10,110,61,102,124,33,84,16" hai3="109,8,48,118,41,89,17,55,9,93,129,67,108"/><U117/><E114/><V119/><F74/><W68/><G129/><T112/><D112/><U39/><E117/><V107/><F119/><W56/><G118/><T12/><D72/><U121/><E121/><N who="0" m="46697" /><D98/><U28/><E32/><V11/><F128/><W37/><G17/><T132/><D132/><U64/><E134/><V103/><F110/><W95/><G9/><N who="0" m="2207" /><D6/><U25/><E31/><V87/><F124/><W50/><G8/><T115/><D115/><U30/><E30/><V76/><F107/><W42/><G93/><T0/><D0/><U71/><E127/><V83/><F34/><W47/><G89/><N who="0" m="51407" /><D126/><U35/><E85/><V14/><F33/><W59/><G95/><T106/><D106/><U91/><E91/><V79/><F79/><W51/><G42/><T97/><D97/><U19/><REACH who="1" step="1"/><E53/><REACH who="1" ten="250,418,72,250" step="2"/><V104/><F104/><W46/><G46/><T116/><D116/><U133/><E133/><V75/><F75/><W92/><G55/><T29/><D29/><U80/><E80/><N who="2" m="49255" /><F11/><W125/><G125/><T23/><D23/><U78/><E78/><V44/><F44/><W24/><G92/><T69/><D52/><AGARI ba="1,1" hai="10,14,16,52,57,61,76,83,84,102,103" m="49255" machi="52" ten="30,7700,0" yaku="8,1,54,3" doraHai="20" who="2" fromWho="0" sc="250,-80,418,0,72,90,250,0" /><INIT seed="2,0,0,2,2,129" ten="170,418,162,250" oya="2" hai0="85,41,83,71,42,16,116,92,134,48,132,8,101" hai1="34,28,53,108,54,77,14,35,19,61,6,70,5" hai2="110,43,50,27,88,18,49,112,84,91,87,57,62" hai3="135,123,133,4,63,1,68,12,114,75,58,109,72"/><V38/><F112/><W130/><G123/><T39/><D39/><U36/><E36/><V118/><F118/><W111/><G130/><T73/><D71/><U78/><E108/><N who="3" m="41546" /><G114/><T128/><D128/><U66/><E6/><V33/><F110/><W89/><G68/><T64/><D64/><U81/><E5/><V97/><F38/><W3/><G89/><T122/><D122/><U9/><E77/><V99/><F33/><W105/><G12/><N who="0" m="7175" /><D73/><N who="3" m="28233" /><G105/><T59/><D116/><U104/><E104/><V30/><F30/><W56/><G4/><T100/><D92/><U119/><E119/><V10/><F99/><W31/><G31/><T115/><D115/><U107/><E107/><V47/><F50/><W24/><G24/><T13/><D13/><U127/><E34/><V95/><F91/><W82/><G82/><T117/><D117/><U86/><E28/><V106/><F106/><W103/><G103/><N who="0" m="39499" /><D48/><U2/><E35/><V25/><F25/><W131/><G131/><T20/><D20/><U80/><E70/><V29/><F29/><W65/><G58/><T126/><D59/><U113/><E14/><N who="2" m="7511" /><F27/><W98/><G98/><T21/><D21/><U7/><E113/><V60/><F60/><W37/><G37/><T120/><D120/><U11/><E19/><V76/><F76/><W44/><G44/><T22/><D22/><U15/><E15/><V23/><F23/><W125/><G125/><T32/><D32/><U94/><E127/><V79/><F79/><W0/><AGARI ba="0,0" hai="0,1,3,56,63,65,133,135" m="28233,41546" machi="0" ten="40,5200,0" yaku="14,1,52,2" doraHai="129" who="3" fromWho="3" sc="170,-13,418,-13,162,-26,250,52" /><INIT seed="3,0,0,4,5,12" ten="157,405,136,302" oya="3" hai0="123,34,99,98,56,57,32,132,76,64,83,24,61" hai1="120,42,116,75,126,100,107,40,37,14,17,70,68" hai2="121,52,93,87,92,82,22,38,69,6,105,133,16" hai3="101,63,58,77,131,65,90,20,122,67,44,26,97"/><W27/><G122/><T73/><D123/><U134/><E120/><V10/><F69/><W79/><G131/><T47/><D132/><U129/><E75/><V108/><F38/><W4/><G67/><T49/><D57/><U94/><E107/><V91/><F105/><W104/><G4/><T18/><D34/><U127/><E134/><V25/><F133/><W96/><G27/><T9/><D32/><U15/><E129/><V128/><F108/><W117/><G117/><T11/><D11/><U74/><E74/><V41/><F41/><N who="1" m="15977" /><E37/><V54/><F128/><W86/><G96/><T71/><D71/><U19/><E116/><V31/><F31/><W23/><G23/><T119/><D119/><U46/><E46/><V130/><F130/><W39/><G44/><T81/><D81/><U45/><E94/><N who="2" m="36459" /><F121/><W89/><G39/><T43/><REACH who="0" step="1"/><D24/><REACH who="0" ten="147,405,136,302" step="2"/><U124/><E45/><V112/><F112/><W13/><G26/><T30/><D30/><U102/><E70/><V36/><F36/><W110/><G58/><T1/><D1/><U0/><E0/><V35/><F35/><W21/><G110/><T3/><D3/><U118/><E118/><V2/><F2/><W78/><G13/><AGARI ba="0,1" hai="9,13,18,43,47,49,56,61,64,73,76,83,98,99" machi="13" ten="40,5200,0" yaku="1,1,52,1,53,1" doraHai="12" doraHaiUra="7" who="0" fromWho="3" sc="147,62,405,0,136,0,302,-52" /><INIT seed="4,0,0,3,1,132" ten="209,405,136,250" oya="0" hai0="23,76,122,135,83,63,17,104,99,133,25,82,41" hai1="8,115,67,43,123,56,92,33,61,31,89,36,0" hai2="68,64,130,48,29,65,96,81,39,6,51,112,1" hai3="128,49,52,121,12,110,98,14,50,134,27,2,11"/><T111/><D122/><U20/><E123/><V85/><F39/><W94/><G121/><T69/><D41/><U97/><E33/><V73/><F73/><W24/><G110/><T5/><D5/><U79/><E115/><V54/><F112/><W45/><G2/><T87/><D111/><U38/><E43/><V59/><F130/><W70/><G70/><T106/><D83/><U77/><E38/><V21/><F68/><W103/><G134/><N who="0" m="51211" /><D99/><U75/><E36/><V90/><F1/><W42/><G12/><T129/><D129/><U95/><E75/><V91/><F6/><W117/><G117/><T118/><D118/><U116/><E8/><V107/><F107/><W34/><G34/><T131/><D131/><U66/><E0/><V58/><F29/><W40/><G40/><T19/><D19/><U32/><E32/><V88/><F21/><W109/><G109/><T72/><D72/><U101/><E116/><V80/><F96/><W53/><G42/><T28/><D28/><U78/><E92/><V84/><F91/><W113/><G113/><T7/><D7/><U15/><E89/><V62/><F48/><W120/><G120/><T105/><D105/><U74/><E74/><V47/><F59/><N who="3" m="33167" /><G128/><T9/><D9/><U4/><E4/><AGARI ba="0,0" hai="4,11,14,24,27,45,50,53,94,98,103" m="33167" machi="4" ten="30,2000,0" yaku="8,1,54,1" doraHai="132" who="3" fromWho="1" sc="209,0,405,-20,136,0,250,20" /><INIT seed="5,0,0,1,2,28" ten="209,385,136,270" oya="1" hai0="81,66,29,118,46,74,34,135,30,72,36,20,92" hai1="57,127,48,123,98,35,111,63,128,18,19,1,96" hai2="115,13,50,101,77,109,75,45,97,5,121,132,134" hai3="106,24,120,43,26,31,0,23,67,94,93,40,41"/><U88/><E123/><V105/><F121/><W70/><G120/><T133/><D118/><U129/><E1/><V71/><F71/><W60/><G0/><T49/><D36/><U2/><E2/><V124/><F109/><W14/><G106/><T116/><D116/><U16/><E111/><V15/><F124/><W85/><G24/><T7/><D7/><U84/><E48/><V12/><F5/><W52/><G85/><T9/><D9/><U25/><E127/><V130/><F130/><N who="1" m="50281" /><E25/><V3/><F3/><W64/><G14/><T56/><D20/><U108/><E35/><V89/><F89/><W8/><G8/><T27/><D30/><U68/><E68/><V11/><F11/><W17/><G67/><T73/><D81/><N who="1" m="49167" /><E108/><V102/><F102/><W62/><G31/><T80/><D80/><U83/><E83/><V51/><F51/><W59/><AGARI ba="0,0" hai="17,23,26,40,41,43,52,59,60,62,64,70,93,94" machi="59" ten="30,2000,0" yaku="0,1,54,1" doraHai="28" who="3" fromWho="3" sc="209,-5,385,-10,136,-5,270,20" /><INIT seed="6,0,0,1,4,49" ten="204,375,131,290" oya="2" hai0="87,131,118,103,81,107,30,95,73,55,28,84,79" hai1="122,4,0,34,97,92,58,104,6,105,108,10,110" hai2="72,89,76,93,52,129,16,36,57,71,27,23,120" hai3="70,20,2,117,17,132,15,127,121,135,61,50,48"/><V22/><F71/><W51/><G2/><T78/><D131/><U119/><E119/><V90/><F129/><W114/><G117/><T42/><D118/><U112/><E34/><V26/><F120/><W134/><G121/><T38/><D38/><U115/><E122/><V126/><F36/><W88/><G127/><T5/><D42/><U29/><E29/><V56/><F126/><W46/><G114/><N who="1" m="43562" /><E6/><V1/><F1/><W102/><G102/><T85/><D85/><U116/><E58/><V33/><F33/><W109/><G109/><N who="1" m="42090" /><E116/><V21/><F57/><W7/><G7/><T98/><D5/><U128/><E128/><V106/><F106/><W19/><G19/><T77/><D87/><U94/><E94/><V86/><F27/><W130/><G130/><T65/><D107/><U68/><E68/><V64/><F64/><N who="3" m="41231" /><G88/><AGARI ba="0,0" hai="0,4,10,88,92,97,104,105" m="42090,43562" machi="88" ten="30,2000,0" yaku="15,1,54,1" doraHai="49" who="1" fromWho="3" sc="204,0,375,20,131,0,290,-20" /><INIT seed="7,0,0,1,4,8" ten="204,395,131,270" oya="3" hai0="108,98,3,57,118,48,28,134,96,22,71,37,99" hai1="84,133,65,31,100,26,92,114,17,106,49,41,94" hai2="6,14,124,1,111,103,36,113,115,76,74,117,97" hai3="15,81,67,20,54,27,105,135,56,29,110,64,11"/><W73/><G105/><T89/><D108/><U45/><E114/><V88/><F111/><W87/><G73/><T116/><D71/><U82/><E133/><V120/><F117/><W107/><G107/><T129/><D37/><U75/><E75/><V7/><F1/><W25/><G25/><N who="0" m="16439" /><D3/><U131/><E131/><V9/><F36/><W2/><G2/><T34/><D34/><U46/><E65/><V109/><F109/><W33/><G33/><T93/><D118/><U62/><E62/><V61/><F124/><W69/><G69/><T119/><D119/><U59/><E59/><V126/><F126/><W58/><G58/><T63/><D134/><U38/><E17/><V23/><F120/><W122/><G122/><T123/><D129/><U12/><E12/><N who="2" m="5175" /><F61/><N who="3" m="35991" /><G135/><T19/><D123/><U66/><E66/><V85/><F76/><N who="3" m="46503" /><G110/><T130/><D130/><U77/><E100/><V10/><F74/><W104/><G104/><T13/><D48/><U125/><E106/><V132/><F132/><W127/><G127/><T79/><D79/><U91/><E77/><V101/><F97/><W47/><G47/><T83/><D116/><U44/><E44/><V128/><F128/><W0/><G0/><T32/><D32/><U112/><E125/><V80/><F23/><W86/><G86/><T78/><D98/><U39/><E39/><V21/><F21/><W43/><G43/><T16/><D96/><U60/><E60/><V18/><F115/><W95/><G95/><T68/><D93/><N who="1" m="35947" /><E112/><V72/><F113/><W40/><G40/><T121/><D121/><U51/><E45/><RYUUKYOKU ba="0,0" sc="204,-15,395,15,131,-15,270,15" hai1="26,31,38,41,46,49,51,82,84,91" hai3="11,15,20,27,29,64,67" /><INIT seed="7,1,0,2,5,77" ten="189,410,116,285" oya="3" hai0="2,71,7,66,18,51,87,93,3,68,74,45,98" hai1="118,133,58,44,59,101,72,107,103,39,80,29,131" hai2="81,92,61,12,53,89,38,17,117,16,20,25,62" hai3="5,33,55,85,82,122,84,35,97,91,49,63,128"/><W110/><G122/><T52/><D74/><U79/><E29/><V0/><F38/><W130/><G110/><T26/><D87/><U48/><E39/><V28/><F117/><W19/><G63/><T54/><D54/><U41/><E118/><V13/><F0/><W134/><G5/><T126/><D126/><U65/><E131/><N who="3" m="50218" /><G134/><T114/><D114/><U109/><E109/><V15/><F61/><W78/><G97/><T124/><D124/><U21/><E133/><V40/><F40/><W113/><G19/><T22/><D66/><U70/><E70/><V36/><F36/><W11/><G11/><T94/><D7/><U6/><E6/><V112/><F112/><W31/><G31/><T14/><D3/><U75/><E65/><V57/><REACH who="2" step="1"/><F81/><REACH who="2" ten="189,410,106,285" step="2"/><N who="3" m="49583" /><G113/><T115/><D115/><U90/><E90/><V73/><F73/><W125/><G125/><T121/><D2/><U132/><E132/><V8/><F8/><W102/><G102/><T42/><D42/><U47/><E41/><V135/><F135/><W127/><G127/><T1/><D1/><U76/><E80/><V24/><F24/><W37/><G37/><T23/><D26/><U34/><E75/><V46/><F46/><AGARI ba="1,1" hai="33,35,46,49,55,78,82,84" m="49583,50218" machi="46" ten="30,5800,0" yaku="19,1,52,2" doraHai="77" who="3" fromWho="2" sc="189,0,410,0,106,-61,285,71" /><INIT seed="7,2,0,2,2,97" ten="189,410,45,356" oya="3" hai0="102,107,90,135,111,47,28,123,85,44,6,18,129" hai1="19,61,100,58,15,53,130,13,121,77,70,72,96" hai2="86,30,91,105,73,106,52,75,79,116,119,125,134" hai3="16,33,128,60,103,51,80,42,124,22,11,118,37"/><W17/><G118/><T1/><D123/><U35/><E121/><V7/><F7/><W3/><G33/><T95/><D111/><U45/><E35/><V81/><F30/><W92/><G37/><T29/><D135/><U69/><E130/><V122/><F52/><W66/><G128/><T89/><D102/><U38/><E13/><V43/><F43/><W93/><G124/><T25/><D107/><U68/><E72/><V40/><F40/><W63/><G80/><T65/><D65/><U62/><E77/><V46/><F46/><N who="3" m="26071" /><G3/><T50/><D1/><U54/><E38/><V59/><F59/><N who="3" m="37151" /><G103/><T83/><D83/><U2/><E2/><V71/><F71/><W26/><G63/><T78/><D44/><U27/><E27/><V21/><F21/><W114/><G114/><T98/><D25/><U94/><E45/><V24/><F24/><W113/><G113/><T117/><D117/><U41/><E41/><V104/><F122/><W48/><G48/><T64/><D50/><U109/><E109/><V108/><F108/><W127/><G127/><T115/><D115/><U82/><E82/><V10/><F10/><W20/><G11/><T56/><D129/><U76/><E76/><V126/><F134/><W4/><G4/><T8/><D6/><U23/><E69/><V112/><F112/><W49/><G49/><T84/><D8/><U133/><E133/><V39/><F39/><W0/><G0/><T12/><D47/><U57/><AGARI ba="2,0" hai="15,19,23,53,54,57,58,61,62,68,70,94,96,100" machi="57" ten="30,4000,0" yaku="0,1,9,1,52,1" doraHai="97" who="1" fromWho="1" sc="189,-12,410,46,45,-12,356,-22" owari="177,-22.0,456,56.0,33,-47.0,334,13.0" /></mjloggm>