<mjloggm ver="2.3"><GO type="169" lobby="0"/><UN n0="%40%72%61%6E%70%61%72%74" n1="%E6%88%B0%E5%A0%B4%E3%83%B6%E5%8E%9F%E3%81%B2%E3%81%9F%E3%81%8E" n2="%65%69%6B%31" n3="%E3%83%88%E3%83%88%E3%83%AA%E5%85%88%E7%94%9F%31%39%E6%AD%B3" dan="16,16,17,19" rate="2183.41,2081.40,2141.42,2288.77" sx="M,F,M,F"/><TAIKYOKU oya="0"/><INIT seed="0,0,0,0,0,56" ten="250,250,250,250" oya="0" hai0="17,114,107,104,74,103,65,49,102,28,88,58,115" hai1="16,119,117,125,110,44,95,9,71,72,43,118,10" hai2="124,40,93,4,32,128,97,8,112,135,59,47,70" hai3="111,45,37,68,39,85,100,105,24,46,116,113,19"/><T50/><D74/><U6/><E72/><V18/><F70/><W11/><G113/><T64/><D49/><U13/><E71/><V62/><F112/><W38/><G116/><T75/><D75/><U80/><E110/><V66/><F32/><W130/><G111/><T60/><D115/><U52/><E95/><V122/><F122/><W33/><G130/><T30/><D114/><U61/><E80/><V67/><F128/><W73/><G73/><T98/><D50/><U86/><E86/><V2/><F124/><W54/><G54/><N who="0" m="33879" /><D107/><U120/><E120/><V14/><F135/><W27/><G85/><T126/><D104/><U48/><E125/><V76/><F76/><W57/><G57/><T35/><D35/><U81/><E81/><V90/><F67/><N who="0" m="25674" /><D126/><U79/><E79/><V134/><F134/><W31/><G68/><T77/><D77/><U69/><E69/><V34/><F34/><W78/><G78/><T106/><D106/><U20/><E6/><V89/><F2/><W94/><G105/><T84/><D17/><U83/><REACH who="1" step="1"/><E83/><REACH who="1" ten="250,240,250,250" step="2"/><V127/><F127/><W36/><G94/><N who="0" m="58711" /><D103/><U5/><E5/><V51/><F4/><W55/><G100/><AGARI ba="0,1" hai="8,14,18,40,47,51,59,62,66,89,90,93,97,100" machi="100" ten="30,3900,0" yaku="7,1,8,1,52,1" doraHai="56" who="2" fromWho="3" sc="250,0,240,0,250,49,250,-39" /><INIT seed="1,0,0,3,0,22" ten="250,240,299,211" oya="1" hai0="5,59,20,93,31,104,66,26,119,62,126,32,54" hai1="27,91,88,108,110,99,109,11,7,98,51,106,64" hai2="36,30,19,103,15,78,117,37,71,107,131,130,121" hai3="69,135,128,3,14,112,29,84,10,39,72,23,73"/><U111/><E64/><V57/><F71/><W8/><G112/><T33/><D119/><U68/><E68/><V4/><F117/><W18/><G69/><T40/><D104/><U118/><E118/><V12/><F121/><W124/><G39/><T44/><D126/><U94/><E51/><V52/><F78/><W102/><G124/><T35/><D5/><U92/><N who="1" m="27648" /><DORA hai="116" /><U114/><E114/><V9/><F30/><W60/><G128/><N who="2" m="49193" /><F103/><W79/><G135/><T81/><D81/><U45/><E45/><V133/><F107/><W75/><G102/><T49/><REACH who="0" step="1"/><D93/><REACH who="0" ten="240,240,299,211" step="2"/><U80/><E106/><V65/><F133/><W129/><G129/><T0/><D0/><U61/><E80/><V16/><F4/><W50/><G3/><T58/><D58/><U96/><E96/><V89/><F65/><AGARI ba="0,1" hai="20,26,31,32,33,35,40,44,49,54,59,62,65,66" machi="65" ten="40,2600,0" yaku="1,1,52,1,53,0" doraHai="22,116" doraHaiUra="70,132" who="0" fromWho="2" sc="240,36,240,0,299,-26,211,0" /><INIT seed="2,0,0,3,4,20" ten="276,240,273,211" oya="2" hai0="112,85,16,70,24,91,107,114,89,14,57,13,19" hai1="74,99,31,80,111,0,22,17,10,30,104,86,94" hai2="96,88,115,1,123,45,100,53,50,27,8,128,126" hai3="95,84,108,90,34,116,105,131,43,132,127,37,7"/><V6/><F115/><W78/><G116/><T9/><D70/><U71/><E71/><V26/><F123/><W67/><G105/><T129/><D107/><U130/><E130/><V133/><F128/><W119/><G131/><T68/><D68/><U58/><E104/><V73/><F73/><W75/><G119/><T72/><D72/><U35/><E111/><V125/><F133/><W55/><G67/><T134/><D129/><U135/><E74/><V38/><F38/><W117/><G127/><N who="2" m="48649" /><F100/><W82/><G108/><T61/><D134/><U33/><E135/><V36/><F36/><W122/><G132/><T98/><D98/><U103/><E33/><V12/><F1/><W83/><G117/><T2/><D2/><U120/><E120/><V42/><F42/><W113/><G113/><T121/><D121/><U110/><E110/><V76/><F76/><W102/><G34/><T93/><D91/><U23/><E35/><V39/><F39/><W28/><G43/><T40/><D40/><U51/><E0/><V56/><F45/><W15/><G37/><T62/><D62/><U48/><E48/><V5/><F5/><W32/><G122/><T41/><D41/><U64/><E51/><V101/><F101/><W66/><G78/><T118/><D118/><U29/><E64/><V124/><N who="2" m="48657" /><V81/><DORA hai="3" /><F96/><W25/><G66/><N who="0" m="39215" /><D114/><U109/><E109/><V97/><F97/><N who="3" m="59711" /><G75/><T77/><D112/><U63/><E63/><V49/><F49/><W11/><G55/><T18/><D77/><N who="1" m="46351" /><E58/><V46/><F56/><W4/><G4/><N who="0" m="3239" /><D14/><AGARI ba="0,0" hai="10,14,17,22,23,29,30,31,94,99,103" m="46351" machi="14" ten="30,1000,0" yaku="8,1" doraHai="20,3" who="1" fromWho="0" sc="276,-10,240,10,273,0,211,0" /><INIT seed="3,0,0,4,2,73" ten="266,250,273,211" oya="3" hai0="124,105,52,13,9,55,120,122,3,39,121,111,87" hai1="88,102,92,14,128,32,131,28,107,58,76,116,82" hai2="1,60,115,53,42,45,46,47,27,97,54,95,24" hai3="109,69,40,7,65,101,126,129,118,12,108,75,100"/><W10/><G118/><T89/><D111/><N who="3" m="42569" /><G129/><N who="1" m="49738" /><E116/><V78/><F1/><W68/><G126/><T6/><D124/><U29/><E14/><V110/><F115/><W86/><G75/><T85/><D105/><U123/><E32/><V44/><F110/><W90/><G40/><T130/><D130/><U18/><E18/><V49/><F78/><W17/><G7/><T36/><D3/><U106/><E58/><N who="2" m="34903" /><F42/><W4/><G4/><T127/><D127/><U61/><E61/><V51/><F51/><W103/><G65/><T81/><REACH who="0" step="1"/><D85/><REACH who="0" ten="256,250,273,211" step="2"/><N who="1" m="52239" /><E123/><V2/><F2/><W63/><G63/><T35/><D35/><U0/><E0/><V16/><F16/><W84/><G84/><T93/><D93/><AGARI ba="0,1" hai="10,12,17,68,69,86,90,93,100,101,103" m="42569" machi="93" ten="30,2900,0" yaku="14,1,10,1" doraHai="73" who="3" fromWho="0" sc="256,-29,250,0,273,0,211,39" /><INIT seed="3,1,0,1,3,9" ten="227,250,273,250" oya="3" hai0="58,97,17,103,16,12,45,60,131,41,49,6,37" hai1="52,113,134,107,111,127,105,2,87,32,11,80,112" hai2="132,124,61,18,20,21,7,121,10,108,99,31,42" hai3="83,54,123,110,98,30,81,65,47,5,50,15,70"/><W55/><G123/><T117/><D117/><U3/><E111/><V86/><F108/><W71/><G110/><T28/><D28/><U63/><E32/><V67/><F121/><W46/><G30/><T104/><D131/><U14/><E134/><V125/><F132/><W40/><G98/><T82/><D82/><U4/><E127/><V76/><F42/><W22/><G55/><T89/><D89/><U25/><E25/><V53/><F53/><W57/><G46/><T85/><D85/><U88/><E2/><V13/><F99/><W19/><G5/><T24/><D24/><U100/><E3/><V106/><F106/><W0/><G0/><T35/><D35/><U34/><E34/><V91/><F76/><W8/><G22/><T129/><D129/><U109/><E109/><V51/><F51/><W126/><G126/><N who="2" m="48745" /><F7/><W44/><G44/><T116/><D116/><U133/><E133/><V66/><F31/><W68/><REACH who="3" step="1"/><G65/><REACH who="3" ten="227,250,273,240" step="2"/><N who="2" m="24585" /><F61/><AGARI ba="1,1" hai="8,15,19,40,47,50,54,57,61,68,70,71,81,83" machi="61" ten="40,3900,0" yaku="1,1,52,1,53,0" doraHai="9" doraHaiUra="95" who="3" fromWho="2" sc="227,0,250,0,273,-42,240,52" /><INIT seed="3,2,0,3,4,75" ten="227,250,231,292" oya="3" hai0="42,27,55,104,70,65,72,38,19,133,107,121,12" hai1="6,92,17,4,97,28,5,3,112,131,122,29,43" hai2="123,10,135,73,81,125,91,76,41,33,63,100,56" hai3="36,8,113,130,23,66,87,127,69,32,79,31,37"/><W59/><G113/><T26/><D121/><U30/><E122/><V126/><F123/><W89/><G32/><T115/><D115/><U48/><E112/><V58/><F33/><W67/><G69/><T96/><D72/><U35/><E131/><V45/><F135/><W120/><G120/><T88/><D133/><U95/><E95/><V117/><F117/><W90/><G130/><T74/><D74/><U85/><E35/><V18/><F100/><W40/><G127/><N who="2" m="48649" /><F91/><N who="3" m="34827" /><G40/><T57/><D107/><U22/><E85/><V98/><F98/><W80/><G36/><T118/><D118/><U108/><E108/><V53/><F58/><W52/><G37/><T110/><D110/><U134/><E134/><V124/><N who="2" m="48657" /><V44/><DORA hai="1" /><F41/><W105/><G8/><T46/><D104/><U71/><E71/><V78/><F78/><W86/><G86/><T77/><D77/><U0/><E43/><V49/><F49/><N who="3" m="31119" /><G105/><T20/><D70/><U83/><E48/><V129/><F129/><W93/><G93/><T62/><D38/><U132/><E132/><V16/><F10/><W109/><G109/><T9/><D9/><U68/><E68/><V47/><AGARI ba="2,0" hai="16,18,44,45,47,53,56,63,73,76,81" m="48657" machi="47" ten="50,6400,0" yaku="18,1,52,1,54,1" doraHai="75,1" who="2" fromWho="2" sc="227,-18,250,-18,231,70,292,-34" /><INIT seed="4,0,0,4,4,75" ten="209,232,301,258" oya="0" hai0="116,69,119,130,95,5,30,16,2,124,84,47,94" hai1="19,101,110,91,14,71,121,31,59,1,106,40,6" hai2="24,70,85,54,132,34,45,98,82,44,9,52,83" hai3="133,26,22,134,28,42,125,66,78,74,57,129,21"/><T113/><D69/><U37/><E121/><V10/><F70/><W73/><G129/><T58/><D130/><U0/><E71/><V104/><F132/><N who="3" m="50795" /><G125/><T39/><D124/><U87/><E31/><V17/><F104/><W51/><G78/><T97/><D30/><U32/><E32/><V60/><F98/><W11/><G21/><T80/><D113/><U90/><E90/><V79/><F34/><W131/><G131/><T123/><D123/><U99/><E6/><V12/><F24/><W65/><G11/><T128/><D128/><U72/><E72/><V120/><F120/><W67/><G57/><T109/><D109/><U41/><E59/><N who="2" m="34919" /><F83/><W118/><G118/><T62/><D2/><U55/><E110/><V107/><F107/><W127/><G127/><T92/><D5/><U15/><E1/><V108/><F108/><W100/><G100/><T122/><D122/><U93/><E0/><V77/><F9/><W43/><G43/><T63/><D97/><U20/><E40/><V135/><F135/><W29/><G29/><T27/><D39/><U117/><E117/><V112/><F112/><W64/><N who="3" m="16384" /><DORA hai="102" /><W33/><G33/><T88/><D47/><AGARI ba="0,0" hai="22,26,28,42,47,51,73,74" m="16384,50795" machi="47" ten="50,1600,0" yaku="20,1" doraHai="75,102" who="3" fromWho="0" sc="209,-16,232,0,301,0,258,16" /><INIT seed="5,0,0,2,5,125" ten="193,232,301,274" oya="1" hai0="109,117,25,13,18,133,58,82,59,105,104,77,129" hai1="9,94,30,11,39,130,49,135,132,8,15,127,106" hai2="44,78,124,73,2,63,85,75,91,114,17,23,33" hai3="51,100,16,55,20,110,115,119,54,48,62,120,128"/><U97/><E106/><V87/><F33/><W122/><G110/><T56/><D109/><U21/><E39/><V102/><F2/><W31/><G31/><T46/><D117/><U28/><E127/><V86/><F124/><W70/><G119/><T121/><D121/><U90/><E49/><V72/><F78/><W42/><G42/><T98/><D133/><N who="1" m="51275" /><E15/><V83/><F114/><W5/><G115/><T112/><D112/><U101/><E101/><V84/><F102/><W1/><G128/><T22/><D46/><U60/><E60/><V19/><F23/><W37/><G37/><T96/><D105/><U64/><E64/><V99/><F99/><W53/><G100/><T118/><D118/><U80/><E80/><V107/><F107/><W43/><G5/><T14/><D129/><U27/><E28/><V131/><F131/><AGARI ba="0,0" hai="8,9,11,21,27,30,90,94,97,130,131" m="51275" machi="131" ten="40,7700,0" yaku="20,1,52,2" doraHai="125" who="1" fromWho="2" sc="193,0,232,77,301,-77,274,0" /><INIT seed="5,1,0,2,5,59" ten="193,309,224,274" oya="1" hai0="133,39,86,114,6,57,65,74,135,22,28,87,134" hai1="0,68,99,124,41,77,130,85,104,62,106,43,36" hai2="9,88,4,98,75,27,51,1,100,70,44,109,120" hai3="80,40,126,31,13,113,132,5,49,101,73,14,116"/><U54/><E130/><V10/><F120/><W16/><G113/><T127/><D114/><U112/><E0/><V76/><F109/><W81/><G132/><T71/><D71/><U7/><E124/><V79/><F70/><W53/><G126/><T111/><D111/><U108/><E112/><V29/><F10/><N who="3" m="4303" /><G73/><T23/><D127/><U8/><E104/><V47/><F75/><W63/><G31/><T103/><D74/><U48/><E36/><V125/><F125/><W15/><G15/><T118/><D118/><U37/><E37/><V94/><F100/><W97/><G40/><T96/><D39/><U119/><E119/><V58/><F58/><N who="3" m="35279" /><G49/><T17/><D6/><U102/><E108/><V34/><REACH who="2" step="1"/><F47/><REACH who="2" ten="193,309,214,274" step="2"/><W55/><G116/><T122/><D122/><U90/><E68/><V33/><F33/><W45/><G101/><T82/><D103/><U21/><E102/><V95/><F95/><W64/><G45/><T89/><D135/><U128/><E106/><V121/><F121/><W52/><G80/><T61/><D82/><U50/><E128/><V20/><F20/><W131/><G81/><T32/><D133/><U19/><E21/><V30/><F30/><W91/><G131/><T35/><D22/><U46/><E46/><V92/><F92/><N who="3" m="56479" /><G64/><T69/><D65/><U18/><E8/><AGARI ba="1,1" hai="8,14,16,52,55" m="56479,35279,4303" machi="8" ten="30,7700,0" yaku="8,1,52,1,54,2" doraHai="59" who="3" fromWho="1" sc="193,0,309,-80,214,0,274,90" /><INIT seed="6,0,0,3,5,84" ten="193,229,214,364" oya="2" hai0="41,10,67,110,50,91,12,102,103,62,7,112,108" hai1="99,48,65,23,58,120,75,61,106,32,87,53,4" hai2="89,18,96,27,82,13,104,9,59,121,81,40,24" hai3="92,85,21,45,25,2,100,43,127,76,30,1,88"/><V38/><F121/><W44/><G127/><T80/><D112/><U71/><E32/><V42/><F38/><W11/><G44/><T116/><D116/><U129/><E75/><V86/><F104/><W117/><G117/><T46/><D108/><U28/><E129/><V57/><F96/><W66/><G66/><T107/><D110/><U73/><E4/><V63/><F59/><W111/><G111/><T51/><D107/><U118/><E73/><V20/><F82/><W119/><G119/><T101/><D51/><U19/><E28/><V98/><F98/><W29/><G100/><T52/><D41/><U55/><E55/><V77/><F77/><W26/><G11/><T123/><D123/><U17/><E118/><V94/><F81/><W135/><G135/><T90/><REACH who="0" step="1"/><D80/><REACH who="0" ten="183,229,214,364" step="2"/><U16/><E120/><V133/><F133/><W6/><G43/><N who="2" m="16425" /><F9/><W114/><G114/><T134/><D134/><U47/><E106/><V37/><F37/><W64/><G1/><T33/><D33/><U93/><E23/><V70/><F70/><AGARI ba="0,1" hai="7,10,12,46,50,52,62,67,70,90,91,101,102,103" machi="70" ten="40,8000,1" yaku="1,1,52,2,54,1,53,0" doraHai="84" doraHaiUra="74" who="0" fromWho="2" sc="183,90,229,0,214,-80,364,0" /><INIT seed="7,0,0,0,5,89" ten="273,229,134,364" oya="3" hai0="10,76,21,114,0,55,82,41,134,84,108,28,105" hai1="68,87,96,83,131,32,78,33,81,63,74,26,38" hai2="15,57,88,64,71,44,98,50,133,3,60,128,47" hai3="124,120,9,91,40,110,58,70,75,22,35,36,97"/><W18/><G120/><T99/><D55/><U51/><E131/><V66/><F3/><W52/><G35/><T17/><D21/><U127/><E38/><V104/><F128/><W23/><G70/><T123/><D17/><U37/><E37/><V95/><F133/><W48/><G36/><T85/><D28/><U53/><E127/><V2/><F2/><W93/><G124/><T126/><D10/><U13/><E13/><V20/><F104/><W42/><G110/><T29/><D29/><U39/><E26/><V65/><F71/><W125/><G75/><T5/><D41/><N who="3" m="15977" /><G125/><T77/><D0/><U130/><E39/><V111/><F111/><W132/><G132/><T112/><D5/><U19/><E19/><V62/><F50/><W12/><AGARI ba="0,0" hai="9,12,18,22,23,48,52,58,91,93,97" m="15977" machi="12" ten="30,6000,0" yaku="8,1,52,1,54,1" doraHai="89" who="3" fromWho="3" sc="273,-20,229,-20,134,-20,364,60" owari="253,5.0,209,-19.0,114,-39.0,424,53.0" /></mjloggm>