<mjloggm ver="2.3"><GO type="169" lobby="0"/><UN n0="%E6%B2%96%EF%BC%92%EF%BC%99" n1="%E3%83%88%E3%83%88%E3%83%AA%E5%85%88%E7%94%9F%31%39%E6%AD%B3" n2="%63%72%69%74%74%65%72" n3="%E3%81%82%E3%81%A3%E3%81%8D%E3%83%BC%E3%81%AB%E3%82%83%E3%82%93" dan="17,19,16,17" rate="2178.27,2293.07,2190.32,2123.54" sx="M,F,M,M"/><TAIKYOKU oya="0"/><INIT seed="0,0,0,2,2,112" ten="250,250,250,250" oya="0" hai0="33,44,131,76,99,23,21,56,123,11,111,63,59" hai1="22,7,13,116,52,135,97,133,17,127,83,6,49" hai2="0,91,19,29,105,72,82,119,102,124,69,118,61" hai3="79,34,65,16,57,40,3,45,51,75,81,28,48"/><T107/><D123/><U96/><E127/><V68/><F124/><W8/><G34/><T74/><D33/><U134/><E116/><N who="2" m="44587" /><F0/><W94/><G28/><T31/><D131/><U37/><E37/><V113/><F113/><W39/><G94/><T64/><D111/><U89/><E83/><V42/><F29/><W66/><G16/><T25/><D74/><U84/><E84/><N who="2" m="50583" /><F72/><W121/><G121/><T85/><D76/><U47/><E89/><V62/><F42/><W115/><G115/><T103/><D85/><U26/><E6/><V10/><F10/><AGARI ba="0,0" hai="7,10,13,17,22,26,47,49,52,96,97,133,134,135" machi="10" ten="40,2600,0" yaku="20,1,54,1" doraHai="112" who="1" fromWho="2" sc="250,0,250,26,250,-26,250,0" /><INIT seed="1,0,0,3,2,55" ten="250,276,224,250" oya="1" hai0="67,44,71,10,56,69,113,25,116,93,57,115,60" hai1="119,103,48,46,24,75,9,30,14,70,111,120,117" hai2="94,134,88,130,42,106,87,77,63,31,72,81,36" hai3="76,2,39,3,61,82,50,95,62,13,121,124,118"/><U135/><E120/><V23/><F130/><W53/><G39/><T47/><D25/><U123/><E123/><V5/><F134/><W102/><G121/><T129/><D10/><U54/><E70/><N who="0" m="26633" /><D93/><U7/><E75/><V1/><F1/><W100/><G118/><T22/><D116/><U98/><E135/><V92/><F5/><W108/><G108/><T128/><D22/><U133/><E133/><V41/><F36/><W74/><G124/><T15/><D15/><U20/><REACH who="1" step="1"/><E111/><REACH who="1" ten="250,266,224,250" step="2"/><V32/><F32/><W6/><G2/><T40/><D113/><U16/><E16/><V43/><F31/><W84/><G3/><T8/><D115/><U33/><E33/><V125/><F125/><W68/><G6/><T131/><D8/><U12/><E12/><V85/><F23/><W127/><G13/><T132/><D132/><U79/><E79/><V29/><F29/><W21/><G127/><T59/><D44/><U110/><E110/><V86/><F77/><W11/><G11/><T107/><D107/><AGARI ba="0,1" hai="7,9,14,20,24,30,46,48,54,98,103,107,117,119" machi="107" ten="30,2900,0" yaku="1,1,7,1,53,0" doraHai="55" doraHaiUra="89" who="1" fromWho="0" sc="250,-29,266,39,224,0,250,0" /><INIT seed="1,1,0,1,4,4" ten="221,305,224,250" oya="1" hai0="64,111,69,36,94,61,9,53,90,19,84,26,65" hai1="49,121,21,129,82,47,124,110,101,77,134,39,68" hai2="13,131,15,103,60,1,73,48,30,133,58,128,98" hai3="56,44,119,85,97,2,109,108,86,8,22,89,37"/><U6/><E121/><V31/><F1/><W112/><G112/><T130/><D111/><U38/><E68/><V106/><F73/><W29/><G119/><T95/><D130/><N who="2" m="49706" /><F48/><W117/><G117/><T80/><D36/><U50/><E129/><V7/><F133/><W0/><G56/><T71/><D53/><U100/><E134/><V125/><F125/><W28/><G37/><T114/><D114/><U35/><E35/><V23/><F7/><W91/><G44/><T75/><D75/><U123/><E123/><V10/><F23/><W87/><G22/><T115/><D115/><U104/><E124/><V24/><F24/><W5/><G97/><T3/><D26/><U118/><E118/><V70/><F70/><W20/><G20/><T99/><D3/><U116/><E116/><V72/><F72/><W45/><G45/><T92/><D69/><U96/><E110/><N who="3" m="42602" /><G0/><T42/><D42/><U40/><E101/><V17/><F15/><W76/><G76/><T54/><D64/><AGARI ba="1,0" hai="10,13,17,30,31,58,60,64,98,103,106" m="49706" machi="64" ten="30,2000,0" yaku="19,1,52,1" doraHai="4" who="2" fromWho="0" sc="221,-23,305,0,224,23,250,0" /><INIT seed="2,0,0,0,0,71" ten="198,305,247,250" oya="2" hai0="80,23,29,46,64,44,5,6,81,43,84,41,8" hai1="1,68,4,117,52,11,18,110,48,85,133,90,22" hai2="75,103,108,96,102,49,20,70,57,45,77,54,126" hai3="93,107,55,47,118,127,62,3,42,40,82,83,116"/><V99/><F70/><W88/><G107/><T2/><D64/><U89/><E117/><V106/><F126/><W128/><G3/><T66/><D66/><U60/><E110/><V69/><F69/><W114/><G127/><T112/><D112/><U98/><E133/><V73/><F108/><W135/><G114/><T100/><D100/><U13/><E68/><V132/><F132/><W35/><G35/><T32/><D32/><U86/><E60/><V95/><F77/><W125/><G125/><T59/><D59/><U31/><E31/><V39/><REACH who="2" step="1"/><F20/><REACH who="2" ten="198,305,237,250" step="2"/><W97/><G135/><T115/><D115/><U122/><E122/><V130/><F130/><W123/><G123/><T36/><D5/><U50/><E22/><V119/><F119/><W134/><G128/><T111/><D111/><U120/><E120/><V121/><F121/><W58/><G134/><T129/><D129/><U21/><E21/><V16/><F16/><W10/><G118/><T38/><REACH who="0" step="1"/><D84/><REACH who="0" ten="188,305,237,250" step="2"/><U53/><E85/><V72/><F72/><W25/><G116/><T15/><D15/><U56/><E86/><V30/><F30/><W19/><G25/><AGARI ba="0,2" hai="2,6,8,23,25,29,36,38,41,43,44,46,80,81" machi="25" ten="40,8000,1" yaku="1,1,9,1,52,2,53,0" doraHai="71" doraHaiUra="124" who="0" fromWho="3" sc="188,100,305,0,237,0,250,-80" /><INIT seed="3,0,0,2,1,42" ten="288,305,237,170" oya="3" hai0="10,75,123,80,135,46,64,53,104,56,125,130,67" hai1="5,39,19,78,96,36,49,76,120,99,85,0,9" hai2="29,131,116,107,101,93,79,106,54,20,105,124,129" hai3="63,66,112,128,110,108,88,7,55,21,97,30,103"/><W109/><G112/><T117/><D104/><U60/><E120/><V17/><F116/><W134/><G128/><N who="2" m="49225" /><F124/><W13/><G134/><T41/><D117/><U2/><E2/><V70/><F70/><W91/><G55/><T8/><D123/><U83/><E78/><V16/><F79/><W44/><G44/><T115/><D125/><U26/><E60/><V61/><F29/><W51/><G51/><T94/><D135/><U81/><E81/><V82/><F82/><W111/><N who="3" m="27648" /><DORA hai="87" /><W71/><G7/><T31/><D115/><U38/><E19/><V48/><F61/><W35/><G35/><T58/><D31/><U119/><E119/><V59/><F20/><W122/><G122/><T18/><D130/><U68/><E68/><V121/><F121/><W52/><G52/><T102/><D18/><N who="2" m="7274" /><F93/><N who="3" m="58799" /><G13/><T28/><D53/><U47/><E38/><V126/><F126/><W69/><G69/><T40/><D67/><U45/><E39/><V84/><F84/><W32/><G32/><T74/><D64/><U100/><E36/><V24/><F24/><AGARI ba="0,0" hai="21,24,30,63,66,71,88,91" m="58799,27648" machi="24" ten="60,12000,1" yaku="14,1,10,1,52,2,54,1" doraHai="42,87" who="3" fromWho="2" sc="288,0,305,0,237,-120,170,120" /><INIT seed="3,1,0,5,2,21" ten="288,305,117,290" oya="3" hai0="33,134,92,7,58,100,117,0,74,72,67,37,39" hai1="57,96,79,63,43,32,40,121,135,128,15,69,125" hai2="49,12,61,111,8,115,9,1,64,78,104,86,71" hai3="102,13,44,97,127,76,88,110,129,22,59,112,3"/><W85/><G3/><T122/><D117/><U45/><E121/><V34/><F115/><W87/><G112/><T133/><D122/><U91/><E69/><V10/><F104/><W107/><G129/><T11/><D33/><U90/><E32/><V28/><F111/><W27/><G127/><T106/><D92/><U118/><E125/><V93/><F1/><W94/><G110/><T54/><D67/><U120/><E120/><V81/><F49/><W98/><G44/><T105/><D54/><U26/><E128/><V130/><F130/><W16/><G76/><T14/><D14/><U101/><E135/><N who="0" m="51721" /><D58/><U131/><E118/><V126/><F126/><W124/><G124/><T2/><D2/><U19/><E131/><V82/><F93/><W52/><G13/><T95/><D95/><U6/><E79/><V55/><F55/><W53/><G53/><T51/><D51/><AGARI ba="1,0" hai="16,22,27,51,52,59,85,87,88,94,97,98,102,107" machi="51" ten="30,12000,1" yaku="7,1,52,1,54,3" doraHai="21" who="3" fromWho="0" sc="288,-123,305,0,117,0,290,123" /><INIT seed="3,2,0,3,0,107" ten="165,305,117,413" oya="3" hai0="73,59,101,110,89,112,117,122,47,85,118,92,95" hai1="3,135,20,82,134,32,7,16,50,133,63,18,19" hai2="105,96,125,79,21,41,113,44,103,14,72,17,12" hai3="43,48,70,5,9,126,115,109,33,100,60,119,10"/><W58/><G119/><N who="0" m="45579" /><D59/><U2/><E32/><V66/><F113/><W36/><G115/><T0/><D47/><U124/><E124/><V130/><F125/><W22/><G33/><T4/><D0/><N who="1" m="43" /><E7/><V98/><F130/><W127/><G109/><T129/><D4/><U52/><E63/><V84/><F66/><N who="3" m="41287" /><G100/><T94/><D112/><U49/><E49/><V46/><F84/><W69/><G22/><T35/><D35/><U30/><E82/><V74/><F79/><W23/><G23/><T29/><D29/><U106/><E106/><V55/><F96/><W65/><G10/><T31/><D31/><U57/><E30/><V131/><F131/><W67/><G67/><T81/><D129/><U88/><E88/><V11/><F55/><N who="3" m="32103" /><G9/><T111/><D122/><U51/><E51/><V102/><F103/><W38/><G5/><T53/><D53/><U1/><N who="1" m="51" /><U108/><DORA hai="28" /><E108/><N who="0" m="41513" /><D101/><U62/><E62/><V78/><F78/><AGARI ba="2,0" hai="73,78,81,85,89,92,94,95" m="41513,45579" machi="78" ten="30,7700,0" yaku="14,1,34,2,52,1" doraHai="107,28" who="0" fromWho="2" sc="165,83,305,0,117,-83,413,0" /><INIT seed="4,0,0,1,2,23" ten="248,305,34,413" oya="0" hai0="11,55,129,1,41,124,5,125,9,43,102,135,69" hai1="33,118,25,90,74,26,113,127,64,63,72,53,58" hai2="27,88,86,91,79,32,2,56,31,37,3,59,95" hai3="14,22,28,80,10,107,104,94,48,46,96,71,44"/><T109/><D69/><U0/><E118/><V99/><F37/><W13/><G71/><T123/><D123/><U132/><E0/><V29/><F79/><W38/><G80/><T36/><D109/><U75/><E132/><V21/><F2/><W82/><G82/><T83/><D135/><U12/><E127/><N who="0" m="48713" /><D129/><U54/><E33/><V70/><F70/><W57/><G57/><T61/><D36/><U114/><E12/><V42/><F42/><W89/><G44/><T103/><D11/><U20/><E90/><V6/><F6/><W45/><G46/><T85/><D55/><N who="1" m="21003" /><E20/><V126/><F3/><W24/><G13/><T119/><D61/><U101/><E101/><N who="0" m="38409" /><D119/><U134/><E134/><V111/><F111/><W84/><G38/><T66/><D66/><U77/><E77/><AGARI ba="0,0" hai="1,5,9,41,43,77,83,85" m="38409,48713" machi="77" ten="30,1500,0" yaku="18,1" doraHai="23" who="0" fromWho="1" sc="248,15,305,-15,34,0,413,0" /><INIT seed="4,1,0,5,5,121" ten="263,290,34,413" oya="0" hai0="91,48,125,123,85,23,106,127,102,35,73,4,95" hai1="116,108,5,2,50,29,61,59,14,132,128,51,112" hai2="80,8,13,31,26,79,11,19,3,67,90,22,88" hai3="114,96,41,103,105,94,17,0,33,21,46,131,75"/><T49/><D35/><U113/><E116/><V120/><F120/><W32/><G0/><T38/><D123/><U71/><E2/><V111/><F111/><W100/><G114/><N who="1" m="44138" /><E71/><V53/><F67/><W36/><G131/><T43/><D73/><U27/><E128/><V122/><F122/><W124/><G124/><N who="0" m="47691" /><D23/><N who="1" m="15615" /><E132/><V25/><F25/><W12/><G75/><T37/><D4/><U93/><E108/><V42/><F42/><W58/><G58/><T110/><D110/><U130/><E130/><V28/><F28/><W70/><G70/><T9/><D9/><N who="1" m="4399" /><E93/><V78/><F53/><AGARI ba="1,0" hai="50,51,53,59,61" m="4399,15615,44138" machi="53" ten="30,2000,0" yaku="15,1,11,1" doraHai="121" who="1" fromWho="2" sc="263,0,290,23,34,-23,413,0" /><INIT seed="5,0,0,3,5,125" ten="263,313,11,413" oya="1" hai0="67,30,110,54,41,55,50,99,130,98,96,37,48" hai1="106,131,88,59,102,34,104,70,93,49,122,16,45" hai2="43,13,33,118,29,63,27,3,124,35,52,129,39" hai3="105,17,117,18,82,62,15,120,1,46,133,91,78"/><U71/><E122/><V73/><F118/><W81/><G120/><T90/><D110/><U23/><E34/><V94/><F3/><W72/><G1/><T83/><D67/><U31/><E31/><V128/><F124/><W32/><G105/><T14/><D30/><U36/><E36/><V126/><F126/><W25/><G117/><T47/><D14/><U127/><E127/><V28/><F73/><W134/><G62/><T19/><D19/><U12/><E131/><N who="2" m="50251" /><F13/><W86/><G46/><T4/><D130/><U5/><E5/><V121/><F121/><W0/><G0/><T20/><D4/><U123/><E123/><V112/><F112/><W87/><G72/><T85/><D20/><U21/><E21/><N who="2" m="15471" /><F29/><N who="3" m="19503" /><G15/><T116/><D116/><U44/><E106/><V92/><F43/><W109/><G109/><T107/><D107/><U108/><E108/><V75/><F75/><W103/><G103/><T26/><D26/><U6/><E102/><V84/><F39/><W113/><G113/><T74/><D74/><U40/><E6/><V22/><F22/><W56/><G17/><T2/><D2/><U77/><E104/><V61/><F84/><W10/><G87/><T66/><D37/><U51/><E40/><V95/><F63/><W79/><G86/><T60/><D50/><U68/><E49/><V57/><AGARI ba="0,0" hai="33,35,52,57,61,92,94,95" m="15471,50251" machi="57" ten="40,8000,1" yaku="19,1,52,3,54,1" doraHai="125" who="2" fromWho="2" sc="263,-20,313,-40,11,80,413,-20" /><INIT seed="6,0,0,3,1,74" ten="243,273,91,393" oya="2" hai0="98,94,99,107,19,28,128,103,126,55,16,26,121" hai1="88,44,22,38,95,10,90,43,62,135,104,64,5" hai2="109,111,58,101,130,29,110,96,11,68,91,49,85" hai3="40,89,14,21,66,102,105,20,45,53,47,114,31"/><V23/><F68/><W32/><G66/><T131/><D121/><U59/><E104/><V18/><F130/><N who="0" m="49706" /><D55/><U120/><E120/><V79/><F29/><W57/><G14/><T63/><D63/><U83/><E135/><V133/><F133/><W0/><G89/><N who="0" m="55631" /><D126/><U69/><E22/><AGARI ba="0,0" hai="16,19,22,26,28,99,103,107" m="55631,49706" machi="22" ten="30,2000,0" yaku="19,1,54,1" doraHai="74" who="0" fromWho="1" sc="243,20,273,-20,91,0,393,0" /><INIT seed="7,0,0,5,4,34" ten="263,253,91,393" oya="3" hai0="101,65,113,14,95,33,107,62,17,89,103,55,83" hai1="0,110,5,97,52,102,85,79,51,123,63,100,19" hai2="129,66,44,76,7,56,98,21,11,90,45,109,86" hai3="15,70,48,23,58,36,47,53,1,116,75,32,121"/><W114/><G47/><T38/><D38/><U46/><E110/><V18/><F109/><W105/><G48/><T25/><D113/><U2/><E123/><V87/><F129/><W13/><G53/><T69/><D107/><U117/><E117/><V71/><F71/><W9/><G58/><T108/><D108/><U120/><E120/><V77/><F98/><W41/><G23/><T43/><D43/><U8/><E19/><V57/><F21/><W115/><G9/><T132/><D132/><U67/><E79/><V26/><F26/><W39/><G15/><T127/><D127/><U118/><E118/><V59/><F66/><W92/><G13/><T4/><D4/><U135/><E135/><V78/><F18/><W96/><G41/><T119/><D119/><U81/><E2/><V35/><F35/><W64/><G1/><T54/><D83/><U12/><E12/><V29/><F29/><W60/><G32/><T72/><D72/><U61/><E61/><V73/><F73/><W10/><G60/><T134/><D134/><U125/><E125/><V22/><F22/><W27/><G75/><T124/><D124/><U106/><E100/><N who="0" m="38473" /><D25/><U91/><REACH who="1" step="1"/><E63/><REACH who="1" ten="263,243,91,393" step="2"/><V30/><F30/><W128/><G116/><T16/><D33/><U24/><E24/><V6/><F11/><W80/><G121/><T94/><D17/><U133/><E133/><V122/><F122/><W40/><G10/><N who="0" m="6231" /><D89/><U37/><E37/><V84/><REACH who="2" step="1"/><F90/><REACH who="2" ten="263,243,81,393" step="2"/><W50/><G115/><T93/><D69/><U31/><E31/><V68/><F68/><W112/><G114/><T126/><D126/><RYUUKYOKU ba="0,2" sc="263,10,243,10,81,10,393,-30" hai0="54,55,62,65,93,94,95" hai1="0,5,8,46,51,52,67,81,85,91,97,102,106" hai2="6,7,44,45,56,57,59,76,77,78,84,86,87" owari="273,7.0,253,-15.0,91,-41.0,383,49.0" /></mjloggm>