<mjloggm ver="2.3"><GO type="169" lobby="0"/><UN n0="%E3%83%88%E3%83%88%E3%83%AA%E5%85%88%E7%94%9F%31%39%E6%AD%B3" n1="%E3%83%AB%E3%83%AB%E5%8F%82%E4%B8%8A" n2="%7A%65%52%6F" n3="%52%75%73%73%69%61" dan="19,16,19,16" rate="2275.01,2144.87,2274.07,2069.04" sx="F,F,M,F"/><TAIKYOKU oya="0"/><INIT seed="0,0,0,4,1,80" ten="250,250,250,250" oya="0" hai0="101,11,74,56,1,68,63,111,125,22,28,21,37" hai1="10,38,43,39,40,103,114,67,61,75,129,98,92" hai2="94,51,83,107,79,30,90,18,113,14,126,20,88" hai3="41,27,26,60,112,69,16,50,86,82,91,120,57"/><T59/><D37/><U13/><E75/><V6/><F107/><W71/><G120/><T97/><D74/><U123/><E123/><V85/><F113/><W89/><G112/><T66/><D125/><U7/><E129/><V29/><F126/><W77/><G69/><T32/><D111/><U31/><E114/><V100/><F6/><W34/><G71/><T25/><D1/><U64/><E64/><V99/><F51/><W5/><G5/><T33/><D33/><U84/><E40/><V106/><REACH who="2" step="1"/><F90/><REACH who="2" ten="250,250,240,250" step="2"/><W52/><G89/><T117/><D117/><U102/><E102/><V45/><F45/><N who="3" m="25903" /><G34/><T135/><D135/><U8/><E39/><V131/><F131/><W17/><G91/><T109/><D109/><U130/><E130/><V128/><F128/><W95/><G95/><T127/><D127/><U55/><E38/><V65/><F65/><W87/><G87/><AGARI ba="0,1" hai="14,18,20,29,30,79,83,85,87,88,94,99,100,106" machi="87" ten="30,8000,1" yaku="1,1,7,1,52,2,54,1,53,0" doraHai="80" doraHaiUra="70" who="2" fromWho="3" sc="250,0,250,0,240,90,250,-80" /><INIT seed="1,0,0,4,3,58" ten="250,250,330,170" oya="1" hai0="21,108,77,74,106,7,128,102,39,47,64,111,126" hai1="54,94,134,62,110,30,40,27,34,113,70,92,43" hai2="69,63,119,127,45,99,93,51,95,109,91,76,33" hai3="56,80,35,114,88,12,19,0,5,53,41,65,78"/><U2/><E113/><V72/><F119/><W6/><G114/><T61/><D128/><U96/><E2/><V71/><F33/><W48/><G35/><T116/><D116/><U42/><E134/><V130/><F109/><W87/><G0/><T1/><D21/><U8/><E110/><V3/><F3/><W105/><G105/><T104/><D126/><U52/><E8/><V98/><F127/><W117/><G117/><T100/><D100/><U31/><E31/><V125/><F125/><W17/><G17/><T10/><D102/><U67/><REACH who="1" step="1"/><E92/><REACH who="1" ten="250,240,330,170" step="2"/><V57/><F130/><W29/><G29/><T84/><D111/><U11/><E11/><V85/><F95/><W4/><G41/><N who="0" m="22975" /><D108/><U89/><AGARI ba="0,1" hai="27,30,34,40,42,43,52,54,62,67,70,89,94,96" machi="89" ten="30,11700,0" yaku="1,1,0,1,52,1,54,1,53,0" doraHai="58" doraHaiUra="123" who="1" fromWho="1" sc="250,-39,240,127,330,-39,170,-39" /><INIT seed="1,1,0,2,5,65" ten="211,367,291,131" oya="1" hai0="85,13,15,73,121,44,78,86,45,25,101,20,96" hai1="131,9,42,77,72,84,63,93,55,24,16,74,58" hai2="34,12,49,125,43,98,56,4,7,46,71,81,102" hai3="26,10,19,129,104,29,54,3,88,11,122,51,120"/><U50/><E131/><V133/><F34/><W109/><G129/><T69/><D73/><U82/><E93/><V14/><F125/><W135/><G109/><T117/><D117/><U89/><E77/><V105/><F133/><W31/><G135/><T124/><D124/><U118/><E118/><V110/><F110/><W59/><G104/><T52/><D121/><U32/><E32/><V47/><F71/><W27/><G3/><T79/><D69/><U53/><E42/><V39/><F56/><W123/><G19/><T30/><D45/><N who="1" m="27855" /><E24/><V57/><F57/><W75/><G75/><T108/><D108/><U76/><E76/><V92/><F105/><W87/><G27/><T21/><D79/><U33/><E33/><V107/><F107/><W28/><REACH who="3" step="1"/><G26/><REACH who="3" ten="211,367,291,121" step="2"/><T41/><D25/><U83/><E74/><V114/><F7/><W22/><G22/><T106/><D21/><U0/><E72/><V134/><F4/><W127/><G127/><T5/><D20/><U37/><E0/><V35/><F35/><W99/><G99/><T17/><D5/><U61/><E37/><V100/><F134/><W97/><G97/><T38/><D86/><U64/><E64/><V113/><F98/><W48/><G48/><N who="0" m="28679" /><D17/><U68/><E63/><V40/><F49/><W115/><G115/><T116/><D116/><U62/><E62/><V60/><F60/><W111/><G111/><T23/><D23/><U8/><E68/><V1/><F1/><W70/><G70/><T126/><D126/><U80/><E16/><V132/><F132/><W103/><G103/><T119/><D119/><RYUUKYOKU ba="1,1" sc="211,-15,367,15,291,-15,121,15" hai1="8,9,55,58,61,80,82,83,84,89" hai3="10,11,28,29,31,51,54,59,87,88,120,122,123" /><INIT seed="1,2,1,5,2,23" ten="196,382,276,136" oya="1" hai0="42,126,54,119,68,97,115,95,51,27,35,83,17" hai1="25,52,31,123,8,61,21,133,16,122,105,39,135" hai2="14,91,118,64,134,81,41,26,11,20,37,94,0" hai3="9,47,29,117,99,28,72,3,101,102,58,10,100"/><U24/><E105/><V110/><F118/><W85/><G72/><T74/><D119/><U40/><E39/><V55/><F0/><W113/><G117/><T125/><D115/><U76/><E40/><V67/><F110/><W107/><G113/><T129/><D68/><U77/><E77/><V71/><F134/><N who="1" m="51209" /><E76/><V82/><F55/><W90/><G9/><T109/><D109/><U114/><E114/><V46/><F81/><W22/><G29/><T13/><D42/><U50/><E61/><V12/><F82/><W131/><G131/><T92/><D129/><U120/><E8/><V78/><F78/><W80/><G3/><T57/><D83/><U86/><E86/><V36/><F36/><W32/><G32/><T2/><D74/><U49/><E52/><V53/><F53/><W60/><G47/><T70/><D2/><U89/><E89/><V63/><F67/><W87/><G10/><N who="0" m="6327" /><D97/><U132/><E132/><V79/><F11/><W33/><G33/><AGARI ba="2,1" hai="16,21,24,25,31,33,49,50,120,122,123" m="51209" machi="33" ten="40,12000,1" yaku="20,1,52,2,54,1" doraHai="23" who="1" fromWho="3" sc="196,0,382,136,276,0,136,-126" /><INIT seed="1,3,0,4,5,28" ten="196,518,276,10" oya="1" hai0="17,135,124,129,70,59,83,50,112,38,15,31,25" hai1="109,114,110,47,5,77,56,12,7,99,128,42,55" hai2="108,113,123,66,130,40,0,43,94,21,46,81,61" hai3="76,117,87,118,64,89,71,4,122,121,120,63,62"/><U84/><E114/><V75/><F123/><W54/><G76/><T29/><D112/><U78/><E128/><V107/><F107/><W92/><G4/><T51/><D38/><U74/><E74/><V1/><F113/><W97/><G54/><T24/><D70/><U126/><E126/><V132/><F108/><N who="1" m="41577" /><E99/><V3/><F132/><W6/><G6/><N who="1" m="2058" /><E12/><V119/><F119/><W32/><G32/><T101/><D135/><U39/><E84/><V10/><F75/><W69/><REACH who="3" step="1"/><G97/><REACH who="3" ten="196,518,276,0" step="2"/><T11/><D124/><U22/><E22/><V115/><F115/><W100/><G100/><T41/><D101/><U16/><E78/><V35/><F21/><W13/><G13/><T127/><D127/><U95/><E77/><V88/><F3/><W37/><G37/><T133/><D133/><U125/><E125/><V2/><F2/><W8/><G8/><T65/><D129/><U36/><E36/><V68/><F10/><W57/><G57/><T45/><D24/><U44/><E56/><V102/><F130/><W60/><G60/><N who="0" m="38047" /><D25/><U20/><E55/><V103/><F1/><W34/><G34/><T82/><D51/><U49/><E49/><V111/><F35/><W14/><G14/><T53/><D53/><U105/><E47/><V19/><F0/><W80/><G80/><T104/><D82/><U33/><E33/><V91/><F111/><W52/><G52/><T98/><D83/><U72/><E72/><V134/><F134/><W116/><G116/><T73/><D73/><U67/><E39/><V79/><F79/><W90/><G90/><T30/><D98/><RYUUKYOKU ba="3,1" sc="196,15,518,-15,276,-15,0,15" hai0="11,15,17,29,30,31,41,45,50,104" hai3="62,63,64,69,71,87,89,92,117,118,120,121,122" /><INIT seed="2,4,1,3,0,19" ten="211,503,261,15" oya="2" hai0="9,98,110,117,8,120,66,34,46,108,93,18,33" hai1="76,100,3,74,56,97,126,111,114,49,102,135,88" hai2="36,94,65,54,113,25,132,43,23,35,47,29,83" hai3="134,38,99,71,14,52,73,104,84,105,101,92,75"/><V125/><F113/><W16/><G38/><T10/><D120/><U115/><E3/><V131/><F125/><W37/><G134/><T31/><D117/><U112/><E135/><V0/><F132/><W13/><G71/><T45/><D66/><U53/><E126/><V86/><F0/><W70/><G70/><T77/><D77/><U72/><E76/><V39/><F65/><W82/><G37/><T127/><D127/><U28/><E111/><N who="0" m="42537" /><D31/><U4/><E4/><V62/><F39/><W26/><G104/><T21/><D46/><U103/><E28/><V2/><F2/><W17/><G26/><N who="0" m="14647" /><D45/><U20/><E74/><V42/><F42/><W68/><G68/><T55/><D55/><U80/><E72/><V133/><F133/><W95/><G75/><T91/><AGARI ba="4,1" hai="8,9,10,33,34,91,93,98" m="14647,42537" machi="91" ten="30,2000,0" yaku="14,1,52,1" doraHai="19" who="0" fromWho="0" sc="211,42,503,-9,261,-14,15,-9" /><INIT seed="3,0,0,3,4,45" ten="253,494,247,6" oya="3" hai0="89,59,3,106,100,128,15,87,96,7,98,80,35" hai1="31,46,120,81,108,0,10,66,29,119,73,37,33" hai2="14,85,60,125,67,30,93,4,11,52,97,20,23" hai3="58,2,114,8,13,116,82,6,118,69,21,126,48"/><W42/><G126/><T78/><D35/><U135/><E120/><V57/><F125/><W113/><G69/><T92/><D128/><U61/><E108/><V74/><F74/><W94/><G94/><T132/><D132/><U26/><E135/><V50/><F85/><W51/><G58/><T54/><D3/><U130/><E31/><V9/><F9/><N who="3" m="2263" /><G42/><T102/><D15/><U53/><E130/><V32/><F32/><W104/><G104/><T95/><D7/><U101/><E101/><N who="2" m="60591" /><F30/><W25/><G82/><T115/><D115/><N who="3" m="44041" /><G48/><N who="0" m="31175" /><D106/><U109/><E109/><V68/><F68/><W129/><G51/><T84/><D84/><U99/><E99/><V70/><F70/><W79/><G79/><AGARI ba="0,0" hai="78,79,80,87,89,92,95,96,98,100,102" m="31175" machi="79" ten="30,2000,0" yaku="8,1,52,1" doraHai="45" who="0" fromWho="3" sc="253,20,494,0,247,0,6,-20" owari="273,7.0,494,59.0,247,-15.0,-14,-51.0" /></mjloggm>