<mjloggm ver="2.3"><GO type="169" lobby="0"/><UN n0="%E5%9B%BD%E5%A3%AB%E7%84%A1%E6%95%B5" n1="%37%66%75%6B%75%6A%69%6E" n2="%E3%83%88%E3%83%88%E3%83%AA%E5%85%88%E7%94%9F%31%39%E6%AD%B3" n3="%E4%BC%8F%E8%99%8E" dan="16,17,19,16" rate="2104.03,2110.40,2338.78,2096.73" sx="M,M,F,M"/><TAIKYOKU oya="0"/><INIT seed="0,0,0,0,2,87" ten="250,250,250,250" oya="0" hai0="79,29,128,36,40,106,104,126,32,35,52,31,3" hai1="51,70,25,133,98,24,15,49,71,132,22,88,23" hai2="19,4,111,65,10,81,13,108,33,14,86,127,17" hai3="90,58,123,72,93,135,100,77,6,54,96,84,45"/><T20/><D3/><U59/><E15/><V56/><F33/><N who="0" m="12874" /><D79/><U76/><E76/><V107/><F107/><N who="0" m="41002" /><D40/><U39/><E98/><V47/><F127/><W89/><G135/><T85/><D36/><U124/><E59/><V1/><F1/><W12/><G123/><T53/><D126/><U101/><E124/><V5/><F47/><W115/><G115/><T30/><D20/><U0/><E0/><V74/><F74/><W2/><G2/><T122/><D85/><U102/><REACH who="1" step="1"/><E39/><REACH who="1" ten="250,240,250,250" step="2"/><V64/><F56/><W50/><G72/><T41/><D122/><U63/><E63/><V43/><F5/><W103/><G103/><T38/><D38/><U57/><E57/><V66/><F4/><W62/><G12/><T48/><D128/><U112/><E112/><V34/><F13/><W68/><G6/><T91/><D48/><U42/><E42/><V95/><F43/><N who="3" m="24895" /><G68/><T99/><D41/><U73/><E73/><V37/><F37/><W80/><AGARI ba="0,1" hai="54,58,62,77,80,84,89,90,93,96,100" m="24895" machi="80" ten="30,4000,0" yaku="8,1,52,2" doraHai="87" who="3" fromWho="3" sc="250,-20,240,-10,250,-10,250,50" /><INIT seed="1,0,0,3,0,94" ten="230,230,240,300" oya="1" hai0="14,99,43,123,126,78,56,71,16,96,23,73,28" hai1="8,87,111,2,15,98,79,66,114,104,85,76,35" hai2="84,116,91,120,40,0,27,112,49,125,132,18,37" hai3="53,65,7,119,100,22,115,75,118,103,38,128,130"/><U42/><E114/><V67/><F116/><N who="3" m="44587" /><G115/><T106/><D71/><U83/><E35/><V92/><F112/><W110/><G38/><T36/><D106/><U131/><E2/><V113/><F113/><W127/><G75/><T9/><D126/><U101/><E66/><V88/><F120/><W21/><G127/><T47/><D123/><U26/><E26/><V1/><F37/><W135/><G65/><T105/><D105/><U13/><E42/><V32/><F132/><W77/><G77/><T51/><D78/><U17/><E131/><N who="3" m="50218" /><G135/><T39/><D73/><U72/><E111/><V64/><F125/><W59/><G7/><T121/><D121/><U19/><REACH who="1" step="1"/><E79/><REACH who="1" ten="230,220,240,300" step="2"/><V108/><F108/><W29/><G110/><T33/><D33/><U50/><E50/><V31/><F64/><W117/><G117/><T82/><D39/><U107/><E107/><V48/><F48/><W124/><G124/><T89/><D36/><U62/><E62/><V12/><F67/><W90/><G29/><T10/><D56/><U81/><E81/><V11/><F40/><W24/><G59/><T25/><D9/><AGARI ba="0,1" hai="8,9,13,15,17,19,72,76,83,85,87,98,101,104" machi="9" ten="30,11600,0" yaku="1,1,7,1,9,1,52,1,53,0" doraHai="94" doraHaiUra="46" who="1" fromWho="0" sc="230,-116,220,126,240,0,300,0" /><INIT seed="1,1,0,2,0,111" ten="114,346,240,300" oya="1" hai0="11,41,31,102,10,94,134,24,63,5,61,90,26" hai1="122,3,110,32,16,87,21,77,104,48,47,60,7" hai2="55,34,45,92,86,9,127,69,15,121,49,53,70" hai3="50,52,25,39,54,125,73,132,107,46,128,130,22"/><U78/><E122/><V112/><F121/><W113/><G113/><T8/><D134/><U75/><E104/><V84/><F34/><W114/><G114/><T81/><D5/><U88/><E110/><V115/><F127/><W105/><G125/><T100/><D41/><U116/><E32/><V42/><F70/><W59/><G73/><T126/><D126/><U108/><E116/><V20/><F69/><W82/><G82/><T101/><D81/><U13/><E75/><V91/><F55/><W96/><G132/><T37/><D37/><U6/><E60/><V99/><F84/><W79/><G79/><N who="1" m="30218" /><E3/><V35/><F35/><W38/><G38/><T14/><D14/><U2/><E2/><V119/><F119/><W71/><G71/><T68/><D68/><U57/><E57/><V72/><F72/><W56/><G56/><T29/><D90/><U98/><E98/><V95/><F20/><W12/><G12/><T131/><D131/><N who="3" m="50217" /><G96/><T74/><D74/><U1/><E1/><V44/><F95/><W19/><G39/><T18/><D94/><N who="1" m="54559" /><E108/><V118/><F99/><W43/><G59/><T106/><D106/><AGARI ba="1,0" hai="19,22,25,43,46,50,52,54,105,106,107" m="50217" machi="106" ten="30,2000,0" yaku="19,1,54,1" doraHai="111" who="3" fromWho="0" sc="114,-23,346,0,240,0,300,23" /><INIT seed="2,0,0,5,5,90" ten="91,346,240,323" oya="2" hai0="97,49,121,0,135,39,7,82,13,19,37,12,36" hai1="78,71,83,1,76,45,77,110,35,18,130,88,114" hai2="116,32,129,11,53,69,95,75,15,24,21,38,99" hai3="111,17,5,51,70,107,84,119,81,44,131,126,63"/><V20/><F116/><W29/><G119/><T8/><D135/><U92/><E71/><V22/><F75/><W93/><G107/><T59/><D121/><U43/><E114/><V52/><F38/><W112/><G112/><T58/><D82/><U23/><E35/><V27/><F69/><W122/><G122/><T105/><D0/><U103/><E1/><V67/><F67/><W25/><G126/><T26/><D26/><N who="2" m="9770" /><F129/><W46/><G131/><T50/><D105/><U79/><E103/><N who="2" m="60927" /><F32/><W115/><G115/><T31/><D31/><U57/><E130/><V109/><F109/><W113/><G113/><T2/><D2/><U56/><E110/><V86/><F86/><W16/><G111/><T124/><D124/><U123/><E123/><V6/><AGARI ba="0,0" hai="6,11,15,20,21,22,52,53" m="60927,9770" machi="6" ten="30,6000,0" yaku="8,1,52,1,54,1" doraHai="90" who="2" fromWho="2" sc="91,-20,346,-20,240,60,323,-20" /><INIT seed="2,1,0,2,3,68" ten="71,326,300,303" oya="2" hai0="31,86,47,122,19,65,41,61,90,106,83,53,134" hai1="110,6,113,80,28,54,101,22,123,3,63,125,46" hai2="39,99,29,109,26,76,37,82,45,133,57,130,131" hai3="23,120,0,104,89,30,126,119,100,60,72,43,118"/><V15/><F45/><W107/><G120/><T34/><D122/><U27/><E113/><V127/><F127/><W55/><G0/><T13/><D106/><U20/><E110/><V11/><F57/><W129/><G72/><T16/><D134/><U92/><E125/><V17/><F99/><W9/><G126/><T77/><D34/><U50/><E123/><V14/><F14/><W70/><G9/><T128/><D31/><U5/><E3/><V102/><F102/><W8/><G8/><T59/><D128/><N who="2" m="49194" /><F133/><W73/><G129/><T81/><D65/><U21/><E80/><V12/><F12/><W95/><G100/><T51/><REACH who="0" step="1"/><D13/><REACH who="0" ten="61,326,300,303" step="2"/><U87/><E28/><V33/><F109/><W124/><G124/><T18/><D18/><U88/><E6/><V112/><F112/><W49/><G30/><T115/><D115/><U78/><E5/><V38/><F38/><W117/><G104/><T58/><D58/><U36/><E36/><V35/><F35/><W132/><G107/><T44/><D44/><U52/><E101/><V91/><F91/><W98/><G132/><T84/><AGARI ba="1,1" hai="16,19,41,47,51,53,59,61,77,81,83,84,86,90" machi="84" ten="20,8000,1" yaku="1,1,0,1,7,1,8,1,54,1,53,0" doraHai="68" doraHaiUra="2" who="0" fromWho="0" sc="61,93,326,-21,300,-41,303,-21" /><INIT seed="3,0,0,0,1,123" ten="154,305,259,282" oya="3" hai0="90,43,14,110,36,65,132,71,8,49,38,31,76" hai1="127,16,19,60,93,96,119,37,18,89,129,9,6" hai2="51,128,23,124,101,4,11,55,7,99,56,44,79" hai3="134,5,113,21,95,1,117,121,29,32,72,2,22"/><W80/><G121/><T107/><D107/><U39/><E127/><V26/><F124/><W97/><G117/><T115/><D132/><U84/><E119/><V17/><F128/><W109/><G113/><T114/><D76/><U10/><E129/><V69/><F69/><W108/><G134/><T64/><D31/><U91/><E60/><V125/><F125/><W47/><G47/><N who="0" m="25855" /><D90/><U130/><E130/><V3/><F79/><N who="3" m="44135" /><G32/><T57/><D14/><U63/><E63/><V112/><F112/><N who="0" m="43050" /><D8/><U42/><E42/><V135/><F135/><W41/><G41/><T86/><D86/><U33/><E33/><V25/><F44/><W87/><G87/><T83/><D83/><U68/><E68/><V122/><F122/><W35/><G35/><T104/><D104/><U102/><E91/><V126/><F126/><W24/><G22/><T52/><D71/><U85/><E85/><V105/><F7/><W81/><G81/><T13/><D13/><AGARI ba="0,0" hai="3,4,11,13,17,23,25,26,51,55,56,99,101,105" machi="13" ten="30,1000,0" yaku="7,1" doraHai="123" who="2" fromWho="0" sc="154,-10,305,0,259,10,282,0" /><INIT seed="4,0,0,3,0,7" ten="144,305,269,282" oya="0" hai0="130,105,14,132,82,2,46,108,116,121,10,89,109" hai1="90,27,104,134,71,35,67,94,37,43,33,128,51" hai2="72,55,86,63,111,135,119,59,70,125,81,106,52" hai3="5,99,18,16,92,75,102,79,87,84,38,129,23"/><T123/><D105/><U117/><E117/><V57/><F111/><N who="0" m="42570" /><D116/><U40/><E104/><V85/><F119/><W13/><G129/><T15/><D130/><U73/><E73/><V127/><F70/><W120/><G120/><N who="0" m="46155" /><D132/><U58/><E134/><V21/><F135/><W95/><G38/><T56/><D56/><U112/><E37/><V39/><F39/><W78/><G75/><T133/><D133/><U24/><E71/><V68/><F68/><W91/><G5/><N who="0" m="1335" /><D46/><U32/><E58/><V26/><F106/><W131/><G131/><T20/><D20/><U47/><E128/><V110/><F110/><W29/><G29/><T64/><D64/><U124/><E67/><V53/><F72/><W1/><G1/><T4/><D4/><U103/><E47/><V17/><F85/><AGARI ba="0,0" hai="14,15,82,85,89" m="1335,46155,42570" machi="85" ten="30,2900,0" yaku="10,1,52,1" doraHai="7" who="0" fromWho="2" sc="144,29,305,0,269,-29,282,0" /><INIT seed="4,1,0,0,5,33" ten="173,305,240,282" oya="0" hai0="72,47,91,14,110,90,18,13,123,6,40,108,36" hai1="113,79,62,29,88,84,78,87,15,21,120,96,10" hai2="85,59,102,64,0,63,135,42,26,34,28,45,80" hai3="86,93,126,44,7,20,12,94,105,83,73,122,25"/><T92/><D123/><U35/><E120/><V67/><F135/><W98/><G122/><T70/><D70/><U39/><E39/><V3/><F64/><W115/><G115/><T95/><D72/><U54/><E35/><V55/><F102/><W89/><G126/><T75/><D75/><U127/><E127/><V130/><F67/><W124/><G124/><T17/><D6/><U16/><E113/><V103/><F103/><W77/><G44/><T37/><D47/><U23/><E96/><V134/><F130/><W11/><G105/><T2/><REACH who="0" step="1"/><D40/><REACH who="0" ten="163,305,240,282" step="2"/><U24/><E79/><V116/><F134/><W117/><G117/><T46/><D46/><U74/><E74/><V133/><F116/><W50/><G73/><T121/><D121/><U128/><E78/><V8/><F133/><W51/><REACH who="3" step="1"/><G94/><REACH who="3" ten="163,305,240,272" step="2"/><T97/><D97/><U27/><E128/><V30/><F45/><W119/><G119/><T114/><D114/><U61/><E87/><V4/><F42/><W82/><G82/><T81/><D81/><N who="1" m="49167" /><E54/><V125/><F125/><W104/><G104/><T68/><D68/><U71/><E71/><V69/><F69/><W57/><G57/><T58/><D58/><U101/><E101/><V22/><F85/><W118/><G118/><T132/><D132/><U76/><E76/><V1/><F80/><W129/><G129/><T32/><D32/><U53/><E53/><V131/><F131/><W5/><G5/><AGARI ba="1,2" hai="5,10,15,16,21,23,24,27,29,61,62" m="49167" machi="5" ten="30,3900,0" yaku="8,1,54,2" doraHai="33" who="1" fromWho="3" sc="163,0,305,62,240,0,272,-42" /><INIT seed="5,0,0,1,5,49" ten="163,367,240,230" oya="1" hai0="37,0,36,130,62,57,103,123,43,92,51,74,23" hai1="69,124,77,8,117,34,14,15,85,46,96,42,53" hai2="6,29,122,47,83,75,125,101,129,28,2,31,99" hai3="82,11,107,17,89,114,119,44,81,135,38,20,78"/><U115/><E117/><V105/><F122/><W35/><G35/><T58/><D0/><U61/><E34/><V50/><F129/><W4/><G119/><T110/><D74/><U90/><E124/><V112/><F125/><W76/><G135/><T113/><D110/><U7/><E115/><V128/><F128/><W64/><G114/><T133/><D130/><U52/><E77/><V126/><F126/><W116/><G116/><T67/><D113/><U9/><E96/><V39/><F112/><W84/><G107/><T13/><D133/><U100/><E100/><V27/><F39/><W97/><G64/><T98/><D123/><U25/><E25/><V45/><F45/><W30/><G30/><T10/><D23/><U111/><E111/><V41/><F6/><W22/><G97/><T87/><D87/><U131/><E131/><V106/><F2/><W48/><G38/><T18/><REACH who="0" step="1"/><D43/><REACH who="0" ten="153,367,240,230" step="2"/><U104/><E85/><V102/><F75/><W80/><G22/><T54/><AGARI ba="0,1" hai="10,13,18,36,37,51,54,57,58,62,67,92,98,103" machi="54" ten="30,8000,1" yaku="1,1,2,1,0,1,52,1,53,1" doraHai="49" doraHaiUra="5" who="0" fromWho="0" sc="153,90,367,-40,240,-20,230,-20" /><INIT seed="6,0,0,5,0,28" ten="243,327,220,210" oya="2" hai0="38,57,102,59,11,129,36,76,33,52,0,48,55" hai1="53,56,120,58,134,82,34,61,94,128,51,95,125" hai2="96,117,41,90,32,80,68,70,135,17,67,49,109" hai3="122,5,124,88,64,126,92,104,131,8,39,45,69"/><V108/><F117/><W66/><G122/><T81/><D129/><U130/><E120/><V40/><F135/><W74/><G74/><T106/><D106/><U71/><E71/><V42/><F32/><W46/><G104/><T50/><D102/><U14/><E34/><V115/><F115/><W73/><G73/><T21/><D33/><U83/><E125/><N who="3" m="48234" /><G131/><N who="1" m="50218" /><E14/><V111/><F67/><N who="3" m="25643" /><G39/><T63/><D21/><U65/><E134/><V103/><F49/><W84/><G69/><N who="2" m="26729" /><F17/><W37/><G37/><T7/><REACH who="0" step="1"/><D63/><REACH who="0" ten="233,327,220,210" step="2"/><U86/><E61/><V6/><F103/><W110/><G110/><T87/><AGARI ba="0,1" hai="0,7,11,36,38,48,50,52,55,57,59,76,81,87" machi="87" ten="20,12000,2" yaku="1,1,2,1,0,1,7,1,9,1,54,1,53,0" doraHai="28" doraHaiUra="60" who="0" fromWho="0" sc="233,130,327,-30,220,-60,210,-30" /><INIT seed="7,0,0,5,0,70" ten="363,297,160,180" oya="3" hai0="61,56,94,135,67,75,10,34,85,113,12,14,49" hai1="118,69,44,64,30,83,110,90,93,59,50,21,15" hai2="6,52,47,22,128,111,115,26,122,82,42,109,29" hai3="72,13,0,9,68,133,79,121,92,97,53,17,63"/><W58/><G133/><T11/><D34/><U8/><E110/><V104/><F104/><W87/><G121/><T131/><D75/><U119/><E83/><V19/><F122/><W74/><G68/><T27/><D135/><U114/><E114/><V127/><F115/><W108/><G108/><T18/><D27/><U126/><E126/><V5/><F127/><W39/><G0/><T81/><D131/><U23/><E69/><V66/><F128/><W33/><G33/><T45/><D94/><U124/><E124/><V130/><F130/><W134/><G134/><T103/><D103/><U117/><E30/><V95/><F66/><W120/><G120/><T35/><D35/><U77/><E77/><V57/><F109/><W41/><G87/><T2/><D2/><U4/><E59/><V65/><F65/><W60/><G60/><T38/><D38/><U91/><E64/><V102/><F111/><W80/><G74/><T76/><D113/><U32/><E32/><V28/><F82/><W73/><G73/><T48/><D45/><U98/><REACH who="1" step="1"/><E91/><REACH who="1" ten="363,287,160,180" step="2"/><V89/><F28/><W88/><REACH who="3" step="1"/><G41/><AGARI ba="0,1" hai="4,8,15,21,23,41,44,50,90,93,98,117,118,119" machi="41" ten="40,5200,0" yaku="1,1,2,1,12,1,53,0" doraHai="70" doraHaiUra="106" who="1" fromWho="3" sc="363,0,287,62,160,0,180,-52" owari="363,46.0,349,15.0,160,-24.0,128,-37.0" /></mjloggm>