<mjloggm ver="2.3"><GO type="169" lobby="0"/><UN n0="%E3%81%BA%E3%82%93%E3%81%8E%E3%82%93%E3%81%95%E3%82%93" n1="%E3%83%88%E3%83%88%E3%83%AA%E5%85%88%E7%94%9F%31%39%E6%AD%B3" n2="%E6%A1%9C%E5%B3%B6%E9%BA%BB%E8%A1%A3" n3="%E3%82%A2%E3%83%8B%E3%83%A1%E5%A5%BD%E3%81%8D%E3%81%AA%E8%AA%B0%E3%81%8B" dan="17,19,16,16" rate="2189.19,2296.64,2136.89,2110.60" sx="F,F,F,M"/><TAIKYOKU oya="0"/><INIT seed="0,0,0,5,1,93" ten="250,250,250,250" oya="0" hai0="7,65,92,129,11,94,130,77,79,102,48,52,87" hai1="70,78,81,135,2,99,16,111,73,98,55,28,58" hai2="38,5,44,88,61,51,57,110,45,15,23,100,59" hai3="84,54,22,97,20,1,60,126,115,132,71,120,117"/><T35/><D35/><U80/><E2/><V53/><F110/><W19/><G115/><T34/><D34/><U26/><E111/><V68/><F68/><W50/><G117/><T31/><D31/><U103/><E70/><V10/><F100/><W9/><G126/><T4/><D65/><U133/><E81/><V24/><F38/><W106/><G132/><N who="1" m="50762" /><E103/><V0/><F0/><W33/><G33/><T114/><D114/><U40/><E40/><V112/><F112/><W41/><G41/><T13/><D4/><U42/><E42/><V29/><REACH who="2" step="1"/><F88/><REACH who="2" ten="250,250,240,250" step="2"/><W64/><G120/><T27/><D129/><U69/><E69/><V109/><F109/><W134/><G134/><T105/><D130/><U76/><E76/><V82/><F82/><W121/><G121/><T89/><D105/><U72/><E72/><V8/><F8/><W56/><G84/><T124/><D124/><U47/><E47/><V95/><F95/><W36/><G36/><T49/><D102/><U14/><E80/><V91/><F91/><W127/><G127/><T108/><D108/><U86/><E86/><V37/><F37/><W67/><G1/><T83/><D94/><U122/><E78/><V101/><F101/><W18/><G9/><T128/><D128/><U74/><E122/><V125/><F125/><W123/><G123/><T6/><D83/><U96/><E74/><V107/><F107/><W113/><G113/><T104/><D104/><U131/><E73/><V46/><F46/><W17/><G71/><T39/><D39/><U85/><E131/><V3/><F3/><W43/><G106/><RYUUKYOKU ba="0,1" sc="250,-10,250,-10,240,30,250,-10" hai2="5,10,15,23,24,29,44,45,51,53,57,59,61" /><INIT seed="1,1,1,2,4,109" ten="240,240,270,240" oya="1" hai0="128,99,58,70,93,21,51,8,12,117,88,27,59" hai1="10,102,49,4,89,92,106,75,79,127,65,104,40" hai2="103,85,78,11,38,0,108,111,31,123,107,3,115" hai3="126,1,84,83,34,35,26,69,23,52,33,46,86"/><U113/><E127/><V97/><F123/><W132/><G126/><T90/><D70/><U15/><E113/><V42/><F31/><W62/><G132/><T54/><D117/><U45/><E102/><V2/><F11/><W48/><G1/><T66/><D128/><U60/><E75/><V25/><F25/><W101/><G101/><T24/><D90/><U63/><E79/><V44/><F115/><W130/><G130/><T87/><D99/><U61/><REACH who="1" step="1"/><E65/><REACH who="1" ten="240,230,270,240" step="2"/><V37/><F78/><W29/><REACH who="3" step="1"/><G83/><REACH who="3" ten="240,230,270,230" step="2"/><T16/><D66/><AGARI ba="1,3" hai="23,26,29,33,34,35,46,48,52,62,66,69,84,86" machi="66" ten="40,5200,0" yaku="1,1,2,1,54,1,53,0" doraHai="109" doraHaiUra="105" who="3" fromWho="0" sc="240,-55,230,0,270,0,230,85" /><INIT seed="2,0,0,5,3,97" ten="185,230,270,315" oya="2" hai0="90,125,108,50,88,47,105,3,132,0,87,73,4" hai1="101,95,52,6,44,135,69,123,98,11,93,32,56" hai2="18,34,63,12,86,68,122,62,17,124,14,128,115" hai3="22,85,26,28,64,65,78,57,118,19,33,58,80"/><V107/><F115/><W111/><G118/><T16/><D73/><U8/><E32/><V60/><F122/><W71/><G111/><T53/><D105/><U75/><E75/><V77/><F128/><W113/><G113/><T41/><D108/><U104/><E69/><V23/><F124/><W67/><REACH who="3" step="1"/><G71/><REACH who="3" ten="185,230,270,305" step="2"/><T76/><D125/><U121/><E123/><V127/><F68/><W43/><G43/><T51/><D132/><U61/><E135/><V66/><F127/><W36/><G36/><T7/><D3/><U120/><E120/><V13/><F66/><W92/><G92/><T21/><D0/><U129/><E121/><V84/><F107/><W117/><G117/><T42/><D42/><U9/><E129/><V40/><F40/><W48/><G48/><T5/><D51/><U31/><E104/><V38/><F38/><W27/><AGARI ba="0,1" hai="19,22,26,27,28,33,57,58,64,65,67,78,80,85" machi="27" ten="30,2000,0" yaku="1,1,0,1,53,0" doraHai="97" doraHaiUra="70" who="3" fromWho="3" sc="185,-5,230,-5,270,-10,305,30" /><INIT seed="3,0,0,4,5,134" ten="180,225,260,335" oya="3" hai0="50,72,89,64,0,65,71,115,133,59,129,94,126" hai1="49,98,81,48,104,61,23,35,112,21,7,132,100" hai2="18,33,119,102,125,121,17,97,135,69,3,82,124" hai3="30,105,114,56,86,95,76,51,99,68,63,58,108"/><W42/><G114/><T85/><D0/><U53/><E112/><V13/><F119/><W32/><G68/><T31/><D115/><U77/><E35/><V120/><F135/><W122/><G122/><N who="2" m="47209" /><F69/><W26/><G105/><T12/><D72/><U27/><E132/><V110/><F110/><W37/><G108/><T57/><D133/><U88/><E7/><V44/><F3/><W34/><G37/><T128/><D31/><U111/><E111/><V106/><F33/><W19/><G34/><T103/><D103/><U107/><E107/><V92/><F106/><W70/><G70/><T36/><D36/><U2/><E2/><V101/><F101/><W41/><G19/><T117/><D117/><U22/><E27/><V5/><F44/><W47/><G42/><T16/><D71/><U54/><E88/><V4/><F82/><W43/><G43/><T80/><D80/><U113/><E113/><V83/><F83/><W25/><G58/><T28/><D28/><U123/><E123/><V96/><F96/><W90/><G30/><T24/><D24/><U10/><E10/><N who="2" m="6327" /><F18/><W67/><G32/><T40/><D40/><U38/><E38/><V60/><F60/><W39/><G39/><T14/><D16/><U79/><E61/><V91/><F91/><N who="3" m="55807" /><G76/><N who="1" m="29258" /><E81/><AGARI ba="0,0" hai="25,26,41,47,51,56,63,67,81,86,90" m="55807" machi="81" ten="30,1500,0" yaku="8,1" doraHai="134" who="3" fromWho="1" sc="180,0,225,-15,260,0,335,15" /><INIT seed="3,1,0,1,2,126" ten="180,210,260,350" oya="3" hai0="102,6,75,35,71,54,34,86,27,103,13,19,64" hai1="1,112,91,129,131,12,132,17,95,3,94,66,72" hai2="98,78,79,76,123,53,16,49,107,23,97,51,84" hai3="111,31,134,90,128,122,41,20,61,80,30,14,40"/><W63/><G122/><T109/><D75/><U9/><E112/><V48/><F123/><W67/><G134/><T4/><D109/><U65/><E72/><V121/><F121/><W104/><G104/><T119/><D119/><U25/><E132/><V106/><F53/><W36/><G111/><T44/><D71/><U69/><E25/><V15/><REACH who="2" step="1"/><F84/><REACH who="2" ten="180,210,250,350" step="2"/><W88/><G41/><T118/><D118/><U28/><E65/><V59/><F59/><W130/><G67/><T42/><D64/><U100/><E66/><V10/><F10/><W114/><G114/><T92/><D54/><U96/><E69/><V82/><F82/><W22/><G80/><T60/><D86/><N who="1" m="52599" /><E28/><V45/><F45/><W21/><G40/><T55/><D44/><U87/><E87/><V70/><F70/><W115/><G115/><T135/><D42/><U0/><E0/><V110/><F110/><W11/><G31/><T120/><D120/><U2/><E2/><V33/><F33/><W39/><G30/><T89/><D35/><U99/><E1/><V68/><F68/><W8/><G22/><T105/><D34/><U29/><E3/><V38/><F38/><W113/><G113/><T58/><D135/><U26/><E29/><V37/><F37/><W56/><G56/><T62/><D58/><U83/><E83/><V108/><F108/><W101/><G36/><T52/><D55/><U133/><E133/><V116/><F116/><W73/><G39/><T46/><D52/><U124/><E124/><V24/><F24/><W57/><G73/><T74/><D74/><U93/><E26/><RYUUKYOKU ba="1,1" sc="180,-15,210,15,250,15,350,-15" hai1="9,12,17,93,95,96,99,100,129,131" hai2="15,16,23,48,49,51,76,78,79,97,98,106,107" /><INIT seed="4,2,1,4,2,104" ten="165,225,265,335" oya="0" hai0="105,85,42,44,91,110,68,114,119,19,22,35,127" hai1="89,81,9,129,0,24,52,39,113,95,26,1,100" hai2="70,98,65,74,59,90,125,92,101,23,134,55,77" hai3="112,13,18,11,15,69,54,120,58,132,111,27,130"/><T37/><D35/><U10/><E39/><V88/><F134/><W115/><G69/><T99/><D119/><U71/><E71/><V16/><F125/><W116/><G111/><T57/><D68/><U64/><E64/><V14/><F70/><W109/><G116/><T135/><D127/><U7/><E100/><V8/><F65/><W108/><G132/><T25/><D135/><U107/><E107/><V93/><F93/><W20/><G130/><T30/><D110/><U97/><E129/><V75/><F8/><W121/><G108/><T103/><D114/><N who="3" m="43561" /><G109/><T5/><D5/><U50/><E113/><V86/><F77/><W122/><G11/><T78/><D78/><U73/><E81/><V32/><F32/><W40/><G40/><T67/><D57/><U2/><E73/><V17/><F17/><W72/><G72/><T83/><REACH who="0" step="1"/><D67/><REACH who="0" ten="155,225,265,335" step="2"/><U56/><REACH who="1" step="1"/><E10/><REACH who="1" ten="155,215,265,335" step="2"/><V49/><F101/><W4/><G121/><T28/><AGARI ba="2,3" hai="19,22,25,28,30,37,42,44,83,85,91,99,103,105" machi="28" ten="30,6000,0" yaku="1,1,2,1,0,1,53,0" doraHai="104" doraHaiUra="62" who="0" fromWho="0" sc="155,96,215,-22,265,-22,335,-22" /><INIT seed="4,3,0,5,4,108" ten="251,193,243,313" oya="0" hai0="94,55,106,86,40,93,8,0,7,135,91,10,69" hai1="35,81,122,16,82,29,125,25,103,38,39,102,73" hai2="80,3,67,111,77,76,56,14,27,83,11,116,49" hai3="34,112,37,133,57,74,104,30,31,110,47,128,78"/><T121/><D69/><U41/><E122/><V72/><F111/><W19/><G110/><T89/><D121/><U109/><E109/><V124/><F124/><W132/><G104/><T70/><D70/><U75/><E125/><V65/><F3/><W45/><G128/><T51/><D106/><U43/><E25/><V120/><F120/><W46/><G19/><T87/><D135/><N who="3" m="51785" /><G37/><T62/><D10/><U107/><E107/><V54/><F116/><W53/><G34/><T92/><D40/><U1/><E29/><V61/><F27/><W84/><G74/><T126/><D126/><U15/><E15/><V52/><F54/><W97/><G97/><T127/><D127/><U5/><E5/><V90/><F90/><W115/><G84/><T66/><D66/><U88/><E88/><V71/><F71/><W134/><N who="3" m="51793" /><W44/><N who="3" m="11264" /><DORA hai="60" /><DORA hai="9" /><W22/><G78/><T79/><D79/><U26/><E26/><V50/><F67/><W101/><G101/><T68/><D68/><U17/><REACH who="1" step="1"/><E35/><REACH who="1" ten="251,183,243,313" step="2"/><V24/><F24/><N who="3" m="16663" /><G31/><T48/><D89/><U2/><AGARI ba="3,1" hai="1,2,16,17,38,39,41,43,73,75,81,82,102,103" machi="2" ten="25,12000,2" yaku="1,1,0,1,22,2,54,1,53,2" doraHai="108,60,9" doraHaiUra="32,129,6" who="1" fromWho="1" sc="251,-63,183,139,243,-33,313,-33" /><INIT seed="5,0,0,1,2,30" ten="188,322,210,280" oya="1" hai0="68,18,92,77,129,111,79,11,60,98,82,108,117" hai1="88,25,12,115,91,110,65,135,61,51,124,94,103" hai2="42,48,58,96,100,84,71,24,105,8,125,99,114" hai3="3,83,122,50,131,7,57,70,66,13,101,35,78"/><U17/><E115/><V32/><F125/><W34/><G122/><T123/><D117/><U10/><E124/><V133/><F133/><W81/><G131/><T56/><D123/><U41/><E135/><V95/><F114/><W130/><G130/><T23/><D68/><U73/><E73/><V80/><F71/><W16/><G101/><T9/><D129/><U22/><E110/><V55/><F42/><W72/><G83/><T132/><D132/><U89/><E103/><V85/><F8/><W49/><G70/><T46/><D46/><N who="1" m="26063" /><E61/><V6/><F6/><W28/><G66/><T67/><D111/><U31/><E65/><V69/><F69/><W37/><G37/><T20/><D108/><U53/><E53/><V116/><F116/><W54/><G28/><T38/><D38/><U102/><E102/><V128/><F128/><W118/><G118/><T107/><D107/><U75/><E75/><V21/><F32/><W40/><G7/><T47/><D47/><U74/><E74/><V33/><F33/><W14/><G3/><T44/><D44/><U26/><E26/><V0/><F0/><W5/><G5/><T112/><D112/><U2/><E2/><V90/><REACH who="2" step="1"/><F80/><REACH who="2" ten="188,322,200,280" step="2"/><W97/><G35/><T19/><D82/><U62/><E10/><N who="0" m="3593" /><D23/><U52/><E22/><V1/><F1/><W134/><G134/><T104/><D104/><U4/><E4/><V64/><F64/><W63/><G81/><T93/><D20/><U113/><E113/><V87/><F87/><W45/><G34/><T127/><D127/><U109/><E109/><V59/><F59/><RYUUKYOKU ba="0,1" sc="188,-10,322,-10,200,30,280,-10" hai2="21,24,48,55,58,84,85,90,95,96,99,100,105" /><INIT seed="6,1,1,4,1,48" ten="178,312,230,270" oya="2" hai0="95,103,24,68,70,58,128,92,18,113,100,90,87" hai1="57,6,26,106,55,4,31,29,47,32,132,135,52" hai2="13,73,34,81,42,97,63,102,27,44,127,86,23" hai3="66,133,71,8,40,79,109,64,75,3,69,54,65"/><V129/><F129/><W82/><G109/><T9/><D128/><U11/><E106/><V99/><F127/><W21/><G133/><N who="1" m="51274" /><E31/><V121/><F121/><W59/><G40/><T51/><D113/><U105/><E105/><V39/><F73/><W131/><G131/><T61/><D70/><U1/><E57/><V126/><F126/><W108/><G108/><T62/><D68/><U25/><E25/><V30/><F63/><W20/><G20/><T119/><D119/><U56/><E56/><V41/><F41/><W16/><G8/><T28/><D92/><U19/><E47/><V78/><F13/><W10/><G10/><T17/><D61/><U112/><E112/><V134/><F134/><W123/><G3/><T2/><D2/><U77/><E19/><V33/><REACH who="2" step="1"/><F97/><REACH who="2" ten="178,312,220,270" step="2"/><W111/><G123/><T101/><D51/><U83/><E6/><V15/><F15/><W96/><G96/><T0/><D0/><U60/><E60/><V98/><F98/><W110/><G111/><T104/><D104/><AGARI ba="1,2" hai="23,27,30,33,34,39,42,44,78,81,86,99,102,104" machi="104" ten="30,5800,0" yaku="1,1,7,1,53,1" doraHai="48" doraHaiUra="93" who="2" fromWho="0" sc="178,-61,312,0,220,81,270,0" /><INIT seed="6,2,0,4,5,15" ten="117,312,301,270" oya="2" hai0="128,120,16,118,2,66,119,10,117,83,65,88,106" hai1="0,131,31,132,98,49,71,67,100,23,75,9,34" hai2="113,32,1,126,36,24,55,102,22,73,56,103,3" hai3="123,72,79,85,115,33,13,91,51,44,46,87,38"/><V29/><F73/><W17/><G123/><T37/><D37/><U62/><E131/><V135/><F36/><W30/><G115/><T5/><D128/><U134/><E75/><V80/><F113/><W105/><G105/><T125/><D106/><N who="1" m="63767" /><E23/><V41/><F126/><W7/><G7/><T77/><D125/><U82/><E82/><V84/><F135/><N who="1" m="51753" /><E49/><V61/><F41/><W11/><G72/><T94/><D120/><U64/><E64/><N who="0" m="24681" /><D83/><U6/><E31/><V70/><F70/><W14/><G14/><N who="0" m="7255" /><D77/><U108/><E108/><V130/><F130/><W97/><G79/><T122/><D122/><U25/><E25/><V124/><F124/><W129/><G129/><T116/><N who="0" m="29696" /><DORA hai="58" /><T4/><D2/><N who="1" m="215" /><E34/><V93/><F32/><W50/><G38/><T90/><D90/><U40/><E40/><V92/><F3/><AGARI ba="2,0" hai="0,3,62,67,71" m="215,51753,63767" machi="3" ten="30,3900,0" yaku="20,1,23,1,52,1" doraHai="15,58" who="1" fromWho="2" sc="117,0,312,45,301,-45,270,0" /><INIT seed="7,0,0,3,5,89" ten="117,357,256,270" oya="3" hai0="42,20,59,68,98,28,65,80,79,106,109,52,124" hai1="25,93,21,13,62,60,104,19,32,41,27,120,31" hai2="50,48,122,117,5,54,47,77,81,83,118,111,46" hai3="119,82,38,76,73,57,94,72,74,7,63,95,17"/><W134/><G119/><T102/><D109/><U49/><E104/><V9/><F111/><W96/><G134/><T129/><D124/><U131/><E120/><V11/><F122/><W71/><G71/><T23/><D129/><U18/><E131/><V64/><F64/><W33/><G38/><T34/><D42/><U1/><E1/><V29/><F29/><W133/><G133/><T105/><D105/><U43/><E93/><V26/><F26/><W15/><G33/><T4/><D4/><U53/><E43/><V113/><F113/><W40/><G7/><T92/><D106/><U115/><E41/><V107/><F107/><W3/><G3/><T125/><D125/><U112/><E112/><V36/><F36/><W22/><G40/><T87/><D34/><U108/><E108/><V30/><F30/><W58/><G58/><T86/><D86/><U69/><E69/><V44/><F44/><W67/><REACH who="3" step="1"/><G95/><REACH who="3" ten="117,357,256,260" step="2"/><T135/><D135/><U0/><E0/><V132/><F132/><W75/><G75/><T116/><D116/><U24/><E115/><V85/><F5/><W88/><AGARI ba="0,1" hai="15,17,22,57,63,67,72,73,74,76,82,88,94,96" machi="88" ten="20,18000,2" yaku="1,1,0,1,7,1,52,1,54,1,53,1" doraHai="89" doraHaiUra="14" who="3" fromWho="3" sc="117,-60,357,-60,256,-60,260,190" owari="57,-44.0,297,10.0,196,-20.0,450,54.0" /></mjloggm>