<mjloggm ver="2.3"><GO type="169" lobby="0"/><UN n0="%E3%83%88%E3%83%88%E3%83%AA%E5%85%88%E7%94%9F%31%39%E6%AD%B3" n1="%E3%83%94%E3%83%A8%E3%81%A3%E3%81%99" n2="%E3%82%86%E3%81%A3%E3%81%8F%E3%82%8A%E5%A6%96%E5%A4%A2" n3="%E3%83%9A%E3%83%81%E3%83%A7%E3%83%BC%E3%83%AA%E3%83%B3" dan="19,16,17,16" rate="2345.77,2094.84,2183.39,2101.27" sx="F,M,M,M"/><TAIKYOKU oya="0"/><INIT seed="0,0,0,2,5,127" ten="250,250,250,250" oya="0" hai0="98,55,121,8,15,102,63,54,115,4,6,135,56" hai1="104,7,11,99,123,71,91,64,129,92,128,18,80" hai2="31,113,52,94,30,36,51,101,96,68,5,27,87" hai3="78,72,44,85,83,117,57,120,25,34,3,79,61"/><T126/><D115/><U13/><E123/><V114/><F36/><W105/><G3/><T76/><D121/><U53/><E53/><V58/><F68/><W90/><G105/><T73/><D126/><U20/><E104/><V132/><F132/><W75/><G117/><T10/><D135/><U40/><E40/><V32/><F5/><W26/><G44/><T124/><D124/><U49/><E49/><V35/><REACH who="2" step="1"/><F87/><REACH who="2" ten="250,250,240,250" step="2"/><W95/><G120/><T84/><D84/><U86/><E71/><V112/><F112/><W24/><G34/><T106/><D73/><U43/><E64/><V41/><F41/><W70/><G70/><T12/><D76/><U108/><E43/><V59/><F59/><W48/><G78/><T119/><D119/><U103/><REACH who="1" step="1"/><E108/><REACH who="1" ten="250,240,240,250" step="2"/><V62/><F62/><W0/><G61/><T38/><D38/><U111/><E111/><V82/><F82/><W110/><G110/><T77/><D77/><U122/><E122/><V16/><F16/><W47/><G83/><T134/><D134/><U125/><E125/><V67/><F67/><AGARI ba="0,2" hai="4,6,8,10,12,15,54,55,56,63,67,98,102,106" machi="67" ten="30,2900,0" yaku="7,1,9,1" doraHai="127" who="0" fromWho="2" sc="250,49,240,0,240,-29,250,0" /><INIT seed="0,1,0,1,2,12" ten="299,240,211,250" oya="0" hai0="10,16,47,107,46,28,83,73,41,5,129,114,106" hai1="0,95,84,127,34,49,29,50,88,123,64,22,130" hai2="55,57,133,32,96,70,97,18,102,56,6,9,99" hai3="48,120,69,77,75,122,15,19,66,27,105,94,25"/><T40/><D114/><U124/><E123/><N who="3" m="47146" /><G105/><T63/><D129/><U126/><E0/><V61/><F133/><W92/><G77/><T36/><D28/><U72/><E130/><V118/><F118/><W26/><G75/><T21/><D63/><U37/><E37/><V24/><F70/><W81/><G81/><T115/><D115/><U98/><E72/><V104/><F57/><W62/><G48/><N who="1" m="18538" /><E64/><V101/><F32/><W74/><G74/><T45/><D45/><U103/><E34/><V90/><F90/><W108/><G108/><T14/><D46/><U89/><E84/><V2/><REACH who="2" step="1"/><F104/><REACH who="2" ten="299,240,201,250" step="2"/><W117/><G117/><T13/><REACH who="0" step="1"/><D41/><REACH who="0" ten="289,240,201,250" step="2"/><U121/><E127/><V11/><F11/><AGARI ba="1,2" hai="11,15,19,25,26,27,62,66,69,92,94" m="47146" machi="11" ten="30,2000,0" yaku="13,1,52,1" doraHai="12" who="3" fromWho="2" sc="289,0,240,0,201,-23,250,43" /><INIT seed="1,0,0,3,3,60" ten="289,240,178,293" oya="1" hai0="128,90,101,63,37,133,104,55,54,121,51,116,58" hai1="73,11,2,7,8,33,119,20,65,32,27,112,19" hai2="79,88,77,34,57,131,76,43,50,95,126,97,39" hai3="80,89,75,68,28,123,70,26,96,42,21,22,35"/><U115/><E73/><V81/><F131/><W66/><G123/><T72/><D116/><U98/><E65/><V61/><F126/><W105/><G42/><T135/><D37/><U83/><E83/><V29/><F39/><W6/><G6/><T84/><D72/><U69/><E69/><V49/><F34/><W103/><G68/><T107/><D128/><U125/><E98/><V23/><F81/><W38/><G38/><T99/><D107/><U5/><E119/><V62/><F62/><N who="3" m="40279" /><G89/><T52/><D121/><U25/><E125/><V92/><F43/><W82/><G82/><N who="0" m="49431" /><D63/><U106/><E106/><V67/><REACH who="2" step="1"/><F95/><REACH who="2" ten="289,240,168,293" step="2"/><W71/><G71/><T56/><D51/><U15/><REACH who="1" step="1"/><E27/><AGARI ba="0,1" hai="23,27,29,49,50,57,61,67,76,77,79,88,92,97" machi="27" ten="40,12000,2" yaku="1,1,2,1,8,1,52,1,54,1,53,1" doraHai="60" doraHaiUra="87" who="2" fromWho="1" sc="289,0,240,-120,168,130,293,0" /><INIT seed="2,0,0,2,5,113" ten="289,120,298,293" oya="2" hai0="39,67,115,1,108,69,31,7,92,51,53,87,122" hai1="102,100,127,116,85,49,74,36,97,120,58,82,98" hai2="112,28,60,119,45,38,128,130,77,135,81,55,43" hai3="73,86,37,24,78,6,33,52,131,18,90,0,40"/><V99/><F112/><W46/><G131/><N who="2" m="50217" /><F135/><W110/><G110/><T91/><D115/><U26/><E36/><V65/><F28/><W57/><G78/><T35/><D39/><U20/><E120/><V66/><F99/><N who="1" m="37897" /><E74/><N who="2" m="43191" /><F119/><W126/><G73/><T83/><D122/><U16/><E116/><V89/><F89/><W42/><G126/><T76/><D108/><U129/><E129/><V47/><F47/><W17/><G42/><T41/><D41/><U9/><E9/><V96/><F96/><W22/><G33/><T70/><D67/><U124/><E124/><V109/><F109/><W34/><G34/><T27/><D7/><U8/><E8/><V68/><F65/><W2/><G6/><T133/><D1/><U104/><E104/><V3/><F55/><W106/><G18/><T12/><D133/><U72/><E72/><V59/><F3/><W114/><G106/><T95/><D95/><U54/><E127/><V14/><F14/><W125/><G114/><T117/><D12/><U56/><E56/><AGARI ba="0,0" hai="38,43,45,56,59,60,66,68" m="43191,50217" machi="56" ten="30,1500,0" yaku="19,1" doraHai="113" who="2" fromWho="1" sc="289,0,120,-15,298,15,293,0" /><INIT seed="2,1,0,1,3,122" ten="289,105,313,293" oya="2" hai0="52,102,66,134,119,131,6,0,22,35,17,58,11" hai1="80,48,84,54,78,129,37,43,103,109,125,87,124" hai2="44,12,42,94,126,96,49,132,10,83,93,34,14" hai3="13,101,79,68,26,5,60,61,4,97,117,127,123"/><V24/><F126/><N who="1" m="48745" /><E129/><V65/><F132/><W98/><G127/><T51/><D131/><U104/><E37/><V100/><F65/><W74/><G26/><T1/><D134/><U15/><E43/><V50/><F34/><W71/><G13/><T77/><D35/><U91/><E15/><V62/><F62/><W20/><G20/><T90/><D119/><U3/><E3/><V133/><F133/><W72/><G79/><T114/><D114/><U9/><E9/><V76/><F24/><W67/><G101/><T38/><D38/><U36/><E36/><V56/><F94/><W55/><G55/><T32/><D32/><U111/><E48/><V75/><REACH who="2" step="1"/><F10/><REACH who="2" ten="289,105,303,293" step="2"/><W29/><G67/><T18/><D66/><U108/><E54/><AGARI ba="1,1" hai="12,14,42,44,49,50,54,56,75,76,83,93,96,100" machi="54" ten="40,3900,0" yaku="1,1,2,1,53,0" doraHai="122" doraHaiUra="86" who="2" fromWho="1" sc="289,0,105,-42,303,52,293,0" /><INIT seed="2,2,0,1,1,22" ten="289,63,355,293" oya="2" hai0="49,93,14,23,106,71,74,30,77,73,52,121,127" hai1="87,99,95,46,35,20,113,21,125,116,120,70,60" hai2="62,57,130,28,123,50,40,19,82,86,36,66,112" hai3="105,115,55,41,132,69,72,65,3,102,32,48,126"/><V1/><F123/><W33/><G72/><T63/><D121/><U107/><E120/><V4/><F112/><W97/><G3/><T2/><D106/><U5/><E116/><V124/><F36/><W98/><G115/><T89/><D2/><U78/><E113/><V45/><F130/><W34/><G126/><T91/><D127/><U64/><E125/><V10/><F124/><W11/><G132/><T29/><D89/><U17/><E35/><V38/><F28/><W118/><G41/><T84/><D77/><U122/><E122/><V56/><F19/><W54/><G97/><T75/><D63/><U0/><E107/><V131/><F131/><W85/><G85/><T111/><D71/><U110/><E110/><V134/><F134/><W24/><G11/><T81/><D81/><U96/><E46/><V79/><REACH who="2" step="1"/><F38/><REACH who="2" ten="289,63,345,293" step="2"/><W92/><G118/><T27/><D111/><U15/><E17/><V108/><F108/><W114/><G114/><T16/><REACH who="0" step="1"/><D27/><REACH who="0" ten="279,63,345,293" step="2"/><U119/><E119/><V6/><F6/><W83/><G24/><T80/><D80/><U37/><E5/><V9/><F9/><W44/><G83/><T109/><D109/><U129/><E129/><V26/><F26/><W117/><G117/><T59/><AGARI ba="2,2" hai="14,16,23,29,30,49,52,59,73,74,75,84,91,93" machi="59" ten="30,16000,3" yaku="1,1,0,1,25,2,54,2,53,3" doraHai="22" doraHaiUra="104" who="0" fromWho="0" sc="279,186,63,-42,345,-82,293,-42" /><INIT seed="3,0,0,4,3,121" ten="465,21,263,251" oya="3" hai0="120,75,113,101,89,116,47,96,23,37,22,66,103" hai1="59,4,50,55,54,29,62,110,134,128,85,3,132" hai2="108,87,53,73,76,124,102,44,60,18,64,129,57" hai3="16,78,49,91,14,115,2,109,67,100,77,95,106"/><W30/><G2/><T39/><D120/><U58/><E128/><V7/><F73/><W93/><G115/><T35/><D116/><U46/><E29/><V97/><F124/><W84/><G106/><T41/><D75/><U79/><E79/><V83/><F129/><W45/><G30/><T133/><D35/><U127/><E127/><V88/><F7/><W13/><G13/><T8/><D39/><U15/><E3/><V98/><F108/><W69/><G109/><T94/><D113/><U51/><E85/><V52/><F76/><W31/><G31/><T42/><D42/><N who="1" m="24919" /><E15/><V12/><F44/><W135/><G135/><N who="1" m="51754" /><E4/><V107/><REACH who="2" step="1"/><F97/><REACH who="2" ten="465,21,253,251" step="2"/><N who="3" m="59455" /><G69/><T82/><D47/><U118/><E118/><V17/><F17/><W111/><G111/><AGARI ba="0,1" hai="51,54,55,58,59,62,110,111" m="51754,24919" machi="111" ten="30,8000,1" yaku="20,1,34,2,52,2" doraHai="121" who="1" fromWho="3" sc="465,0,21,90,253,0,251,-80" /><INIT seed="4,0,0,4,5,55" ten="465,111,253,171" oya="0" hai0="9,104,87,112,89,33,122,129,51,117,133,30,6" hai1="131,80,73,7,44,24,50,59,3,98,37,82,10" hai2="53,54,107,61,2,48,108,4,78,27,17,19,81" hai3="57,23,79,31,63,132,36,120,38,39,95,103,128"/><T111/><D117/><U40/><E131/><V26/><F108/><W60/><G128/><T67/><D122/><U66/><E98/><V65/><F107/><W100/><G132/><T28/><D129/><U109/><E109/><V88/><F2/><W97/><G120/><T91/><D104/><U75/><E24/><N who="2" m="9259" /><F4/><W74/><G31/><T1/><D112/><U116/><E116/><V11/><F78/><W34/><G34/><T32/><D133/><U20/><E20/><V35/><F35/><W110/><G23/><T71/><D111/><U52/><REACH who="1" step="1"/><E66/><REACH who="1" ten="465,101,253,171" step="2"/><V124/><F65/><W8/><G97/><T96/><D33/><U56/><E56/><V47/><F11/><W126/><G110/><T135/><D32/><U72/><AGARI ba="0,1" hai="3,7,10,37,40,44,50,52,59,72,73,75,80,82" machi="72" ten="30,8000,1" yaku="1,1,0,1,52,1,54,1,53,1" doraHai="55" doraHaiUra="68" who="1" fromWho="1" sc="465,-40,101,90,253,-20,171,-20" /><INIT seed="5,0,0,4,1,85" ten="425,191,233,151" oya="1" hai0="52,51,48,34,113,15,72,69,66,25,40,70,95" hai1="20,79,123,1,83,102,8,90,6,11,86,117,103" hai2="2,131,132,12,107,30,19,134,10,39,122,119,110" hai3="55,106,4,104,59,68,94,45,23,31,74,100,49"/><U80/><E123/><V35/><RYUUKYOKU type="yao9" ba="0,0" sc="425,0,191,0,233,0,151,0" hai2="2,10,12,19,30,35,39,107,110,119,122,131,132,134" /><INIT seed="5,1,0,3,4,130" ten="425,191,233,151" oya="1" hai0="118,72,69,92,114,70,101,46,119,3,39,106,56" hai1="113,11,88,35,21,53,26,67,37,66,18,120,4" hai2="0,89,116,97,36,110,135,127,134,91,121,79,128" hai3="84,10,55,64,57,63,75,129,125,71,9,30,54"/><U73/><E120/><V96/><F0/><W83/><G129/><T1/><D92/><U17/><E113/><V6/><F36/><W19/><G125/><T28/><D56/><U77/><E37/><V58/><F128/><W95/><G75/><T15/><D15/><N who="1" m="5607" /><E35/><V7/><F121/><W2/><G30/><T99/><D28/><N who="1" m="17487" /><E73/><V122/><F122/><W8/><G95/><T115/><D72/><U27/><E77/><V65/><F110/><W80/><G80/><T131/><D131/><U47/><E88/><N who="2" m="33867" /><F79/><W41/><G41/><N who="0" m="22847" /><D1/><U52/><E27/><V32/><F32/><W104/><G104/><T117/><D3/><U25/><E25/><V45/><F127/><W86/><G2/><T124/><D124/><U112/><E112/><AGARI ba="1,0" hai="69,70,99,101,106,112,114,115,117,118,119" m="22847" machi="112" ten="40,2600,0" yaku="15,1,23,1" doraHai="130" who="0" fromWho="1" sc="425,29,191,-29,233,0,151,0" /><INIT seed="6,0,0,0,1,93" ten="454,162,233,151" oya="2" hai0="133,28,47,36,60,97,31,35,11,23,118,42,123" hai1="8,107,111,125,132,80,17,24,135,127,30,131,70" hai2="2,12,43,58,99,90,79,38,129,48,63,37,71" hai3="45,14,114,16,95,109,5,21,52,130,34,19,29"/><V77/><F2/><W6/><G109/><T54/><D123/><U134/><E111/><V82/><F129/><W96/><G130/><T51/><D35/><N who="1" m="20935" /><E70/><V66/><F12/><N who="3" m="9447" /><G29/><T116/><D133/><U40/><E107/><V120/><F120/><W18/><G34/><T106/><D60/><U50/><E80/><V86/><F99/><W81/><G81/><T102/><D11/><U91/><E91/><V88/><F90/><N who="3" m="55415" /><G114/><T22/><D22/><U10/><E131/><V115/><F115/><W4/><G14/><T49/><D36/><U83/><E83/><V78/><REACH who="2" step="1"/><F58/><REACH who="2" ten="454,162,223,151" step="2"/><W117/><G117/><N who="0" m="45163" /><D23/><U72/><E10/><V69/><F69/><W75/><G75/><T26/><D26/><U53/><E72/><V1/><F1/><W121/><G121/><T57/><AGARI ba="0,1" hai="28,31,42,47,49,51,54,57,97,102,106" m="45163" machi="57" ten="30,2000,0" yaku="12,1,52,1" doraHai="93" who="0" fromWho="0" sc="454,30,162,-5,223,-10,151,-5" /><INIT seed="7,0,0,1,3,122" ten="484,157,213,146" oya="3" hai0="92,86,112,89,35,110,47,114,60,50,69,43,19" hai1="24,118,42,52,33,58,4,29,63,57,111,5,22" hai2="101,99,16,40,134,121,45,129,6,38,41,54,130" hai3="81,66,61,127,56,107,96,44,104,75,94,32,105"/><W131/><G32/><T71/><D110/><U9/><E118/><V28/><F134/><W12/><G127/><T95/><D35/><U23/><E111/><V78/><F121/><W14/><G131/><N who="2" m="50185" /><F28/><W117/><G117/><T115/><D19/><U102/><E102/><V10/><F78/><W106/><N who="3" m="26624" /><DORA hai="53" /><W49/><G81/><N who="0" m="49359" /><D60/><U119/><E119/><V18/><F41/><W124/><G75/><T90/><D95/><U100/><E100/><V26/><F26/><W125/><G14/><T59/><D59/><U3/><E42/><V109/><F109/><W21/><G21/><T123/><D123/><U68/><E68/><V84/><F84/><AGARI ba="0,0" hai="43,47,50,69,71,84,90,92,112,114,115" m="49359" machi="84" ten="30,2000,0" yaku="15,1,11,1" doraHai="122,53" who="0" fromWho="2" sc="484,20,157,0,213,-20,146,0" owari="504,60.0,157,-24.0,193,-1.0,146,-35.0" /></mjloggm>