<mjloggm ver="2.3"><GO type="169" lobby="0"/><UN n0="%E3%82%A4%E3%83%A4%E3%82%A1%E3%82%AA" n1="%E3%82%A6%E3%83%AB%E3%83%88%E3%83%A9%E7%AB%8B%E7%9B%B4" n2="%E6%AF%94%E5%98%89%E7%A7%80%E4%BB%81" n3="%E8%9B%99%E3%81%AE%E7%8E%8B" dan="16,19,17,16" rate="2060.09,2337.03,2154.38,2116.44" sx="M,M,M,M"/><TAIKYOKU oya="0"/><INIT seed="0,0,0,5,2,42" ten="250,250,250,250" oya="0" hai0="31,76,79,114,64,30,94,67,73,111,97,14,83" hai1="51,108,118,85,40,117,46,121,32,26,48,124,115" hai2="45,91,86,81,28,127,39,61,36,10,59,21,16" hai3="106,6,90,88,80,56,58,0,12,68,122,63,92"/><T44/><D114/><U3/><E3/><V74/><F127/><W35/><G0/><T119/><D119/><U4/><E4/><V2/><F74/><W110/><G106/><T134/><D134/><U49/><E32/><V41/><F28/><W72/><G35/><T60/><D79/><U23/><E121/><V50/><F2/><W112/><G112/><T5/><D111/><U130/><E115/><V98/><F98/><W129/><G110/><T13/><D67/><U75/><E75/><V38/><F10/><W123/><G129/><T120/><D44/><U135/><E130/><V24/><REACH who="2" step="1"/><F39/><REACH who="2" ten="250,250,240,250" step="2"/><W101/><G123/><T95/><D31/><U104/><E124/><V89/><F89/><W133/><G88/><T22/><D30/><U105/><E108/><V93/><F93/><W53/><G90/><T125/><D94/><U128/><E128/><V47/><F47/><W27/><G92/><T113/><D125/><U82/><E105/><V29/><F29/><W19/><G72/><T70/><D120/><U15/><E104/><V9/><F9/><W65/><G122/><T8/><D113/><U84/><E46/><V33/><F33/><W43/><G101/><T126/><D126/><U132/><E135/><V107/><F107/><W55/><G133/><T52/><D95/><U20/><E132/><V103/><F103/><W100/><G100/><T62/><D97/><U54/><E118/><V11/><F11/><W17/><G80/><T77/><D8/><U34/><E82/><V116/><F116/><W18/><G6/><T96/><D5/><U57/><E117/><RYUUKYOKU ba="0,1" sc="250,-10,250,-10,240,30,250,-10" hai2="16,21,24,36,38,41,45,50,59,61,81,86,91" /><INIT seed="1,1,1,5,3,35" ten="240,240,270,240" oya="1" hai0="25,0,124,5,66,26,99,70,104,112,79,113,14" hai1="129,11,132,46,54,133,84,134,121,34,24,61,23" hai2="28,19,62,94,97,55,109,18,105,110,58,128,6" hai3="125,45,98,127,91,21,39,37,74,102,131,71,60"/><U123/><E34/><V77/><F105/><W78/><G91/><T43/><D14/><U117/><E117/><V100/><F128/><W73/><G21/><T36/><D26/><U52/><E129/><V88/><F77/><W31/><G31/><T96/><D96/><U10/><E84/><V81/><F28/><W85/><G85/><T17/><D17/><N who="1" m="12399" /><E46/><V1/><F81/><N who="3" m="45263" /><G74/><T41/><D41/><U30/><E30/><V15/><F100/><W4/><G4/><T76/><D76/><U75/><E75/><V126/><F126/><N who="3" m="48139" /><G45/><T49/><D79/><U42/><E42/><V90/><F90/><W106/><G131/><T93/><D124/><U120/><E54/><V65/><F55/><W56/><G71/><T114/><D70/><U38/><E38/><V13/><F13/><W107/><G106/><T33/><D36/><U64/><E52/><AGARI ba="1,1" hai="37,39,52,56,60,98,102,107" m="48139,45263" machi="52" ten="30,2000,0" yaku="18,1,54,1" doraHai="35" who="3" fromWho="1" sc="240,0,240,-23,270,0,240,33" /><INIT seed="2,0,0,4,3,67" ten="240,217,270,273" oya="2" hai0="26,100,112,35,63,68,114,46,109,79,39,18,2" hai1="27,96,30,23,13,82,45,47,83,31,70,61,32" hai2="126,78,124,132,29,108,121,24,133,37,113,16,60" hai3="54,20,104,66,116,110,97,81,115,5,34,80,72"/><V123/><F37/><W62/><G34/><T7/><D109/><U11/><E96/><V94/><F108/><W117/><G110/><T129/><D18/><U55/><E31/><V134/><F78/><W118/><G115/><T43/><D129/><U42/><E32/><N who="2" m="20519" /><F60/><W22/><G54/><T107/><D79/><U8/><E8/><V4/><F94/><W92/><G104/><T87/><D87/><U120/><E120/><N who="2" m="46155" /><F113/><W19/><G72/><T73/><D73/><U41/><E41/><V3/><F16/><W57/><G5/><T69/><D114/><U102/><E102/><V122/><N who="2" m="46163" /><V9/><AGARI ba="0,0" hai="3,4,9,124,126,132,133,134" m="46163,20519" machi="9" ten="50,12000,1" yaku="4,1,20,1,23,1,34,2" doraHai="67" who="2" fromWho="2" sc="240,-40,217,-40,270,120,273,-40" /><INIT seed="2,1,0,5,4,110" ten="200,177,390,233" oya="2" hai0="24,69,55,97,70,98,5,95,35,0,122,57,118" hai1="135,4,17,8,91,125,45,51,133,119,42,76,40" hai2="29,130,46,30,100,80,19,58,104,33,2,108,105" hai3="78,83,134,106,115,109,99,59,3,74,101,14,85"/><V79/><F2/><W48/><G3/><T66/><D0/><U26/><E119/><V82/><F108/><W89/><G109/><T112/><D35/><U121/><E76/><V93/><F130/><W36/><G36/><T77/><D70/><U64/><E125/><V56/><F46/><W81/><G134/><T52/><D69/><U116/><E116/><V71/><F71/><W6/><G115/><T92/><D112/><U7/><E64/><V117/><F117/><W21/><G6/><T11/><D122/><U120/><E40/><V54/><F19/><W34/><G34/><T44/><D77/><U114/><E114/><V102/><F79/><W124/><G124/><T94/><D24/><U72/><E72/><V63/><F93/><W103/><G103/><T131/><D131/><U16/><E91/><V28/><F33/><W23/><REACH who="3" step="1"/><G14/><REACH who="3" ten="200,177,390,223" step="2"/><N who="0" m="5487" /><D118/><U49/><E7/><V126/><F126/><W18/><G18/><N who="1" m="7274" /><E4/><V129/><F129/><W47/><G47/><T43/><D44/><U127/><E127/><V88/><F102/><W60/><G60/><N who="0" m="38159" /><D43/><U32/><E8/><V13/><F100/><W84/><G84/><T38/><D38/><U31/><E51/><V12/><F12/><W75/><G75/><T20/><D20/><U22/><E22/><V27/><F13/><W111/><G111/><T50/><D50/><U132/><AGARI ba="1,1" hai="26,31,32,42,45,49,120,121,132,133,135" m="7274" machi="132" ten="40,2700,0" yaku="20,1,54,1" doraHai="110" who="1" fromWho="1" sc="200,-8,177,40,390,-14,223,-8" /><INIT seed="3,0,0,1,5,115" ten="192,217,376,215" oya="3" hai0="120,38,10,125,123,27,70,43,110,82,71,55,73" hai1="66,118,117,33,17,65,62,100,37,122,24,111,46" hai2="56,45,28,13,41,31,8,126,58,90,129,63,85" hai3="109,119,12,132,83,50,105,96,72,88,36,22,9"/><W103/><G119/><N who="1" m="45578" /><E122/><V44/><F129/><W78/><G36/><T59/><D110/><U6/><E111/><V32/><F32/><W4/><G109/><T127/><D10/><U112/><E112/><V94/><F126/><N who="0" m="48138" /><D27/><U48/><E37/><V42/><F45/><W114/><G114/><T101/><D101/><U2/><E100/><V15/><F15/><W3/><G132/><T60/><D82/><U18/><E6/><V51/><F42/><W52/><G88/><T40/><D73/><U47/><E2/><V80/><F94/><W16/><G50/><T75/><D75/><U89/><E89/><V128/><F128/><W34/><G34/><T134/><D134/><U106/><E106/><V133/><F133/><W77/><G77/><T92/><D92/><U98/><E98/><V19/><REACH who="2" step="1"/><F58/><REACH who="2" ten="192,217,366,215" step="2"/><W86/><REACH who="3" step="1"/><G72/><REACH who="3" ten="192,217,366,205" step="2"/><T54/><D38/><U49/><E33/><V68/><F68/><W30/><G30/><T25/><D71/><U130/><E130/><V116/><F116/><W26/><G26/><T81/><D70/><U5/><E24/><V35/><F35/><W67/><G67/><AGARI ba="0,2" hai="8,13,19,28,31,41,44,51,56,63,67,80,85,90" machi="67" ten="30,3900,0" yaku="1,1,7,1,8,1,53,0" doraHai="115" doraHaiUra="0" who="2" fromWho="3" sc="192,0,217,0,366,59,205,-39" /><INIT seed="4,0,0,4,2,29" ten="192,217,425,166" oya="0" hai0="72,60,107,4,11,28,54,106,92,70,12,99,65" hai1="73,96,71,108,35,1,22,23,62,32,46,115,105" hai2="53,86,40,44,101,113,125,18,14,64,5,104,126" hai3="75,33,15,37,51,57,89,118,69,16,61,50,36"/><T80/><D72/><U128/><E23/><V2/><F113/><W27/><G75/><T120/><D120/><U103/><E22/><V39/><F64/><W85/><G69/><T20/><D80/><U8/><E108/><V49/><F101/><W30/><G118/><T135/><D135/><U34/><E73/><V82/><F104/><W67/><G37/><T109/><D109/><U48/><E128/><V114/><F114/><W26/><G27/><T88/><REACH who="0" step="1"/><D54/><REACH who="0" ten="182,217,425,166" step="2"/><U41/><E115/><V134/><F134/><W97/><G36/><T123/><D123/><U124/><E124/><V91/><F126/><W117/><G117/><T74/><D74/><U42/><E42/><V17/><F125/><W83/><REACH who="3" step="1"/><G97/><REACH who="3" ten="182,217,425,156" step="2"/><T78/><D78/><U93/><E96/><V132/><F132/><W94/><G94/><T116/><D116/><U84/><E93/><V77/><F82/><W10/><AGARI ba="0,2" hai="10,15,16,26,30,33,50,51,57,61,67,83,85,89" machi="10" ten="20,8000,1" yaku="1,1,0,1,7,1,52,1,54,1,53,0" doraHai="29" doraHaiUra="133" who="3" fromWho="3" sc="182,-40,217,-20,425,-20,156,100" /><INIT seed="5,0,0,1,5,90" ten="142,197,405,256" oya="1" hai0="130,59,132,19,37,22,67,34,3,69,64,30,92" hai1="96,98,114,39,106,65,131,0,77,33,8,128,38" hai2="1,107,88,12,11,122,40,80,45,94,82,68,113" hai3="17,29,86,120,7,121,103,20,124,42,104,9,99"/><U134/><E33/><V81/><F122/><W127/><G29/><T21/><D69/><U55/><E65/><V52/><F107/><W48/><G86/><T53/><D37/><U101/><E114/><V46/><F68/><W89/><G89/><T32/><D3/><U119/><E119/><V14/><F113/><W13/><G48/><T76/><D34/><U100/><E55/><V41/><F1/><N who="3" m="239" /><G42/><N who="2" m="16489" /><F52/><W28/><G28/><T62/><D32/><U25/><E25/><V110/><F110/><W6/><G6/><T26/><D132/><U60/><E60/><V125/><F125/><AGARI ba="0,0" hai="13,17,20,99,103,104,120,121,124,125,127" m="239" machi="125" ten="30,1000,0" yaku="18,1" doraHai="90" who="3" fromWho="2" sc="142,0,197,0,405,-10,256,10" /><INIT seed="6,0,0,4,4,24" ten="142,197,395,266" oya="2" hai0="9,75,51,113,50,98,111,103,32,26,55,79,130" hai1="41,68,82,115,70,74,15,44,47,29,93,118,64" hai2="128,129,67,54,17,77,112,36,81,92,35,95,120" hai3="84,6,116,119,59,20,58,18,11,86,85,19,40"/><V76/><F120/><W3/><G40/><T73/><D111/><U102/><E118/><V104/><F35/><W117/><REACH who="3" step="1"/><G19/><REACH who="3" ten="142,197,395,256" step="2"/><T21/><D130/><U133/><E41/><V5/><F17/><W88/><G88/><T105/><D113/><U34/><E115/><V1/><F112/><W7/><G7/><T61/><D32/><U106/><E34/><V12/><F5/><W83/><G83/><T127/><D127/><U109/><E82/><V60/><F129/><W16/><G16/><T63/><D9/><U122/><E122/><V89/><F128/><W123/><G123/><T125/><D125/><U42/><E42/><V124/><F89/><W132/><G132/><T25/><D79/><U91/><E91/><V78/><F78/><W110/><G110/><T100/><D100/><U43/><E102/><V31/><F77/><W38/><G38/><T33/><D75/><U30/><E43/><V107/><F76/><W108/><G108/><T10/><D73/><U101/><E101/><V4/><F81/><W0/><G0/><T48/><D10/><U49/><E74/><V46/><F4/><W53/><G53/><T57/><D33/><U28/><E133/><V66/><F1/><W65/><G65/><T71/><REACH who="0" step="1"/><D21/><REACH who="0" ten="132,197,395,256" step="2"/><U134/><E134/><V23/><F23/><W90/><G90/><T37/><D37/><U114/><E109/><V72/><F36/><W96/><G96/><T87/><D87/><U14/><E114/><V94/><F72/><W27/><AGARI ba="0,2" hai="3,6,11,18,20,27,58,59,84,85,86,116,117,119" machi="27" ten="40,2700,0" yaku="1,1,0,1,53,0" doraHai="24" doraHaiUra="97" who="3" fromWho="3" sc="132,-7,197,-7,395,-13,256,47" /><INIT seed="7,0,0,5,5,61" ten="125,190,382,303" oya="3" hai0="133,75,16,14,6,107,2,126,72,120,132,87,65" hai1="4,11,99,97,26,55,68,28,1,10,125,22,37" hai2="5,102,58,86,64,70,119,111,42,105,44,94,0" hai3="129,98,71,84,81,38,34,24,113,90,46,60,13"/><W49/><G129/><T89/><D120/><U52/><E68/><V103/><F119/><W116/><G116/><T15/><D107/><U50/><E37/><V36/><F105/><W20/><G113/><T66/><D126/><U56/><E125/><V45/><F70/><W76/><G38/><T43/><D43/><U62/><E11/><V21/><F111/><W130/><G130/><T110/><D110/><U88/><E88/><V53/><F21/><W18/><G71/><T48/><D2/><U108/><E108/><V47/><F103/><W19/><G60/><T12/><D48/><U118/><E118/><V83/><F64/><N who="0" m="24682" /><D6/><U40/><E40/><V23/><F5/><W8/><G34/><T106/><D106/><U3/><E3/><V30/><F0/><W127/><G127/><T131/><D16/><U91/><E91/><V115/><F42/><N who="3" m="24791" /><G98/><T9/><D9/><U59/><AGARI ba="0,0" hai="1,4,10,22,26,28,50,52,55,56,59,62,97,99" machi="59" ten="20,2700,0" yaku="0,1,7,1,54,1" doraHai="61" who="1" fromWho="1" sc="125,-7,190,27,382,-7,303,-13" owari="118,-38.0,217,-18.0,375,47.0,290,9.0" /></mjloggm>