<mjloggm ver="2.3"><GO type="169" lobby="0"/><UN n0="%E2%80%A0%E3%82%B7%E3%83%A3%E3%83%AB%E3%83%AD%E3%83%83%E3%83%88" n1="%E3%81%B5%E3%81%8B%E3%81%BF" n2="%E3%83%88%E3%83%88%E3%83%AA%E5%85%88%E7%94%9F%31%39%E6%AD%B3" n3="%2D%E7%B4%85%E8%8C%B6%E6%8F%90%E7%9D%A3%2D" dan="16,18,19,16" rate="2116.14,2194.70,2297.02,2083.72" sx="F,F,F,M"/><TAIKYOKU oya="0"/><INIT seed="0,0,0,3,0,115" ten="250,250,250,250" oya="0" hai0="135,96,113,88,114,69,133,71,73,125,26,130,2" hai1="122,95,90,43,62,83,80,30,47,84,55,99,50" hai2="34,91,0,109,10,33,103,81,48,70,7,100,45" hai3="39,15,13,79,40,128,60,104,58,42,89,121,98"/><T1/><D73/><U12/><E122/><V78/><F70/><N who="0" m="26634" /><D26/><U92/><E30/><V19/><F109/><W107/><G121/><T51/><D51/><U93/><E12/><V94/><F19/><W127/><G39/><T14/><D14/><U97/><E83/><V38/><F34/><W44/><G42/><T41/><D41/><U9/><E9/><V16/><F33/><W24/><G40/><T86/><D96/><U82/><REACH who="1" step="1"/><E80/><REACH who="1" ten="250,240,250,250" step="2"/><V72/><F16/><W11/><G13/><T85/><D130/><U102/><E102/><V119/><F103/><W129/><G128/><T17/><D17/><U29/><E29/><V65/><F100/><W27/><G15/><T8/><D8/><U63/><E63/><V57/><F10/><W75/><G11/><T117/><D114/><U3/><E3/><V49/><F0/><W74/><G129/><T105/><D113/><U4/><E4/><V132/><F7/><W36/><G60/><T126/><D1/><U32/><E32/><V5/><F5/><W111/><G24/><T18/><D18/><U56/><AGARI ba="0,1" hai="43,47,50,55,56,62,82,84,90,92,93,95,97,99" machi="56" ten="30,7900,0" yaku="1,1,0,1,8,1,53,1" doraHai="115" doraHaiUra="52" who="1" fromWho="1" sc="250,-39,240,89,250,-20,250,-20" /><INIT seed="1,0,0,2,1,18" ten="211,329,230,230" oya="1" hai0="111,16,27,90,73,97,33,100,74,36,65,133,0" hai1="77,30,41,84,22,134,48,10,116,59,109,45,23" hai2="112,5,99,4,132,17,2,35,98,67,92,70,63" hai3="46,101,108,135,93,103,120,47,40,85,21,126,25"/><U75/><E75/><V39/><F39/><W80/><G120/><T76/><D36/><U51/><E116/><V9/><F132/><W94/><G135/><T1/><D133/><U44/><E134/><V110/><F110/><W26/><G108/><T107/><D111/><U82/><E109/><V121/><F35/><W122/><G122/><T88/><D65/><U19/><E30/><V106/><F121/><W29/><G126/><T56/><D56/><U13/><E59/><V20/><F112/><W102/><G26/><T24/><D33/><U15/><E15/><V7/><F106/><W124/><G124/><T105/><D76/><U42/><AGARI ba="0,0" hai="10,13,19,22,23,41,42,44,45,48,51,77,82,84" machi="42" ten="20,18000,2" yaku="0,1,7,1,9,1,8,1,52,2" doraHai="18" who="1" fromWho="1" sc="211,-60,329,180,230,-60,230,-60" /><INIT seed="1,1,0,0,4,58" ten="151,509,170,170" oya="1" hai0="87,98,101,35,104,114,116,50,3,59,25,60,41" hai1="121,91,34,48,68,51,120,83,95,132,79,47,85" hai2="10,28,90,2,126,8,115,1,124,108,75,71,73" hai3="16,74,12,6,92,97,81,4,131,36,56,46,122"/><U96/><E132/><V78/><F28/><W102/><G122/><T109/><D116/><U123/><E34/><V29/><F29/><W70/><G70/><T80/><D114/><U103/><E68/><V23/><F23/><W130/><G36/><T43/><D3/><U133/><E133/><V84/><F71/><W17/><G17/><T22/><D35/><U107/><REACH who="1" step="1"/><E47/><REACH who="1" ten="151,499,170,170" step="2"/><V99/><F115/><W31/><G46/><T66/><D109/><U65/><E65/><V0/><F108/><W117/><G117/><T33/><D33/><U88/><E88/><V77/><F90/><W7/><G131/><T27/><D66/><U69/><E69/><V62/><F124/><W9/><G130/><T100/><D59/><U39/><E39/><V82/><F126/><W105/><G31/><T18/><D100/><U11/><E11/><V113/><F8/><W135/><G135/><T57/><D57/><U26/><E26/><V134/><F10/><W52/><G81/><T110/><D27/><U55/><E55/><V118/><F134/><W106/><REACH who="3" step="1"/><G74/><AGARI ba="1,1" hai="48,51,74,79,83,85,91,95,96,103,107,120,121,123" machi="74" ten="40,7700,0" yaku="1,1,24,2,53,0" doraHai="58" doraHaiUra="128" who="1" fromWho="3" sc="151,0,499,90,170,0,170,-80" /><INIT seed="1,2,0,2,3,24" ten="151,589,170,90" oya="1" hai0="71,4,132,1,119,68,134,54,56,133,9,2,111" hai1="42,12,33,120,105,110,112,122,18,127,39,23,96" hai2="130,61,101,124,50,104,76,47,45,82,93,52,91" hai3="108,44,55,69,58,25,48,57,92,64,0,27,66"/><U102/><E112/><V126/><F130/><W135/><G0/><T107/><D119/><U26/><E127/><V11/><F61/><W53/><G92/><T75/><D111/><U118/><E118/><V41/><F11/><W99/><G108/><T86/><D75/><U114/><E114/><V87/><F104/><W28/><G69/><T8/><D107/><U3/><E3/><V63/><F101/><W80/><G99/><T85/><D68/><U128/><E128/><V13/><F13/><W131/><G131/><T62/><REACH who="0" step="1"/><D71/><REACH who="0" ten="141,589,170,90" step="2"/><U14/><E110/><V5/><F5/><AGARI ba="2,1" hai="1,2,4,5,8,9,54,56,62,85,86,132,133,134" machi="5" ten="40,8000,1" yaku="1,1,2,1,9,1,20,1,53,0" doraHai="24" doraHaiUra="78" who="0" fromWho="2" sc="141,96,589,0,170,-86,90,0" /><INIT seed="2,0,0,2,1,130" ten="237,589,84,90" oya="2" hai0="72,112,99,84,67,88,90,26,118,132,79,50,35" hai1="135,29,55,22,122,56,52,28,12,47,25,1,8" hai2="5,41,32,37,82,98,38,103,7,89,115,123,105" hai3="133,125,40,85,124,0,91,73,14,109,18,76,63"/><V59/><F115/><W129/><G0/><T114/><D118/><U121/><E1/><V46/><F123/><N who="1" m="47113" /><E135/><V119/><F119/><W44/><G129/><T100/><D132/><U31/><E47/><V77/><F32/><W71/><G133/><T2/><D2/><U58/><E56/><V15/><F37/><W92/><G109/><T4/><D4/><N who="1" m="3079" /><E52/><V74/><F15/><W110/><G110/><T106/><D50/><AGARI ba="0,0" hai="22,25,28,29,31,50,55,58" m="3079,47113" machi="50" ten="30,1000,0" yaku="13,1" doraHai="130" who="1" fromWho="0" sc="237,-10,589,10,84,0,90,0" /><INIT seed="3,0,0,0,0,59" ten="227,599,84,90" oya="3" hai0="19,91,126,120,68,54,115,71,74,122,125,72,37" hai1="97,112,92,118,69,4,87,38,50,123,7,62,46" hai2="133,13,28,94,63,31,57,77,44,127,26,27,34" hai3="25,110,90,41,43,98,106,18,124,132,88,84,85"/><W39/><G124/><N who="0" m="47723" /><D37/><U70/><E38/><V6/><F127/><W113/><G113/><T0/><D0/><U86/><E123/><V102/><F133/><W1/><G1/><T96/><D19/><U8/><E118/><V49/><F77/><W67/><G132/><T78/><D54/><U52/><E112/><V51/><F102/><W42/><G39/><T40/><D40/><U56/><E69/><N who="0" m="26697" /><D115/><U29/><E70/><V104/><F94/><W14/><G67/><T53/><D53/><N who="1" m="34063" /><E29/><V128/><F104/><W107/><G25/><T135/><D135/><U61/><E61/><V81/><F81/><W3/><G3/><T93/><D78/><U99/><E99/><V121/><F121/><AGARI ba="0,0" hai="72,74,91,93,96,120,121,122" m="26697,47723" machi="121" ten="40,1300,0" yaku="18,1" doraHai="59" who="0" fromWho="2" sc="227,13,599,0,84,-13,90,0" /><INIT seed="4,0,0,5,0,45" ten="240,599,71,90" oya="0" hai0="29,49,65,80,126,124,72,75,76,101,114,103,0" hai1="15,108,14,118,96,109,67,21,81,52,97,79,93" hai2="53,123,23,30,3,92,63,48,43,98,86,54,13" hai3="106,105,6,59,71,102,69,31,37,74,130,56,39"/><T61/><D0/><U25/><E118/><V120/><F3/><W42/><G102/><T125/><D114/><U112/><E67/><V11/><F120/><W41/><G31/><T133/><D133/><U2/><E2/><V8/><F123/><W26/><G26/><T38/><D38/><U94/><E112/><V12/><F86/><W68/><G130/><T95/><D29/><U51/><E79/><V36/><F36/><W24/><G24/><T18/><D18/><U4/><E81/><V113/><F113/><W117/><G71/><T22/><D22/><U119/><E119/><V107/><F107/><W35/><G6/><T104/><D104/><U20/><E25/><N who="2" m="16703" /><F63/><W115/><G117/><T82/><D95/><U9/><E4/><V73/><F43/><W88/><G74/><T78/><REACH who="0" step="1"/><D49/><REACH who="0" ten="230,599,71,90" step="2"/><U99/><E51/><V19/><F48/><W110/><G115/><T27/><D27/><U58/><E94/><V121/><F121/><W28/><G28/><T17/><D17/><U44/><E93/><V85/><F98/><W64/><G35/><T100/><D100/><U91/><E97/><V116/><F116/><W89/><REACH who="3" step="1"/><G64/><REACH who="3" ten="230,599,71,80" step="2"/><T77/><D77/><U87/><E99/><V90/><F73/><W16/><G16/><AGARI ba="0,2" hai="8,11,12,13,16,19,53,54,85,90,92" m="16703" machi="16" ten="30,2000,0" yaku="8,1,54,1" doraHai="45" who="2" fromWho="3" sc="230,0,599,0,71,40,80,-20" /><INIT seed="5,0,0,2,3,101" ten="230,599,111,60" oya="1" hai0="134,9,23,50,44,25,46,24,115,67,5,104,103" hai1="130,43,17,78,93,97,127,42,73,111,119,27,20" hai2="63,19,122,56,29,34,98,117,113,121,86,31,11" hai3="135,88,1,133,8,75,125,48,105,59,16,131,39"/><U70/><E70/><V106/><F117/><W60/><G39/><T124/><D115/><U109/><E119/><V36/><F36/><W80/><G75/><T118/><D118/><U116/><E116/><V47/><F113/><W15/><G1/><T120/><D134/><N who="3" m="51209" /><G48/><T85/><D124/><U74/><E130/><V55/><F47/><W58/><G125/><T79/><D67/><U72/><E78/><V81/><F34/><W21/><G21/><T40/><D46/><U95/><E127/><V87/><F122/><W84/><G131/><T110/><D23/><U68/><E68/><V3/><F121/><W4/><G4/><T100/><D110/><N who="1" m="41995" /><E93/><V54/><F3/><W64/><G58/><T71/><D71/><U51/><E51/><V66/><F56/><W69/><G69/><T90/><D120/><U96/><E96/><V92/><F63/><W65/><G65/><T83/><D50/><U102/><AGARI ba="0,0" hai="17,20,27,42,43,72,73,74,95,97,102" m="41995" machi="102" ten="40,2100,0" yaku="10,1" doraHai="101" who="1" fromWho="1" sc="230,-7,599,21,111,-7,60,-7" /><INIT seed="5,1,0,0,4,56" ten="223,620,104,53" oya="1" hai0="35,29,69,82,89,116,3,103,85,6,5,62,54" hai1="108,120,124,32,27,75,101,98,134,38,113,129,81" hai2="109,44,42,0,130,40,34,110,72,102,122,83,11" hai3="50,59,10,104,106,92,13,87,93,57,65,28,16"/><U63/><RYUUKYOKU type="yao9" ba="1,0" sc="223,0,620,0,104,0,53,0" hai1="27,32,38,63,75,81,98,101,108,113,120,124,129,134" /><INIT seed="5,2,0,5,2,23" ten="223,620,104,53" oya="1" hai0="134,130,116,45,5,111,1,115,72,67,49,19,42" hai1="16,128,54,104,7,25,59,3,107,21,6,98,126" hai2="35,112,127,68,53,83,40,80,102,92,124,78,22" hai3="117,34,73,50,91,26,93,89,65,121,63,57,90"/><U56/><E128/><V75/><F35/><W122/><G73/><T43/><D116/><U132/><E132/><V129/><F68/><W87/><G117/><T38/><D72/><U31/><E126/><N who="2" m="48171" /><F40/><W94/><G50/><T27/><D111/><U2/><E2/><V123/><F123/><W95/><G87/><T8/><D130/><U20/><E3/><V131/><F112/><W85/><G85/><T44/><D115/><U81/><E81/><V30/><F80/><W11/><G11/><T74/><D134/><U24/><E98/><N who="2" m="59719" /><F53/><W86/><G86/><T125/><D125/><U33/><E33/><V32/><F32/><W62/><G34/><T15/><D74/><U113/><E113/><V64/><F64/><W105/><G105/><T13/><D67/><U108/><E108/><V82/><F82/><W14/><G14/><T79/><D79/><U119/><E119/><V118/><F118/><W114/><G114/><T88/><D88/><U18/><E54/><V60/><F60/><W36/><G36/><T133/><D133/><U66/><E66/><V99/><F99/><W100/><G100/><T58/><D42/><U17/><E17/><V84/><F75/><W69/><G63/><T101/><D43/><U55/><E55/><V4/><F4/><W52/><G69/><T70/><D38/><U135/><E135/><V46/><F46/><W106/><G106/><T37/><D45/><U28/><AGARI ba="2,0" hai="6,7,16,18,20,21,24,25,28,31,56,59,104,107" machi="28" ten="25,18000,2" yaku="0,1,22,2,52,2,54,1" doraHai="23" who="1" fromWho="1" sc="223,-62,620,186,104,-62,53,-62" owari="161,-4.0,806,91.0,42,-36.0,-9,-51.0" /></mjloggm>