<mjloggm ver="2.3"><GO type="169" lobby="0"/><UN n0="%E3%83%9E%E3%83%A9%E3%83%A9%E3%83%BC%E2%99%82" n1="%E3%83%88%E3%83%88%E3%83%AA%E5%85%88%E7%94%9F%31%39%E6%AD%B3" n2="%E7%90%B4%E6%B5%A6%E6%98%A5%E9%A6%99" n3="%E3%82%80%E3%81%8D%E3%81%A3%E3%81%A1" dan="16,19,17,17" rate="2098.49,2311.54,2150.36,2202.57" sx="M,F,F,M"/><TAIKYOKU oya="0"/><INIT seed="0,0,0,2,2,94" ten="250,250,250,250" oya="0" hai0="135,49,116,36,53,24,45,63,71,123,12,102,83" hai1="7,126,22,104,64,98,99,14,84,33,55,75,85" hai2="6,43,19,37,59,118,54,112,70,125,131,129,89" hai3="16,106,95,5,65,4,107,72,48,114,28,90,1"/><T100/><D123/><U109/><E33/><V30/><F70/><W108/><G72/><T128/><D116/><U40/><E75/><V69/><F69/><W127/><G114/><T97/><D128/><U110/><E126/><V0/><F112/><W8/><G127/><T121/><D121/><U82/><E64/><V51/><F30/><W21/><G108/><N who="1" m="41578" /><E104/><V52/><F54/><W46/><G28/><T58/><D135/><U73/><E40/><V103/><F103/><W87/><G65/><T92/><D71/><U91/><E73/><V27/><F125/><W111/><G5/><T62/><D36/><U13/><E55/><V130/><F118/><W86/><G86/><T56/><D83/><N who="1" m="49567" /><E22/><V34/><F43/><W76/><G76/><T78/><D78/><N who="1" m="46295" /><E13/><V133/><F37/><W25/><REACH who="3" step="1"/><G111/><REACH who="3" ten="250,250,250,240" step="2"/><T66/><D66/><U61/><E61/><V80/><F130/><W39/><G39/><T81/><D62/><U35/><E35/><V42/><F34/><W38/><G38/><T119/><D63/><U120/><E120/><V74/><F129/><W10/><G10/><AGARI ba="0,1" hai="7,10,14,98,99" m="46295,49567,41578" machi="10" ten="30,3900,0" yaku="14,1,52,2" doraHai="94" who="1" fromWho="3" sc="250,0,250,49,250,0,240,-39" /><INIT seed="1,0,0,3,1,92" ten="250,299,250,201" oya="1" hai0="16,105,76,110,37,63,114,124,13,3,104,122,40" hai1="10,42,115,83,29,86,109,97,20,90,61,102,25" hai2="70,52,11,32,88,35,116,24,47,27,56,132,2" hai3="78,57,28,22,80,14,30,7,134,82,36,26,67"/><U65/><E115/><V72/><F70/><W17/><G36/><T120/><D114/><U51/><E109/><V98/><F72/><W62/><G134/><T59/><D3/><U103/><E10/><V41/><F116/><W135/><G135/><T95/><D124/><U50/><E42/><V107/><F132/><W117/><G117/><T15/><D15/><U125/><E103/><V119/><F119/><W91/><G91/><T121/><D110/><U112/><E125/><V1/><F32/><W118/><G118/><T53/><D76/><U4/><E4/><V89/><F107/><W74/><REACH who="3" step="1"/><G82/><REACH who="3" ten="250,299,250,191" step="2"/><T21/><D37/><U38/><E38/><V18/><F89/><W87/><G87/><T77/><D77/><U94/><REACH who="1" step="1"/><E112/><REACH who="1" ten="250,289,250,191" step="2"/><V55/><F2/><W101/><G101/><T43/><D120/><U85/><E85/><V127/><F1/><W123/><G123/><T46/><D122/><U0/><E0/><V33/><F127/><W23/><G23/><T73/><D121/><U8/><E8/><AGARI ba="0,2" hai="7,8,14,17,22,26,28,30,57,62,67,74,78,80" machi="8" ten="40,1300,0" yaku="1,1,53,0" doraHai="92" doraHaiUra="48" who="3" fromWho="1" sc="250,0,289,-13,250,0,191,33" /><INIT seed="2,0,0,4,3,129" ten="250,276,250,224" oya="2" hai0="120,47,89,48,119,0,19,34,101,130,125,1,3" hai1="99,98,102,14,76,115,67,8,84,71,93,41,11" hai2="118,126,15,45,121,58,21,52,61,132,105,73,38" hai3="95,59,43,116,70,33,29,106,85,46,110,96,83"/><V87/><F73/><W39/><G70/><T6/><D120/><U42/><E115/><V135/><F105/><W37/><G116/><T22/><D130/><U54/><E71/><V64/><F118/><W82/><G106/><T133/><D119/><U92/><E67/><V30/><F121/><W62/><G110/><T128/><D128/><U27/><E27/><V50/><F126/><W90/><G39/><T13/><D125/><U23/><E23/><V72/><F72/><W108/><G108/><T65/><D65/><U69/><E69/><N who="2" m="42127" /><F87/><W66/><REACH who="3" step="1"/><G85/><REACH who="3" ten="250,276,250,214" step="2"/><T9/><D0/><U51/><E84/><V24/><F15/><W17/><G17/><T75/><D3/><U16/><E76/><V122/><F122/><W107/><G107/><T77/><D75/><U103/><REACH who="1" step="1"/><E11/><REACH who="1" ten="250,266,250,214" step="2"/><V79/><F79/><W7/><G7/><T4/><D77/><U60/><E60/><V28/><F28/><W31/><G31/><T18/><D6/><U97/><E97/><V114/><F114/><W109/><G109/><T35/><D4/><U111/><E111/><V104/><F104/><W94/><G94/><T53/><D9/><U124/><E124/><V40/><AGARI ba="0,2" hai="21,24,30,38,40,45,50,52,58,132,135" m="42127" machi="40" ten="30,11700,0" yaku="24,1,52,2,54,1" doraHai="129" who="2" fromWho="2" sc="250,-39,266,-39,250,137,214,-39" /><INIT seed="2,1,0,5,4,113" ten="211,227,387,175" oya="2" hai0="82,64,109,128,91,87,19,118,12,97,28,65,52" hai1="43,72,93,14,18,37,74,44,53,78,50,1,129" hai2="55,11,47,80,27,96,92,83,58,41,68,0,127" hai3="88,57,62,23,8,51,110,75,84,24,45,33,16"/><V126/><F68/><W114/><G75/><T106/><D109/><U2/><E129/><V36/><F27/><W73/><G73/><T42/><D28/><U119/><E119/><V77/><F11/><W134/><G110/><T25/><D42/><U111/><E111/><V59/><F0/><W46/><G114/><T115/><D115/><U32/><E32/><V31/><F31/><W29/><G134/><T60/><D128/><U5/><E5/><V131/><F131/><W104/><G104/><T48/><D25/><U94/><E74/><V4/><F4/><W40/><G8/><T49/><D118/><U10/><E93/><V15/><F15/><W54/><G46/><N who="0" m="27671" /><D60/><U67/><E2/><V13/><F13/><W105/><G105/><T132/><D132/><U86/><E1/><V125/><F77/><W3/><G3/><T81/><D81/><N who="2" m="31306" /><F55/><W123/><G123/><T120/><D120/><U39/><E78/><V34/><F34/><W22/><REACH who="3" step="1"/><G16/><REACH who="3" ten="211,227,387,165" step="2"/><T9/><D106/><U66/><E72/><V30/><F30/><W116/><G116/><T26/><D26/><U112/><E112/><V90/><AGARI ba="1,1" hai="36,41,47,58,59,90,92,96,125,126,127" m="31306" machi="90" ten="40,2100,0" yaku="18,1" doraHai="113" who="2" fromWho="2" sc="211,-8,227,-8,387,34,165,-8" /><INIT seed="2,2,0,2,3,46" ten="203,219,421,157" oya="2" hai0="1,77,55,36,20,82,89,86,9,73,119,24,103" hai1="74,7,54,60,69,96,19,88,26,104,25,33,38" hai2="23,12,11,15,128,45,75,3,32,105,72,127,110" hai3="84,28,122,4,66,2,83,16,90,117,118,65,114"/><V17/><F105/><W92/><G122/><T126/><D126/><U93/><E74/><V50/><F3/><W76/><G114/><T112/><D112/><U0/><E38/><V120/><F32/><W21/><G28/><T108/><D108/><U43/><E43/><V47/><F120/><W57/><G2/><T121/><D121/><U35/><E104/><V81/><F45/><W131/><G131/><T31/><D103/><U63/><E69/><V102/><F102/><W6/><G118/><T5/><D119/><U129/><E129/><V99/><F99/><W130/><G130/><T62/><D36/><U80/><E80/><V52/><F127/><W106/><G106/><T91/><D73/><U133/><E133/><V56/><F128/><W41/><G41/><T27/><D62/><U135/><E135/><V42/><F81/><W64/><G57/><T30/><REACH who="0" step="1"/><D55/><REACH who="0" ten="193,219,421,157" step="2"/><U18/><E63/><V39/><F110/><W132/><G117/><T58/><D58/><U87/><E54/><V97/><F97/><N who="3" m="57495" /><G132/><T79/><D79/><U48/><E96/><V107/><F107/><W98/><G98/><T70/><D70/><U14/><E60/><V115/><F115/><W113/><G113/><T111/><D111/><U71/><E71/><V85/><F85/><W134/><G134/><T125/><D125/><U95/><E87/><V100/><F100/><W59/><G59/><T13/><D13/><AGARI ba="2,1" hai="4,6,13,16,21,64,65,66,76,83,84" m="57495" machi="13" ten="30,2000,0" yaku="8,1,54,1" doraHai="46" who="3" fromWho="0" sc="193,-26,219,0,421,0,157,36" /><INIT seed="3,0,0,3,1,117" ten="167,219,421,193" oya="3" hai0="75,31,95,120,46,49,69,72,28,94,108,53,119" hai1="41,8,83,16,104,23,131,115,21,107,6,92,84" hai2="81,9,62,60,1,125,29,17,64,59,68,76,12" hai3="0,123,103,67,24,44,132,45,85,135,57,43,122"/><W25/><G0/><T52/><D119/><U55/><E115/><V13/><F125/><W133/><G103/><T118/><D118/><U93/><E131/><V36/><F36/><N who="3" m="21607" /><G85/><T38/><D108/><U27/><E41/><V89/><F89/><W98/><G98/><T50/><D38/><U100/><E55/><V79/><F29/><W5/><G5/><T82/><D69/><U77/><E23/><V129/><F129/><W124/><G124/><T105/><D105/><U32/><E32/><V80/><F1/><W88/><G88/><T7/><D7/><U91/><E100/><V99/><F99/><W114/><G114/><T86/><D120/><N who="3" m="46121" /><G45/><T42/><D72/><U26/><E26/><V113/><F113/><W61/><AGARI ba="0,0" hai="24,25,57,61,67,132,133,135" m="46121,21607" machi="61" ten="40,12000,1" yaku="20,1,52,3" doraHai="117" who="3" fromWho="3" sc="167,-40,219,-40,421,-40,193,120" /><INIT seed="3,1,0,0,2,12" ten="127,179,381,313" oya="3" hai0="69,30,52,75,26,24,81,4,130,100,113,106,135" hai1="107,102,56,77,118,7,25,14,33,133,123,2,46" hai2="131,62,119,15,121,126,87,134,74,49,125,63,60" hai3="108,82,6,16,99,73,117,23,39,45,5,68,8"/><W85/><G117/><T93/><D106/><U92/><E107/><V41/><F74/><W78/><G68/><T79/><D69/><U89/><E123/><V88/><F119/><W55/><G108/><T32/><D113/><U50/><E2/><V132/><F121/><W116/><G116/><T124/><D135/><N who="2" m="51754" /><F15/><N who="3" m="9631" /><G39/><T59/><D130/><U115/><E133/><V36/><F36/><W21/><G73/><T66/><D124/><N who="2" m="47722" /><F131/><W72/><G72/><T95/><D66/><U58/><E14/><V91/><F87/><W1/><G1/><T43/><D100/><U31/><E102/><V51/><F41/><W105/><G105/><T84/><D43/><U13/><E115/><V103/><F103/><W11/><G99/><T48/><D26/><U29/><E25/><V19/><F19/><W83/><G83/><T128/><D128/><U34/><E118/><V53/><F53/><W38/><G38/><T67/><D67/><U10/><E29/><V98/><F98/><W109/><G109/><T101/><D101/><U64/><E31/><V35/><F35/><W112/><G112/><T114/><D114/><U127/><E64/><V86/><F91/><W40/><G40/><T3/><D75/><U18/><E127/><V120/><F120/><W37/><G37/><T22/><D32/><U17/><E33/><V57/><F57/><N who="1" m="22121" /><E34/><V61/><N who="2" m="15360" /><DORA hai="28" /><V129/><F129/><W9/><G21/><T70/><REACH who="0" step="1"/><D70/><REACH who="0" ten="117,179,381,313" step="2"/><U76/><E46/><V27/><F27/><W122/><G122/><T104/><D104/><U54/><E54/><V42/><F42/><W65/><G65/><RYUUKYOKU ba="1,1" sc="117,10,179,-30,381,10,313,10" hai0="3,4,22,24,30,48,52,59,79,81,84,93,95" hai2="49,51,86,88" hai3="5,6,8,9,11,45,55,78,82,85" /><INIT seed="3,2,1,4,1,33" ten="127,149,391,323" oya="3" hai0="106,126,38,61,110,123,11,86,48,116,49,44,98" hai1="104,40,125,90,71,27,108,128,122,84,65,91,20" hai2="103,102,127,26,83,2,39,7,130,25,32,8,113" hai3="89,51,42,64,59,31,99,87,134,118,111,95,24"/><W46/><G118/><T85/><D116/><U4/><E122/><V69/><F39/><W13/><G134/><T119/><D119/><U3/><E104/><V62/><F113/><W47/><G111/><T66/><D123/><U67/><E108/><V43/><F43/><W124/><G124/><T68/><D126/><U57/><E71/><V15/><F127/><W78/><G13/><T9/><D38/><U19/><E128/><V12/><F130/><W28/><G47/><T131/><D131/><U70/><E70/><V16/><F83/><N who="3" m="47607" /><G24/><T36/><D36/><U73/><E73/><V1/><F69/><W82/><G82/><T45/><D110/><U37/><E125/><V29/><F62/><AGARI ba="2,1" hai="28,31,42,46,51,59,62,64,89,95,99" m="47607" machi="62" ten="30,1500,0" yaku="8,1" doraHai="33" who="3" fromWho="2" sc="127,0,149,0,391,-21,323,31" /><INIT seed="3,3,0,5,1,38" ten="127,149,370,354" oya="3" hai0="128,21,82,59,41,120,29,78,86,77,76,33,106" hai1="71,121,8,16,6,31,74,84,56,80,27,118,79" hai2="53,115,58,126,87,20,70,69,133,42,132,124,36" hai3="102,99,67,61,111,60,113,107,10,9,125,89,52"/><W131/><G113/><T123/><D33/><U1/><E121/><V57/><F57/><W51/><G125/><N who="2" m="48233" /><F87/><W103/><G131/><T63/><D106/><U85/><E71/><N who="2" m="27147" /><F115/><W62/><G67/><N who="0" m="39423" /><D128/><U91/><E118/><V15/><F20/><W54/><G111/><T19/><D120/><U4/><E4/><V64/><F64/><W96/><G89/><N who="0" m="51415" /><D123/><U25/><E56/><V3/><F15/><W134/><G134/><T129/><D129/><U39/><E39/><V35/><F35/><W108/><G108/><T101/><D101/><U93/><E31/><V32/><F32/><W122/><G122/><T45/><D29/><U17/><REACH who="1" step="1"/><E84/><REACH who="1" ten="127,139,370,354" step="2"/><V50/><F3/><W104/><G54/><T44/><D41/><U72/><E72/><V2/><F2/><W88/><REACH who="3" step="1"/><G88/><REACH who="3" ten="127,139,370,344" step="2"/><T28/><D77/><U117/><E117/><V105/><F133/><W92/><G92/><T37/><D76/><U95/><E95/><V81/><F132/><W100/><G100/><T34/><D78/><U24/><AGARI ba="3,2" hai="1,6,8,16,17,24,25,27,74,79,80,85,91,93" machi="24" ten="30,4000,0" yaku="1,1,0,1,54,1,53,0" doraHai="38" doraHaiUra="112" who="1" fromWho="1" sc="127,-13,139,69,370,-13,344,-23" /><INIT seed="4,0,0,2,4,28" ten="114,208,357,321" oya="0" hai0="46,29,34,10,15,79,38,2,131,86,22,8,4" hai1="92,82,97,69,91,127,1,119,104,21,80,81,18" hai2="87,124,43,108,44,45,35,25,16,77,52,27,103" hai3="3,56,53,13,118,67,68,126,100,19,85,65,95"/><T110/><D38/><U50/><E119/><V37/><F108/><W63/><G118/><T111/><D131/><U83/><E69/><V61/><F124/><W98/><G3/><T49/><D79/><U113/><E1/><V115/><F115/><W7/><G126/><T99/><D99/><U55/><E127/><V62/><F103/><W26/><G68/><T105/><D105/><U14/><E104/><V39/><F27/><W31/><G7/><T54/><D86/><U42/><E113/><V106/><F106/><W90/><G13/><T33/><D29/><U48/><E42/><V76/><F39/><W74/><G19/><T64/><D64/><U24/><E55/><V12/><F45/><W30/><G74/><T132/><D132/><U134/><E134/><V40/><F40/><W58/><G58/><T123/><D123/><U60/><E60/><V73/><F73/><W94/><REACH who="3" step="1"/><G31/><REACH who="3" ten="114,208,357,311" step="2"/><T114/><D114/><U112/><E112/><V0/><F0/><W20/><AGARI ba="0,1" hai="20,26,30,53,56,63,65,67,85,90,94,95,98,100" machi="20" ten="20,8000,1" yaku="1,1,2,1,0,1,7,1,8,1,53,0" doraHai="28" doraHaiUra="122" who="3" fromWho="3" sc="114,-40,208,-20,357,-20,311,90" /><INIT seed="5,0,0,2,0,86" ten="74,188,337,401" oya="1" hai0="52,14,41,101,109,65,47,54,18,113,10,117,19" hai1="128,122,55,12,107,78,67,22,106,44,39,25,63" hai2="2,121,21,123,6,118,0,135,71,34,56,72,32" hai3="103,61,57,82,20,89,30,48,92,75,46,15,96"/><U108/><E122/><N who="2" m="46603" /><F56/><W114/><G114/><T17/><D117/><U70/><E128/><V58/><F58/><W125/><G125/><T23/><D109/><U11/><E108/><V104/><F71/><W91/><G75/><T7/><D113/><U69/><E69/><V59/><F59/><W110/><G110/><T127/><D65/><U111/><E78/><V129/><F72/><W33/><G33/><N who="2" m="12905" /><F104/><W29/><G82/><T3/><D127/><U60/><E60/><V120/><F120/><W74/><G74/><T87/><D101/><U100/><E111/><V36/><F36/><W51/><G51/><T97/><D97/><U105/><E55/><V28/><F118/><W13/><G57/><T9/><D87/><U49/><E39/><V112/><F112/><W42/><G61/><T38/><REACH who="0" step="1"/><D19/><REACH who="0" ten="64,188,337,401" step="2"/><U31/><E100/><V27/><F129/><W90/><G30/><T81/><D81/><U102/><E102/><V16/><F135/><W24/><AGARI ba="0,1" hai="13,15,20,24,29,42,46,48,89,90,91,92,96,103" machi="24" ten="30,8000,1" yaku="0,1,8,1,52,3" doraHai="86" who="3" fromWho="3" sc="64,-20,188,-40,337,-20,401,90" /><INIT seed="6,0,0,4,4,52" ten="44,148,317,491" oya="2" hai0="99,86,101,133,100,32,30,43,119,114,60,69,75" hai1="1,94,67,44,120,98,50,127,102,15,37,10,64" hai2="40,26,131,22,36,73,35,8,51,111,106,28,62" hai3="118,74,87,126,12,41,68,109,46,14,90,116,0"/><V66/><F36/><W122/><G109/><T92/><D75/><U24/><E1/><V81/><F106/><W115/><G74/><T78/><D114/><U63/><E37/><V104/><F104/><W57/><G68/><T56/><D133/><U72/><E72/><V79/><F131/><W53/><G0/><T77/><D119/><U47/><E127/><V45/><F8/><W91/><G122/><T83/><D69/><U121/><E24/><V5/><F5/><W2/><G2/><T112/><D112/><U20/><E20/><V11/><F11/><W18/><G126/><T49/><D32/><U128/><E128/><V88/><F111/><W6/><G6/><T129/><D129/><U23/><E23/><V16/><F88/><W89/><G87/><T13/><D30/><U76/><E76/><V61/><REACH who="2" step="1"/><F66/><REACH who="2" ten="44,148,307,491" step="2"/><W80/><G91/><T65/><D100/><U71/><E67/><V42/><F42/><W21/><G90/><T17/><D43/><U33/><E121/><V103/><F103/><W96/><G89/><N who="0" m="51423" /><D49/><U29/><E120/><V105/><F105/><W93/><G41/><T85/><D85/><U9/><E50/><V113/><F113/><W70/><G115/><T58/><D65/><U25/><E9/><V59/><F59/><N who="0" m="22570" /><D60/><U135/><E135/><V97/><F97/><W34/><G96/><T27/><D27/><AGARI ba="0,1" hai="16,22,26,27,28,35,40,45,51,61,62,73,79,81" machi="27" ten="30,5800,0" yaku="1,1,7,1,54,1,53,0" doraHai="52" doraHaiUra="48" who="2" fromWho="0" sc="44,-58,148,0,307,68,491,0" owari="-14,-51.0,148,-25.0,375,18.0,491,58.0" /></mjloggm>