<mjloggm ver="2.3"><GO type="169" lobby="0"/><UN n0="%E3%81%8B%E3%81%8D%E9%86%A4%E6%B2%B9" n1="%E3%82%A6%E3%83%AB%E3%83%88%E3%83%A9%E7%AB%8B%E7%9B%B4" n2="%E6%96%9C%E3%82%81%37%37%E5%BA%A6" n3="%E3%81%8A%E3%81%98%E3%81%95%E3%82%93" dan="16,18,16,18" rate="2132.75,2236.83,2085.86,2182.87" sx="M,M,M,M"/><TAIKYOKU oya="0"/><INIT seed="0,0,0,1,4,59" ten="250,250,250,250" oya="0" hai0="27,9,75,98,77,40,95,4,70,24,104,122,1" hai1="96,114,90,127,124,18,36,16,119,117,86,63,5" hai2="64,68,15,67,55,87,123,110,60,107,113,29,34" hai3="88,39,38,118,61,45,43,26,65,109,56,58,13"/><T135/><D122/><U2/><E36/><V89/><F123/><W28/><G118/><T19/><D104/><U35/><E96/><V62/><F113/><W83/><G109/><T132/><D70/><U41/><E41/><V99/><F110/><W134/><G134/><N who="0" m="51243" /><D40/><U66/><E35/><V79/><F55/><W128/><G128/><T20/><D77/><U130/><E130/><V53/><F53/><W81/><G39/><T42/><D42/><U50/><E50/><V93/><F15/><W126/><G126/><N who="1" m="48170" /><E114/><V111/><F111/><W52/><G13/><N who="0" m="9327" /><D75/><U116/><E5/><V57/><F79/><W84/><G83/><T44/><D44/><U97/><E97/><V129/><F129/><W103/><G103/><AGARI ba="0,0" hai="1,4,9,24,27,95,98,103" m="9327,51243" machi="103" ten="30,1500,0" yaku="20,1" doraHai="59" who="0" fromWho="3" sc="250,15,250,0,250,0,250,-15" /><INIT seed="0,1,0,1,2,0" ten="265,250,250,235" oya="0" hai0="116,64,38,57,132,90,73,2,39,133,121,11,118" hai1="14,115,79,40,87,93,33,131,5,80,117,89,106" hai2="77,129,54,9,27,20,8,68,49,114,21,82,29" hai3="112,7,34,109,71,24,50,31,46,78,111,17,52"/><T113/><D73/><U94/><E117/><N who="0" m="45161" /><D90/><U55/><E131/><V126/><F126/><W15/><G71/><T12/><D2/><U92/><E33/><V67/><F129/><W107/><G107/><T63/><D121/><U91/><E106/><V95/><F114/><W108/><G112/><T100/><D100/><U127/><E127/><V16/><F95/><W103/><G103/><T30/><D30/><U135/><E115/><V25/><F68/><W86/><G7/><N who="0" m="3199" /><D113/><U13/><E40/><V60/><F60/><W59/><G59/><T98/><D98/><U85/><E91/><V70/><F70/><W97/><G97/><T110/><D110/><U10/><E14/><V66/><F8/><W6/><G6/><T3/><D3/><U104/><E104/><V88/><F9/><W48/><G48/><T28/><D28/><U123/><E123/><V62/><F62/><W41/><G41/><T23/><D23/><U119/><E119/><V96/><F96/><W124/><G124/><T32/><D32/><U134/><REACH who="1" step="1"/><E55/><REACH who="1" ten="265,240,250,235" step="2"/><V18/><F88/><W35/><G35/><T58/><D58/><U26/><E26/><V101/><F101/><W19/><REACH who="3" step="1"/><G15/><REACH who="3" ten="265,240,250,225" step="2"/><T125/><D125/><U74/><E74/><V128/><F128/><W69/><G69/><T47/><D47/><U36/><E36/><V65/><F27/><W1/><G1/><T99/><D99/><U51/><E51/><V4/><F25/><W130/><G130/><T120/><D120/><U56/><E56/><V22/><F49/><W105/><G105/><T42/><D42/><U75/><E75/><RYUUKYOKU ba="1,2" sc="265,10,240,10,250,-30,225,10" hai0="38,39,57,63,64,132,133" hai1="5,10,13,79,80,85,87,89,92,93,94,134,135" hai3="17,19,24,31,34,46,50,52,78,86,108,109,111" /><INIT seed="0,2,2,1,5,32" ten="275,250,220,235" oya="0" hai0="6,134,86,57,3,106,27,56,31,100,20,43,129" hai1="125,66,123,65,0,42,33,5,28,79,58,69,64" hai2="112,53,61,26,111,18,91,46,116,12,81,35,120" hai3="92,133,4,119,103,104,72,11,126,25,75,44,85"/><T22/><D129/><U98/><E123/><V113/><F120/><W115/><G115/><T8/><D134/><U55/><E125/><V131/><F131/><W52/><G119/><T117/><D117/><U1/><E69/><V73/><F116/><W109/><G133/><T71/><D71/><U127/><E127/><V93/><F111/><W14/><G126/><T118/><D118/><U39/><E79/><V37/><F81/><W110/><G104/><T96/><D43/><U87/><E87/><V59/><F73/><W38/><G25/><T121/><D121/><U50/><E5/><V9/><F37/><W97/><G85/><T83/><REACH who="0" step="1"/><D22/><REACH who="0" ten="265,250,220,235" step="2"/><U114/><E42/><V105/><F35/><W16/><G38/><T135/><D135/><U49/><E39/><V15/><F113/><W107/><G110/><T82/><D82/><U94/><E114/><V95/><F112/><W77/><G109/><T21/><D21/><U41/><E33/><V36/><F36/><W24/><G107/><T7/><D7/><U29/><E41/><V90/><F105/><W67/><G92/><T45/><D45/><U34/><E34/><V17/><F46/><W128/><G128/><T88/><AGARI ba="2,3" hai="3,6,8,20,27,31,56,57,83,86,88,96,100,106" machi="88" ten="20,12000,1" yaku="1,1,0,1,7,1,52,1,54,1,53,0" doraHai="32" doraHaiUra="48" who="0" fromWho="0" sc="265,156,250,-42,220,-42,235,-42" /><INIT seed="0,3,0,2,2,38" ten="421,208,178,193" oya="0" hai0="86,25,75,106,31,123,80,90,11,24,109,52,33" hai1="68,91,13,99,29,116,64,55,65,76,89,26,46" hai2="124,71,22,59,126,1,77,112,15,73,114,104,119" hai3="47,115,103,87,21,94,19,20,67,37,32,88,110"/><T121/><D106/><U74/><E116/><V2/><F104/><W48/><G115/><N who="2" m="44073" /><F73/><W66/><G110/><T97/><D75/><U83/><E13/><V36/><F77/><W113/><G113/><T54/><D109/><U79/><E79/><V58/><F36/><W28/><G37/><T18/><D97/><U39/><E68/><V56/><F71/><W60/><G103/><T102/><D102/><U120/><E120/><V63/><F63/><W23/><G32/><T135/><D135/><U98/><E98/><V17/><F119/><W105/><G105/><T82/><D82/><U128/><E128/><V12/><F22/><N who="3" m="8811" /><G60/><T81/><D25/><U130/><E130/><V45/><F45/><W4/><G4/><T72/><D72/><U8/><E39/><V129/><F17/><W44/><G28/><T62/><D81/><U6/><E29/><V43/><F129/><W132/><G132/><T70/><D70/><U100/><E83/><V108/><F108/><W122/><G122/><T85/><D123/><U51/><E74/><V131/><F131/><W92/><G92/><N who="0" m="54351" /><D62/><U101/><E101/><V53/><F1/><W118/><G118/><T27/><D121/><U107/><E107/><V93/><F93/><W35/><G35/><T7/><D18/><U84/><E100/><V57/><F2/><W61/><G61/><T10/><D31/><U41/><E6/><V42/><N who="2" m="14848" /><DORA hai="49" /><V133/><F133/><W96/><G96/><T14/><D33/><U3/><E99/><V111/><F111/><W30/><G30/><T50/><D80/><N who="1" m="47111" /><E3/><V40/><F53/><RYUUKYOKU ba="3,0" sc="421,-10,208,-10,178,30,193,-10" hai2="12,15,40,42,43,124,126" /><INIT seed="1,4,0,1,5,120" ten="411,198,208,183" oya="1" hai0="98,101,27,59,37,102,72,90,12,24,121,45,122" hai1="133,79,96,93,76,18,66,129,32,55,82,26,73" hai2="130,17,21,128,85,108,99,34,48,52,103,29,28" hai3="61,123,126,42,81,60,132,19,119,56,89,31,68"/><U94/><E129/><N who="2" m="49771" /><F108/><W53/><G123/><N who="0" m="47115" /><D72/><U134/><E66/><V57/><F85/><W46/><G31/><T131/><D131/><U3/><E3/><V97/><F34/><W70/><G19/><T114/><D114/><U88/><E79/><V54/><F54/><W69/><G89/><T22/><D90/><U44/><E94/><N who="2" m="58807" /><F99/><W111/><G81/><T43/><D98/><U39/><E55/><V33/><F33/><W49/><G126/><T62/><D102/><U35/><E32/><V115/><F115/><W51/><G132/><T64/><D101/><U124/><E124/><V67/><F67/><N who="3" m="39303" /><G119/><T0/><D64/><U125/><E125/><V127/><F127/><W23/><G23/><T10/><D22/><U2/><E2/><V105/><F105/><W30/><G30/><T41/><D0/><U1/><E1/><V78/><F78/><W8/><G8/><T9/><D9/><U104/><E104/><V74/><F74/><W7/><G7/><T87/><D87/><U112/><E112/><V86/><F86/><W113/><G113/><T135/><D10/><U75/><E75/><V14/><AGARI ba="4,0" hai="14,17,21,28,29,48,52,57" m="58807,49771" machi="14" ten="30,2000,0" yaku="19,1,54,1" doraHai="120" who="2" fromWho="2" sc="411,-9,198,-14,208,32,183,-9" /><INIT seed="2,0,0,0,4,9" ten="402,184,240,174" oya="2" hai0="5,102,92,75,24,54,32,118,96,0,14,16,85" hai1="71,121,4,61,1,67,22,117,15,80,18,58,110" hai2="43,84,68,103,17,98,89,39,132,86,50,46,11" hai3="105,135,63,52,129,23,131,106,130,87,127,57,60"/><V101/><F132/><W36/><G135/><T107/><D75/><U41/><E117/><V125/><F125/><W69/><G127/><T45/><D118/><U70/><E110/><V112/><F112/><W26/><G36/><T64/><D64/><U28/><E121/><V111/><F68/><W59/><G69/><T10/><D54/><U100/><E41/><V47/><F111/><W48/><G87/><T128/><D45/><U74/><E100/><V133/><F133/><W29/><REACH who="3" step="1"/><G48/><REACH who="3" ten="402,184,240,164" step="2"/><T95/><D85/><U88/><E71/><V77/><F86/><W78/><G78/><T115/><D115/><U30/><E70/><V79/><F77/><W126/><G126/><T20/><D128/><U83/><E74/><V19/><F79/><W97/><G97/><T104/><D104/><U33/><E83/><V13/><F98/><W49/><G49/><T65/><D107/><U123/><E123/><V53/><F19/><W93/><G93/><AGARI ba="0,1" hai="11,13,17,39,43,46,47,50,53,84,89,93,101,103" machi="93" ten="30,2900,0" yaku="7,1,52,1" doraHai="9" who="2" fromWho="3" sc="402,0,184,0,240,39,164,-29" /><INIT seed="2,1,0,0,4,7" ten="402,184,279,135" oya="2" hai0="37,72,92,85,14,78,111,69,100,126,120,32,29" hai1="118,25,105,109,49,81,61,18,103,62,128,124,54" hai2="34,121,52,8,133,27,58,35,48,65,67,125,3" hai3="99,19,108,110,2,86,46,20,6,51,102,80,45"/><V44/><F121/><W59/><G59/><T4/><D37/><U43/><E118/><V135/><F125/><W23/><G6/><T95/><D69/><U15/><E109/><N who="3" m="42090" /><G2/><T104/><D104/><U22/><E128/><V9/><F3/><W13/><G23/><T24/><D24/><U88/><E124/><V55/><F65/><W11/><G20/><T5/><D5/><U57/><E43/><V97/><F97/><W114/><G114/><T50/><D4/><U93/><E81/><V115/><F67/><W64/><G64/><T83/><D32/><N who="2" m="12330" /><F27/><W66/><G66/><T10/><D120/><U75/><E75/><V76/><F76/><N who="3" m="46343" /><G51/><T30/><D50/><U56/><E56/><V87/><F87/><W33/><G33/><T40/><D85/><N who="1" m="52367" /><E25/><V82/><F82/><W77/><G77/><T94/><D126/><U123/><E123/><V134/><F115/><W91/><G91/><T41/><D111/><U42/><E42/><V71/><F71/><W119/><G119/><T60/><D41/><U116/><E116/><V106/><F106/><AGARI ba="1,0" hai="11,13,19,45,46,99,102,106" m="46343,42090" machi="106" ten="30,2000,0" yaku="14,1,52,1" doraHai="7" who="3" fromWho="2" sc="402,0,184,0,279,-23,135,23" /><INIT seed="3,0,0,4,1,49" ten="402,184,256,158" oya="3" hai0="75,57,37,124,60,35,120,70,53,102,112,13,32" hai1="52,16,84,11,107,45,132,85,123,24,0,117,104" hai2="95,119,121,94,78,80,91,31,134,68,77,92,29" hai3="116,1,3,114,126,109,27,69,125,5,59,55,74"/><W98/><G114/><T58/><D120/><U28/><E123/><V71/><F121/><W2/><G116/><T64/><D75/><U110/><E110/><V73/><F119/><W9/><G74/><T115/><D37/><U65/><E117/><V113/><F113/><N who="0" m="43594" /><D70/><U7/><E65/><V61/><F134/><W96/><G69/><T127/><D13/><U38/><E132/><V133/><F91/><W89/><G109/><T105/><D102/><U129/><E129/><V135/><F78/><W56/><G27/><T10/><D10/><U40/><E84/><V79/><F79/><W46/><G46/><T101/><D101/><U33/><E85/><V90/><F90/><W86/><G98/><T15/><D15/><U51/><REACH who="1" step="1"/><E16/><REACH who="1" ten="402,174,256,158" step="2"/><V8/><F133/><W14/><G96/><T100/><D64/><U99/><E99/><V82/><F135/><W48/><REACH who="3" step="1"/><G59/><AGARI ba="0,1" hai="0,7,11,24,28,33,38,40,45,51,52,59,104,107" machi="59" ten="30,7700,0" yaku="1,1,7,1,52,1,54,1,53,0" doraHai="49" doraHaiUra="106" who="1" fromWho="3" sc="402,0,174,87,256,0,158,-77" /><INIT seed="4,0,0,5,3,115" ten="402,261,256,81" oya="0" hai0="88,112,127,18,27,23,29,135,97,98,31,3,2" hai1="60,123,73,108,84,64,121,134,109,0,90,24,105" hai2="59,101,19,28,80,49,77,12,118,129,79,42,54" hai3="85,1,32,35,51,120,26,116,39,5,48,22,67"/><T65/><D112/><U20/><E0/><V46/><F129/><W37/><G120/><T30/><D127/><U103/><E20/><V125/><F125/><W69/><G48/><T55/><D65/><U56/><E24/><V91/><F101/><W45/><G67/><T92/><D135/><U33/><E56/><V87/><F118/><W113/><G69/><T8/><D8/><U62/><E33/><V61/><REACH who="2" step="1"/><F28/><REACH who="2" ten="402,261,246,81" step="2"/><W4/><G116/><T95/><REACH who="0" step="1"/><D55/><REACH who="0" ten="392,261,246,81" step="2"/><U53/><E53/><V11/><AGARI ba="0,2" hai="11,12,19,42,46,49,54,59,61,77,79,80,87,91" machi="11" ten="20,12000,2" yaku="1,1,2,1,0,1,7,1,8,1,53,2" doraHai="115" doraHaiUra="74" who="2" fromWho="2" sc="392,-60,261,-30,246,140,81,-30" /><INIT seed="5,0,0,0,2,86" ten="332,231,386,51" oya="1" hai0="5,40,68,26,36,135,53,28,13,78,100,96,44" hai1="15,128,61,32,103,106,17,48,93,50,101,30,23" hai2="47,77,115,3,55,107,12,113,116,108,9,131,41" hai3="35,130,127,117,2,89,67,133,109,75,18,0,64"/><U38/><E38/><V69/><F108/><W24/><G89/><T10/><D135/><U21/><E32/><V6/><F116/><W8/><G18/><T122/><D122/><U42/><E106/><V81/><F107/><W94/><G94/><T25/><D68/><U99/><E128/><V104/><F104/><W62/><G8/><T56/><D78/><U54/><E103/><V51/><F69/><W119/><G24/><T73/><D73/><U33/><E33/><V65/><F65/><W27/><G27/><T59/><D28/><U34/><E34/><V4/><F131/><W52/><G62/><T60/><D59/><N who="1" m="35063" /><E42/><V63/><F63/><W45/><G45/><T39/><D36/><U19/><E30/><V74/><F55/><W90/><G52/><T111/><D111/><U134/><E134/><V112/><F6/><W37/><G37/><T118/><D118/><U129/><E129/><V88/><F3/><W31/><G119/><T79/><D79/><U95/><E95/><AGARI ba="0,0" hai="5,10,13,25,26,39,40,44,53,56,60,95,96,100" machi="95" ten="30,1000,0" yaku="7,1" doraHai="86" who="0" fromWho="1" sc="332,10,231,-10,386,0,51,0" /><INIT seed="6,0,0,0,2,54" ten="342,221,386,51" oya="2" hai0="111,112,22,100,86,94,48,28,33,104,105,69,108" hai1="102,34,88,114,116,103,134,46,35,61,16,78,49" hai2="45,14,122,40,85,29,99,132,91,10,81,95,68" hai3="65,59,106,18,109,126,21,98,62,71,6,36,13"/><V3/><F122/><W11/><G109/><T87/><D69/><U64/><E78/><V12/><F132/><W5/><G126/><T43/><D33/><U15/><E116/><V8/><F68/><W9/><G36/><T117/><D117/><U60/><E114/><V80/><F29/><W4/><REACH who="3" step="1"/><G71/><REACH who="3" ten="342,221,386,41" step="2"/><T133/><D111/><U52/><E134/><V96/><F3/><W119/><G119/><T30/><D108/><U101/><E35/><V44/><F40/><W89/><G89/><T110/><D43/><U75/><E34/><V76/><F91/><W128/><G128/><T56/><D110/><U31/><E88/><V55/><F76/><W37/><G37/><T83/><D133/><U120/><E120/><V90/><F90/><W63/><G63/><T77/><D77/><U57/><E61/><V74/><F74/><W32/><G32/><T50/><D50/><U58/><E75/><V121/><F121/><W7/><N who="3" m="1024" /><DORA hai="125" /><W41/><G41/><T51/><D51/><U129/><E129/><V23/><F85/><W118/><G118/><T113/><D87/><U26/><E60/><V17/><F81/><W25/><G25/><T84/><D84/><U20/><E26/><V39/><F80/><W115/><G115/><T24/><D113/><U53/><E49/><V72/><F39/><W131/><G131/><T93/><D112/><U92/><E103/><AGARI ba="0,1" hai="9,11,13,18,21,59,62,65,98,103,106" m="1024" machi="103" ten="50,3200,0" yaku="1,1,52,1,53,0" doraHai="54,125" doraHaiUra="47,82" who="3" fromWho="1" sc="342,0,221,-32,386,0,41,42" /><INIT seed="7,0,0,4,2,4" ten="342,189,386,83" oya="3" hai0="27,82,56,85,75,38,80,122,113,46,79,44,67" hai1="73,3,69,83,65,66,2,117,118,35,36,102,98" hai2="14,78,26,53,130,74,33,39,91,15,94,9,45" hai3="60,120,134,57,100,90,114,59,51,124,88,11,115"/><W111/><G120/><T10/><D122/><U112/><E66/><V34/><F74/><W133/><G124/><T42/><D46/><U47/><E112/><N who="3" m="43050" /><G100/><T61/><D113/><U55/><E35/><V48/><F78/><W125/><G125/><T107/><D27/><U12/><E12/><V5/><F130/><W86/><G111/><T21/><D21/><U81/><E65/><V64/><F64/><N who="3" m="38927" /><G11/><T70/><D107/><N who="1" m="63959" /><E69/><V40/><F26/><W71/><G71/><T63/><D70/><U127/><E127/><V18/><F39/><W41/><G90/><T76/><REACH who="0" step="1"/><D63/><REACH who="0" ten="332,189,386,83" step="2"/><U132/><E36/><V87/><F40/><W28/><G28/><T121/><D121/><U123/><E55/><V22/><AGARI ba="0,1" hai="5,9,14,15,18,22,33,34,45,48,53,87,91,94" machi="22" ten="20,2700,0" yaku="0,1,7,1,52,1" doraHai="4" who="2" fromWho="2" sc="332,-7,189,-7,386,37,83,-13" owari="325,13.0,182,-22.0,423,52.0,70,-43.0" /></mjloggm>