<mjloggm ver="2.3"><GO type="169" lobby="0"/><UN n0="%E3%82%86%E3%82%81%E3%81%97%E3%81%82" n1="%E3%83%88%E3%83%88%E3%83%AA%E5%85%88%E7%94%9F%31%39%E6%AD%B3" n2="%E3%82%B3%E3%83%9C%E3%81%A1%E3%82%83%E3%82%93" n3="%E3%81%95%E3%82%8A%E3%83%BC%E3%81%99%E3%81%93%E3%81%A3%E3%81%A8" dan="16,19,16,16" rate="2157.21,2308.70,2050.32,2122.39" sx="M,F,M,F"/><TAIKYOKU oya="0"/><INIT seed="0,0,0,4,4,56" ten="250,250,250,250" oya="0" hai0="78,98,133,105,15,42,60,77,57,43,51,34,18" hai1="100,25,48,72,69,4,83,107,81,26,32,130,63" hai2="53,102,66,9,127,22,103,41,75,82,108,118,80" hai3="125,76,52,3,128,96,10,99,8,84,95,5,111"/><T112/><D112/><U29/><E130/><V120/><F120/><W45/><G111/><T67/><D34/><U122/><E122/><V117/><F108/><W116/><G116/><N who="2" m="44649" /><F41/><W64/><G128/><T1/><D1/><U40/><E72/><V73/><F66/><W7/><G64/><T30/><D30/><U115/><E115/><V0/><F22/><W121/><G121/><T85/><D133/><U62/><E62/><V88/><F53/><W92/><G76/><N who="0" m="29291" /><D105/><U55/><E4/><V124/><F9/><W90/><G92/><T109/><D109/><U58/><E25/><V23/><F23/><W114/><G114/><T79/><D98/><N who="1" m="61847" /><E40/><V46/><F46/><W106/><G106/><T68/><D68/><U132/><E132/><V33/><F33/><W14/><G125/><N who="2" m="48201" /><F0/><W129/><G129/><T47/><D43/><U17/><E17/><V104/><F104/><W12/><G3/><T19/><D15/><U86/><E69/><V2/><F2/><W131/><G131/><T119/><D119/><U134/><E134/><V11/><F11/><W110/><G110/><T94/><D94/><U13/><E13/><V37/><F37/><W39/><G39/><T93/><D93/><U24/><E24/><V74/><F82/><AGARI ba="0,0" hai="18,19,42,47,51,57,60,67,79,82,85" m="29291" machi="82" ten="30,2900,0" yaku="8,1,52,1" doraHai="56" who="0" fromWho="2" sc="250,29,250,0,250,-29,250,0" /><INIT seed="0,1,0,4,1,75" ten="279,250,221,250" oya="0" hai0="134,112,76,42,35,48,85,52,114,30,131,64,126" hai1="83,69,40,1,67,31,33,106,28,121,59,99,94" hai2="49,45,111,23,74,34,71,89,15,9,10,18,84" hai3="70,128,104,65,117,129,62,66,78,133,68,61,13"/><T11/><D134/><U44/><E121/><V91/><F111/><W58/><G104/><T32/><D131/><N who="3" m="50249" /><G13/><T26/><D126/><U7/><E1/><V118/><F118/><W90/><G90/><T0/><D35/><U16/><E7/><V109/><F109/><W103/><G103/><T72/><D42/><U3/><E3/><V41/><F34/><W127/><G117/><T29/><D64/><U37/><E69/><N who="3" m="26730" /><G78/><T119/><D119/><U8/><E106/><V110/><F71/><N who="3" m="42415" /><G133/><T108/><D108/><U125/><E125/><AGARI ba="1,0" hai="58,62,66,125,127" m="42415,26730,50249" machi="125" ten="40,5200,0" yaku="19,1,34,2" doraHai="75" who="3" fromWho="1" sc="279,0,250,-55,221,0,250,55" /><INIT seed="1,0,0,0,2,127" ten="279,195,221,305" oya="1" hai0="112,72,116,133,6,96,113,30,105,37,84,129,55" hai1="35,46,57,1,134,16,100,75,115,38,83,97,36" hai2="8,124,27,80,69,29,85,49,70,53,15,86,108" hai3="67,23,131,10,93,56,110,17,32,79,33,92,117"/><U52/><E115/><V78/><F108/><W89/><G110/><T12/><D72/><U104/><E35/><V99/><F99/><W87/><G79/><T132/><D116/><U50/><E1/><V7/><F86/><W66/><G10/><N who="0" m="4183" /><D37/><U40/><E134/><N who="0" m="51817" /><D129/><U128/><E128/><V24/><F124/><W5/><G5/><T76/><D30/><U126/><E126/><V125/><F125/><W94/><G131/><T19/><D19/><U74/><E38/><V26/><REACH who="2" step="1"/><F29/><REACH who="2" ten="279,195,211,305" step="2"/><W107/><G87/><T4/><D84/><U41/><E83/><V118/><F118/><W88/><G117/><T0/><D96/><U42/><E74/><V103/><F103/><W82/><G82/><T135/><D135/><U65/><E75/><V31/><F31/><W51/><G94/><T2/><D113/><U21/><REACH who="1" step="1"/><E65/><REACH who="1" ten="279,185,211,305" step="2"/><V130/><F130/><W61/><G67/><T102/><D112/><U95/><E95/><V101/><F101/><W73/><G73/><T119/><D119/><U39/><E39/><V58/><AGARI ba="0,2" hai="7,8,15,24,26,27,49,53,58,69,70,78,80,85" machi="58" ten="30,4000,0" yaku="1,1,0,1,53,1" doraHai="127" doraHaiUra="81" who="2" fromWho="2" sc="279,-10,185,-20,211,60,305,-10" /><INIT seed="2,0,0,5,4,128" ten="269,165,271,295" oya="2" hai0="14,117,37,118,87,96,62,79,103,22,64,78,113" hai1="50,122,95,109,106,58,36,67,129,70,21,0,115" hai2="55,27,1,100,34,111,17,105,26,81,12,119,75" hai3="84,44,8,29,10,40,20,83,52,98,135,133,121"/><V77/><F119/><N who="0" m="45578" /><D37/><U72/><E115/><V101/><F1/><W74/><G121/><T131/><D131/><U73/><E129/><V48/><F111/><W108/><G108/><T127/><D127/><U134/><E106/><V23/><F105/><W66/><G66/><T19/><D87/><U13/><E0/><V53/><F53/><W110/><G98/><T32/><D32/><U41/><E70/><V56/><REACH who="2" step="1"/><F26/><REACH who="2" ten="269,165,261,295" step="2"/><N who="3" m="16583" /><G52/><T93/><D113/><U82/><E109/><V126/><F126/><W59/><G110/><T31/><D31/><AGARI ba="0,1" hai="12,17,23,27,31,34,48,55,56,75,77,81,100,101" machi="31" ten="40,3900,0" yaku="1,1,53,1" doraHai="128" doraHaiUra="15" who="2" fromWho="0" sc="269,-39,165,0,261,49,295,0" /><INIT seed="2,1,0,5,2,8" ten="230,165,310,295" oya="2" hai0="67,111,15,120,84,61,122,102,119,12,33,49,86" hai1="20,101,135,7,26,65,37,106,72,128,40,21,4" hai2="19,56,113,57,131,27,100,93,14,51,11,23,121" hai3="10,1,134,5,2,110,55,46,13,28,75,9,82"/><V34/><F113/><W76/><G110/><T103/><D33/><U105/><E72/><V130/><F121/><W88/><G134/><T63/><D49/><U79/><E79/><V54/><F34/><W17/><G28/><T18/><D18/><U129/><E135/><V48/><F100/><W45/><G1/><T25/><D25/><U53/><E65/><V68/><F68/><W35/><G35/><T114/><D67/><U126/><E126/><V31/><F93/><W109/><G109/><T73/><D73/><U38/><E101/><V92/><F92/><W87/><G55/><AGARI ba="1,0" hai="11,14,19,23,27,31,48,51,54,55,56,57,130,131" machi="55" ten="40,3900,0" yaku="9,1,52,1" doraHai="8" who="2" fromWho="3" sc="230,0,165,0,310,42,295,-42" /><INIT seed="2,2,0,3,2,78" ten="230,165,352,253" oya="2" hai0="85,56,82,20,21,121,96,59,117,54,55,40,126" hai1="133,89,70,26,102,35,122,83,6,31,9,109,97" hai2="64,39,63,45,42,68,33,75,30,23,87,5,37" hai3="91,25,12,27,44,103,115,79,24,77,2,36,119"/><V94/><F75/><W52/><G2/><T112/><D112/><U34/><E109/><V129/><F129/><W80/><G119/><T128/><D121/><U13/><E122/><V69/><F33/><W17/><G103/><T18/><D128/><U123/><E123/><V38/><F69/><W47/><G36/><T51/><D117/><U50/><E70/><V67/><F67/><W92/><G115/><T98/><D126/><U16/><E133/><V93/><F5/><W73/><G77/><N who="0" m="46287" /><D40/><U65/><E65/><V0/><F0/><W58/><G91/><T29/><D29/><U101/><E34/><V104/><F104/><W131/><G92/><T81/><D81/><U14/><E50/><V19/><F30/><W43/><G43/><T61/><D21/><U113/><E113/><V88/><REACH who="2" step="1"/><F93/><REACH who="2" ten="230,165,342,253" step="2"/><W48/><REACH who="3" step="1"/><G131/><REACH who="3" ten="230,165,342,243" step="2"/><T100/><D100/><U86/><REACH who="1" step="1"/><E97/><REACH who="1" ten="230,155,342,243" step="2"/><V1/><F1/><W10/><AGARI ba="2,3" hai="10,12,17,24,25,27,44,47,48,52,58,73,79,80" machi="10" ten="30,12000,2" yaku="1,1,2,1,0,1,52,1,54,1,53,2" doraHai="78" doraHaiUra="41" who="3" fromWho="3" sc="230,-32,155,-32,342,-62,243,156" /><INIT seed="3,0,0,4,5,94" ten="198,123,280,399" oya="3" hai0="43,42,124,96,125,128,39,34,95,12,56,36,88" hai1="127,7,30,60,49,72,100,26,3,123,24,41,89" hai2="113,18,93,21,81,19,111,92,120,102,91,83,99" hai3="78,2,109,68,5,119,122,40,116,11,79,105,22"/><W107/><G122/><T9/><D34/><U85/><E123/><V129/><F120/><W132/><G68/><T23/><D23/><U0/><E72/><V103/><F113/><W25/><G40/><N who="0" m="15403" /><D56/><U121/><E121/><V6/><F111/><W20/><G132/><T131/><D39/><U87/><E127/><N who="0" m="48713" /><D36/><U86/><E89/><V10/><F129/><W46/><G46/><T28/><D28/><U35/><E7/><AGARI ba="0,0" hai="7,9,12,88,95,96,128,131" m="48713,15403" machi="7" ten="30,3900,0" yaku="18,1,52,1,54,1" doraHai="94" who="0" fromWho="1" sc="198,39,123,-39,280,0,399,0" /><INIT seed="4,0,0,4,1,2" ten="237,84,280,399" oya="0" hai0="33,55,27,133,114,36,32,91,57,34,98,58,123" hai1="74,49,109,56,99,60,52,102,95,11,44,84,23" hai2="96,100,40,127,86,79,35,15,43,31,94,42,3" hai3="97,118,101,108,4,50,65,70,129,85,48,22,117"/><T8/><D123/><U26/><E109/><V132/><F3/><W110/><G85/><T46/><D114/><U113/><E113/><V24/><F127/><W6/><G65/><T73/><D73/><U37/><E74/><V90/><F132/><W82/><G82/><T63/><D133/><U59/><E37/><V1/><F1/><W68/><G22/><T75/><D75/><U14/><E84/><V130/><F130/><W13/><G13/><T80/><D27/><U19/><REACH who="1" step="1"/><E60/><REACH who="1" ten="237,74,280,399" step="2"/><V76/><REACH who="2" step="1"/><F15/><REACH who="2" ten="237,74,270,399" step="2"/><W28/><G110/><T126/><D126/><U93/><E93/><AGARI ba="0,2" hai="24,31,35,40,42,43,76,79,86,90,93,94,96,100" machi="93" ten="40,2600,0" yaku="1,1,2,1,53,0" doraHai="2" doraHaiUra="77" who="2" fromWho="1" sc="237,0,74,-26,270,46,399,0" /><INIT seed="5,0,0,2,3,66" ten="237,48,316,399" oya="1" hai0="111,117,73,88,23,3,83,74,129,133,2,108,7" hai1="28,41,126,45,87,102,10,37,132,62,130,47,71" hai2="11,86,50,118,52,97,95,8,20,76,51,120,27" hai3="69,112,96,25,15,127,44,121,72,22,85,39,113"/><U123/><E123/><V98/><F118/><W30/><G72/><T4/><D23/><U56/><E130/><V61/><F120/><W93/><G69/><T26/><D26/><U59/><E132/><V122/><F122/><W58/><G58/><T90/><D117/><U34/><E126/><V92/><F61/><W84/><G15/><T5/><D133/><U1/><E102/><V94/><F51/><W0/><G0/><N who="0" m="43" /><D83/><U12/><E1/><V18/><F76/><W9/><G9/><N who="2" m="3657" /><F86/><W110/><G110/><N who="0" m="42027" /><D129/><U103/><E103/><V6/><F6/><W38/><G127/><T46/><D46/><AGARI ba="0,0" hai="18,20,27,46,50,52,92,94,95,97,98" m="3657" machi="46" ten="30,2000,0" yaku="8,1,54,1" doraHai="66" who="2" fromWho="0" sc="237,-20,48,0,316,20,399,0" /><INIT seed="6,0,0,5,3,96" ten="217,48,336,399" oya="2" hai0="13,47,56,126,8,94,69,29,118,131,89,107,9" hai1="54,34,37,74,63,46,124,28,125,116,129,86,19" hai2="92,71,17,79,55,40,108,91,58,25,7,82,66" hai3="80,106,121,76,32,133,78,119,26,31,65,12,38"/><V52/><F40/><W109/><G109/><T0/><D69/><U72/><E116/><V48/><F108/><W30/><G121/><T61/><D107/><U130/><E19/><V62/><F7/><W104/><G38/><T83/><D131/><N who="1" m="50187" /><E86/><V135/><F135/><W44/><G65/><T100/><D118/><U60/><E28/><V50/><F71/><W111/><G44/><T75/><D126/><N who="1" m="48747" /><E34/><V81/><F79/><W87/><G76/><T99/><D29/><U27/><E27/><V42/><F17/><W95/><G31/><T21/><D0/><U127/><N who="1" m="48755" /><U122/><DORA hai="85" /><E72/><V10/><F10/><W134/><G119/><T16/><D75/><U3/><E74/><V128/><F25/><W67/><G12/><T43/><D83/><U97/><E97/><V36/><F128/><W22/><G32/><T24/><D24/><U53/><E3/><V101/><F82/><W35/><G35/><T49/><D100/><U64/><E122/><V112/><F81/><W15/><G80/><T115/><D115/><U18/><E18/><V59/><F101/><W14/><G30/><T41/><D9/><U103/><E103/><V6/><F6/><W132/><G26/><T2/><D2/><U77/><E77/><V102/><F102/><W114/><G78/><T11/><D11/><U5/><E5/><V110/><F112/><W20/><G114/><T4/><D4/><U33/><E33/><V105/><F110/><W1/><G111/><T73/><D73/><U93/><E93/><V117/><F117/><W57/><G95/><T113/><D113/><RYUUKYOKU ba="0,0" sc="217,0,48,0,336,0,399,0" /><INIT seed="7,1,0,0,0,31" ten="217,48,336,399" oya="3" hai0="67,59,82,73,135,87,110,84,47,101,119,38,68" hai1="35,8,94,40,26,131,17,48,125,100,5,43,34" hai2="81,129,10,45,33,36,62,77,4,44,76,122,124" hai3="28,39,88,118,91,21,114,79,25,133,1,37,13"/><W117/><G1/><T104/><D110/><U51/><E94/><V14/><F129/><W15/><G79/><T113/><D119/><U24/><E100/><V103/><F124/><W107/><G107/><T9/><D135/><U57/><E57/><V12/><F122/><W92/><G133/><T63/><D113/><U126/><E17/><V83/><F103/><W108/><G108/><T0/><D59/><U20/><E20/><V42/><F62/><W23/><G114/><T70/><D70/><U66/><E8/><V46/><F33/><W128/><G28/><T99/><D73/><U22/><E22/><V30/><F30/><W121/><G25/><T116/><D116/><U6/><REACH who="1" step="1"/><E66/><REACH who="1" ten="217,38,336,399" step="2"/><V109/><F14/><W127/><G13/><T56/><D56/><U61/><E61/><V75/><F45/><W55/><G21/><T53/><D47/><U41/><E41/><V89/><F46/><W105/><G23/><T2/><D101/><U72/><E72/><V16/><F12/><W115/><G15/><T60/><D60/><U97/><E97/><V71/><F16/><W19/><G92/><T111/><D99/><U90/><E90/><V29/><F89/><W18/><G88/><T93/><D63/><U112/><E112/><V123/><F44/><W74/><G91/><T49/><D93/><U54/><E54/><V120/><F42/><W95/><G55/><T11/><D53/><U32/><E32/><V96/><F81/><W64/><G95/><T134/><D82/><U52/><E52/><V69/><F83/><W65/><G115/><T7/><D67/><RYUUKYOKU ba="1,1" sc="217,-10,38,30,336,-10,399,-10" hai1="5,6,24,26,34,35,40,43,48,51,125,126,131" owari="207,-19.0,68,-43.0,326,13.0,399,49.0" /></mjloggm>