<mjloggm ver="2.3"><GO type="169" lobby="0"/><UN n0="%E9%89%84%E8%B2%9E" n1="%E3%81%A1%E3%82%83%E3%81%93%E3%81%93" n2="%E3%82%A6%E3%83%AB%E3%83%88%E3%83%A9%E7%AB%8B%E7%9B%B4" n3="%EF%BC%AD%EF%BD%89%EF%BD%93%EF%BD%88%EF%BD%81%EF%BD%8E" dan="16,17,18,17" rate="2095.35,2145.87,2247.32,2239.40" sx="M,F,M,M"/><TAIKYOKU oya="0"/><INIT seed="0,0,0,3,3,65" ten="250,250,250,250" oya="0" hai0="78,102,38,128,123,64,22,58,68,75,94,74,135" hai1="7,52,59,14,92,5,87,30,51,40,54,2,29" hai2="129,48,103,49,117,63,115,0,119,53,130,32,46" hai3="73,125,21,18,112,105,12,107,3,95,67,104,57"/><T121/><D38/><U50/><E2/><V42/><F32/><W133/><G112/><T89/><D58/><U60/><E40/><V101/><F101/><W85/><G3/><T19/><D135/><U127/><E127/><V41/><F115/><W118/><G73/><T76/><D128/><N who="2" m="49258" /><F103/><W28/><G118/><N who="2" m="45065" /><F0/><W39/><G39/><T26/><D102/><U100/><E60/><V27/><F27/><W114/><G114/><T6/><D6/><N who="1" m="2059" /><E14/><V4/><F4/><W126/><G133/><T99/><D75/><U96/><E87/><V23/><F23/><W1/><G1/><T108/><D108/><U106/><E106/><V20/><F20/><W70/><G28/><T9/><D9/><U81/><E81/><V93/><F93/><W83/><G95/><T8/><D8/><U44/><AGARI ba="0,0" hai="29,30,44,50,51,52,54,59,92,96,100" m="2059" machi="44" ten="30,2000,0" yaku="8,1,54,1" doraHai="65" who="1" fromWho="1" sc="250,-10,250,20,250,-5,250,-5" /><INIT seed="1,0,0,3,2,35" ten="240,270,245,245" oya="1" hai0="86,26,104,77,80,97,29,19,22,42,117,66,92" hai1="50,74,129,61,76,58,102,56,100,123,47,70,36" hai2="20,64,94,57,27,128,5,1,49,113,60,44,34" hai3="131,133,53,25,127,78,24,126,101,105,132,2,98"/><U75/><E123/><V6/><F128/><W0/><G53/><T59/><D117/><U109/><E36/><V130/><F130/><W67/><G131/><T3/><D42/><U17/><E129/><V32/><F113/><W87/><G67/><T73/><D104/><U37/><E37/><V89/><F34/><W11/><G11/><T45/><D45/><U18/><E70/><V7/><F32/><W79/><G25/><T119/><D119/><U39/><E39/><V120/><F120/><W116/><G24/><T9/><D73/><U23/><E109/><V93/><F1/><N who="3" m="619" /><G116/><T10/><D19/><U68/><E18/><V65/><F65/><W108/><G108/><T15/><D15/><U114/><E114/><V69/><F69/><W41/><G41/><T122/><D3/><U90/><E68/><V28/><REACH who="2" step="1"/><F89/><REACH who="2" ten="240,270,235,245" step="2"/><W43/><G78/><T62/><D122/><U40/><E90/><AGARI ba="0,1" hai="9,10,22,26,29,59,62,66,77,80,86,90,92,97" machi="90" ten="30,2000,0" yaku="7,1,8,1" doraHai="35" who="0" fromWho="1" sc="240,30,270,-20,235,0,245,0" /><INIT seed="2,0,0,0,3,70" ten="270,250,235,245" oya="2" hai0="14,74,118,22,63,78,117,24,43,112,27,127,81" hai1="5,25,54,92,113,38,56,53,1,94,36,105,71" hai2="48,17,34,64,104,123,121,82,102,120,6,133,98" hai3="106,33,57,67,8,50,99,114,90,86,66,129,41"/><V89/><F34/><W115/><G33/><T60/><D112/><U11/><E105/><V135/><F6/><W77/><G77/><T19/><D127/><U45/><E71/><V95/><F64/><W72/><G72/><T96/><D96/><U44/><E113/><N who="3" m="43018" /><G129/><T107/><D107/><U80/><E25/><N who="0" m="9801" /><D43/><U93/><E80/><V87/><F17/><W59/><G99/><T4/><D4/><U134/><E134/><N who="2" m="51211" /><F48/><W83/><G106/><AGARI ba="0,0" hai="82,87,89,95,98,102,104,106,120,121,123" m="51211" machi="106" ten="40,7700,0" yaku="20,1,34,2" doraHai="70" who="2" fromWho="3" sc="270,0,250,0,235,77,245,-77" /><INIT seed="2,1,0,3,1,31" ten="270,250,312,168" oya="2" hai0="124,96,95,18,49,57,100,5,56,47,52,131,24" hai1="6,77,1,123,72,120,118,121,83,109,58,107,103" hai2="94,21,0,27,127,98,60,79,25,99,84,70,32" hai3="40,17,86,78,73,29,85,22,30,13,9,51,115"/><V12/><F0/><W62/><G73/><T114/><D114/><U106/><E6/><V48/><F127/><W135/><G115/><T67/><D124/><U61/><E1/><V65/><F48/><W69/><G135/><T126/><D126/><U4/><E4/><V3/><F3/><W64/><G86/><T63/><D131/><U2/><E2/><V19/><F32/><W87/><G87/><T101/><D5/><U41/><E118/><V23/><F12/><W92/><G9/><T44/><D101/><U8/><E8/><V76/><F84/><W113/><G113/><T50/><D50/><U38/><E109/><V122/><F122/><W81/><REACH who="3" step="1"/><G92/><REACH who="3" ten="270,250,312,158" step="2"/><T35/><REACH who="0" step="1"/><D18/><REACH who="0" ten="260,250,312,158" step="2"/><U43/><E120/><V54/><F19/><W14/><G14/><T15/><D15/><U26/><E121/><V68/><F27/><W128/><G128/><T93/><D93/><U20/><E26/><V133/><F25/><W45/><AGARI ba="1,2" hai="13,17,22,29,30,40,45,51,62,64,69,78,81,85" machi="45" ten="30,4000,0" yaku="1,1,0,1,53,1" doraHai="31" doraHaiUra="36" who="3" fromWho="3" sc="260,-11,250,-11,312,-21,158,63" /><INIT seed="3,0,0,4,5,3" ten="249,239,291,221" oya="3" hai0="1,73,14,24,125,109,11,107,2,115,74,44,117" hai1="119,80,99,8,33,13,21,69,98,72,28,47,126" hai2="0,61,86,96,85,34,10,57,111,93,124,12,123" hai3="54,53,29,50,112,37,71,35,60,68,65,114,45"/><W110/><G35/><T118/><D107/><U75/><E69/><N who="3" m="26698" /><G29/><T108/><D44/><U129/><E126/><V19/><F111/><N who="0" m="42570" /><D74/><U66/><E66/><V16/><F124/><W76/><G110/><T89/><D89/><U87/><E119/><N who="0" m="45577" /><D73/><U135/><E75/><V46/><F123/><W52/><G76/><T41/><D41/><U79/><E72/><V17/><F0/><W26/><G26/><T128/><D125/><U130/><E33/><V9/><F34/><W20/><G20/><T116/><N who="0" m="45585" /><T39/><DORA hai="97" /><D39/><U42/><E21/><V6/><F46/><N who="3" m="27735" /><G112/><T32/><D128/><N who="1" m="49259" /><E28/><V104/><F104/><W27/><G114/><T59/><D59/><U105/><E105/><V7/><F93/><W64/><G27/><T103/><D115/><U70/><E70/><V134/><F96/><W4/><G65/><T48/><D24/><U43/><E98/><V30/><F86/><W58/><G4/><N who="0" m="3431" /><D32/><U23/><E99/><V31/><F85/><W81/><G81/><T94/><D94/><U36/><E87/><V56/><F31/><W122/><G122/><T127/><D127/><U132/><E80/><V100/><F30/><W91/><G91/><T101/><D48/><U15/><E79/><V121/><F121/><W131/><G131/><T38/><D38/><U40/><E36/><V25/><F25/><W77/><G77/><T102/><AGARI ba="0,0" hai="1,2,101,102,103" m="3431,45585,42570" machi="102" ten="50,8000,1" yaku="14,1,52,4" doraHai="3,97" who="0" fromWho="0" sc="249,80,239,-20,291,-20,221,-40" /><INIT seed="4,0,0,4,0,2" ten="329,219,271,181" oya="0" hai0="102,115,48,50,65,116,109,84,58,93,100,46,90" hai1="20,12,92,118,101,94,81,86,113,71,61,66,33" hai2="40,57,75,68,8,17,42,53,45,18,104,23,85" hai3="7,25,72,26,87,32,34,43,122,88,47,10,124"/><T98/><D116/><U35/><E118/><V5/><F75/><W119/><G72/><T117/><D117/><U129/><E129/><V39/><F104/><W121/><G119/><T1/><D115/><U95/><E113/><V106/><F106/><W111/><G111/><T67/><D109/><U73/><E73/><V91/><F68/><W80/><G124/><T13/><D1/><U114/><E101/><V99/><F99/><W123/><G32/><T29/><D102/><U63/><E114/><V135/><F42/><W52/><G34/><T134/><D134/><U132/><E63/><V30/><F30/><W16/><G16/><T130/><D130/><U103/><E103/><V36/><F36/><W49/><REACH who="3" step="1"/><G43/><REACH who="3" ten="329,219,271,171" step="2"/><T6/><D29/><U64/><E35/><V31/><F31/><W112/><G112/><T77/><D77/><U69/><E33/><V51/><F23/><W105/><G105/><T22/><D22/><U79/><E20/><V120/><F135/><W15/><AGARI ba="0,1" hai="7,10,15,25,26,47,49,52,80,87,88,121,122,123" machi="15" ten="30,12000,2" yaku="1,1,0,1,13,1,52,1,54,2,53,0" doraHai="2" doraHaiUra="108" who="3" fromWho="3" sc="329,-60,219,-30,271,-30,171,130" /><INIT seed="5,0,0,2,5,7" ten="269,189,241,301" oya="1" hai0="32,111,51,102,38,26,36,8,116,91,5,135,98" hai1="73,76,59,117,39,28,4,50,24,133,97,16,20" hai2="70,83,44,124,120,134,90,58,56,114,10,88,33" hai3="128,3,23,89,71,66,99,15,1,57,100,22,13"/><U60/><E117/><V69/><F33/><W68/><G89/><T35/><D111/><U55/><E39/><V82/><F44/><W46/><G57/><T113/><D116/><U21/><E133/><V18/><F18/><W17/><G46/><T77/><D135/><U108/><E108/><V119/><F134/><W122/><G122/><T79/><D91/><U126/><E126/><V64/><F119/><W9/><G128/><T130/><D130/><U43/><E4/><V125/><F64/><W34/><G34/><T54/><D113/><U78/><E73/><V42/><F42/><W11/><G17/><T93/><D79/><U129/><E129/><V52/><F52/><W72/><G99/><T63/><D63/><U84/><E97/><V31/><F31/><W123/><G123/><T112/><D112/><U95/><E95/><V65/><F65/><W110/><G66/><T75/><D35/><U53/><E43/><V87/><F114/><W85/><G72/><T118/><D118/><U0/><E84/><V2/><F87/><W40/><G85/><T92/><D92/><U12/><REACH who="1" step="1"/><E0/><REACH who="1" ten="269,179,241,301" step="2"/><V127/><F127/><W6/><G40/><T104/><D93/><U19/><E19/><V14/><F2/><W47/><G6/><T61/><D36/><U29/><E29/><V74/><F74/><W48/><G110/><T81/><D38/><U49/><E49/><V41/><F41/><W101/><G48/><T105/><D98/><U121/><E121/><V94/><F120/><W96/><G96/><T103/><D51/><U62/><E62/><V107/><F125/><RYUUKYOKU ba="0,1" sc="269,-15,179,15,241,-15,301,15" hai1="12,16,20,21,24,28,50,53,55,59,60,76,78" hai3="1,3,9,11,13,15,22,23,47,68,71,100,101" /><INIT seed="5,1,1,2,5,7" ten="254,194,226,316" oya="1" hai0="41,124,90,58,33,38,80,88,109,93,75,95,42" hai1="68,71,1,63,14,47,24,94,65,107,53,30,34" hai2="64,20,113,92,97,106,35,87,101,122,105,36,125" hai3="5,50,127,29,96,123,17,43,89,73,31,28,79"/><U76/><E107/><V118/><F35/><W74/><G123/><T39/><D109/><U82/><E1/><V13/><F36/><W18/><G127/><T110/><D110/><U23/><E94/><V25/><F118/><W100/><G89/><T10/><D33/><U133/><E133/><V111/><F111/><W104/><G5/><T126/><D58/><U134/><E134/><V45/><F122/><W77/><G43/><T112/><D75/><U11/><E68/><V117/><F117/><W15/><G50/><T61/><D80/><U49/><E34/><V121/><F121/><W83/><G15/><T37/><D61/><U9/><REACH who="1" step="1"/><E14/><REACH who="1" ten="254,184,226,316" step="2"/><V102/><F13/><W69/><G69/><T46/><D95/><U132/><E132/><V114/><F105/><W19/><REACH who="3" step="1"/><G83/><REACH who="3" ten="254,184,226,306" step="2"/><T56/><D124/><U78/><E78/><AGARI ba="1,3" hai="17,18,19,28,29,31,73,74,77,78,79,96,100,104" machi="78" ten="40,2600,0" yaku="1,1,2,1,53,0" doraHai="7" doraHaiUra="4" who="3" fromWho="1" sc="254,0,184,-29,226,0,306,59" /><INIT seed="6,0,0,5,5,114" ten="254,155,226,365" oya="2" hai0="128,20,52,36,100,122,74,29,42,19,96,22,105" hai1="78,1,65,119,17,10,130,127,99,121,38,24,129" hai2="41,48,90,43,18,15,14,63,4,118,132,0,3" hai3="72,88,93,56,92,46,7,126,109,60,45,58,111"/><V81/><F118/><W75/><G7/><T95/><D122/><U21/><E38/><V80/><F132/><W8/><G60/><T28/><D74/><U113/><E78/><V134/><F134/><W51/><G8/><T35/><D128/><N who="1" m="49259" /><E65/><V27/><F63/><W82/><G82/><T71/><D71/><U33/><E99/><V86/><F4/><W77/><G51/><T112/><D35/><U83/><E83/><V116/><F116/><W79/><G88/><T26/><D112/><U64/><E64/><V66/><F66/><W98/><G98/><T94/><D29/><N who="1" m="19623" /><E119/><V135/><F135/><W49/><G49/><T103/><D103/><U55/><E55/><V12/><F80/><W70/><G70/><T131/><D131/><U31/><E113/><V9/><F81/><W87/><G87/><T68/><D68/><U110/><E110/><V25/><F86/><W107/><G107/><T85/><D85/><U6/><E121/><V102/><F90/><W53/><G53/><T104/><D104/><U30/><E127/><AGARI ba="0,0" hai="45,46,56,58,72,75,77,79,92,93,109,111,126,127" machi="127" ten="25,1600,0" yaku="22,2" doraHai="114" who="3" fromWho="1" sc="254,0,155,-16,226,0,365,16" /><INIT seed="7,0,0,5,1,23" ten="254,139,226,381" oya="3" hai0="80,63,52,79,84,51,77,33,62,53,48,105,26" hai1="88,40,78,71,14,61,131,91,31,112,119,118,102" hai2="44,11,4,92,17,69,123,7,90,70,30,104,13" hai3="130,50,72,45,60,132,110,120,20,124,95,108,68"/><W55/><G72/><T127/><D127/><U35/><E112/><V46/><F104/><W100/><G120/><T49/><D105/><U24/><E78/><V81/><F123/><W96/><G124/><T125/><D125/><U85/><E131/><V28/><F81/><W65/><G130/><T116/><D116/><U9/><E40/><V6/><F70/><W58/><G132/><T16/><D77/><U82/><E91/><V114/><F69/><W66/><G66/><T3/><D3/><U75/><E75/><V39/><F114/><W86/><G86/><T128/><D128/><U38/><E38/><V93/><F93/><W73/><G73/><T129/><D129/><U42/><E42/><V122/><F122/><W111/><G20/><N who="0" m="13575" /><D33/><U134/><E134/><V43/><REACH who="2" step="1"/><F46/><AGARI ba="0,0" hai="45,46,50,55,58,60,65,68,95,96,100,108,110,111" machi="46" ten="40,2000,0" yaku="10,1" doraHai="23" who="3" fromWho="2" sc="254,0,139,0,226,-20,381,20" owari="254,5.0,139,-36.0,206,-19.0,401,50.0" /></mjloggm>