<mjloggm ver="2.3"><GO type="169" lobby="0"/><UN n0="%44%2D%4C%65%61%72%6E" n1="%E3%83%88%E3%83%88%E3%83%AA%E5%85%88%E7%94%9F%31%39%E6%AD%B3" n2="%6D%6D%6A%61%6E%67%6B%69" n3="%79%6B%73%72%64%6C%61%62" dan="16,19,16,16" rate="2062.78,2284.26,2118.96,2024.14" sx="M,F,M,M"/><TAIKYOKU oya="0"/><INIT seed="0,0,0,4,3,33" ten="250,250,250,250" oya="0" hai0="51,83,108,81,100,26,118,134,68,78,39,80,111" hai1="7,113,133,32,76,43,88,47,120,27,119,64,114" hai2="18,77,55,110,109,60,132,8,28,61,66,126,97" hai3="49,112,74,15,20,62,130,16,91,135,21,19,24"/><T85/><D39/><U75/><E119/><V84/><F28/><W29/><G112/><N who="1" m="43114" /><E120/><V63/><F97/><W95/><G74/><T79/><D68/><U53/><E133/><V48/><F126/><W10/><G135/><T54/><D134/><U92/><E64/><V125/><F125/><W127/><G130/><T17/><D118/><U94/><E94/><V12/><F132/><W131/><G131/><T2/><D100/><U103/><E103/><V107/><F107/><W90/><G127/><T86/><D80/><N who="1" m="45087" /><E53/><V105/><F105/><W89/><G62/><T123/><D123/><U82/><E82/><V3/><F66/><W5/><G49/><T0/><D26/><U6/><E32/><V42/><F84/><W46/><G46/><T14/><D54/><U31/><E27/><V98/><F77/><W101/><REACH who="3" step="1"/><G20/><REACH who="3" ten="250,250,250,240" step="2"/><N who="0" m="11319" /><D51/><N who="1" m="27135" /><E31/><V52/><F48/><W122/><G122/><T38/><D38/><U57/><E57/><V30/><F30/><W56/><G56/><T40/><D40/><U67/><E67/><V115/><F42/><W23/><G23/><T50/><D50/><U93/><E93/><V45/><F115/><W41/><G41/><T70/><D70/><U71/><E71/><V25/><F63/><W9/><G9/><T96/><D96/><AGARI ba="0,1" hai="6,7,88,92,96" m="27135,45087,43114" machi="96" ten="30,2000,0" yaku="11,1,54,1" doraHai="33" who="1" fromWho="0" sc="250,-20,250,30,250,0,240,0" /><AGARI ba="0,0" hai="5,10,15,16,19,21,24,29,89,90,91,95,96,101" machi="96" ten="40,8000,1" yaku="1,1,8,1,54,1,53,1" doraHai="33" doraHaiUra="22" who="3" fromWho="0" sc="230,-80,280,0,250,0,240,80" /><INIT seed="1,0,0,1,4,74" ten="150,280,250,320" oya="1" hai0="108,27,44,80,7,5,1,56,32,69,51,92,9" hai1="78,100,96,46,129,0,38,93,13,95,88,36,17" hai2="116,99,52,2,73,10,66,101,21,47,22,110,106" hai3="26,127,4,40,123,94,75,43,65,79,61,132,49"/><U124/><E0/><V45/><F116/><W120/><G127/><T24/><D69/><U115/><E115/><V20/><F73/><W81/><G132/><T114/><D114/><U125/><E129/><V86/><F66/><W14/><G26/><T135/><D135/><U11/><E78/><V113/><F113/><W37/><G94/><T134/><D32/><U25/><E25/><V30/><F30/><W34/><G34/><T104/><D104/><U63/><E63/><V117/><F117/><W70/><G49/><T103/><D7/><U33/><E33/><V83/><F110/><W90/><G90/><T50/><D108/><U85/><REACH who="1" step="1"/><E46/><REACH who="1" ten="150,270,250,320" step="2"/><V109/><F45/><W121/><G121/><T55/><D134/><U15/><E15/><V82/><F109/><W84/><G120/><T76/><D44/><U77/><E77/><V130/><F130/><W118/><G123/><T23/><D27/><U67/><E67/><V131/><F131/><W29/><G118/><T112/><D112/><U28/><E28/><V58/><F47/><W6/><G29/><T102/><D51/><U122/><E122/><V48/><F2/><W3/><G3/><T12/><D1/><U87/><E87/><V62/><F62/><W19/><G75/><T64/><D64/><U16/><E16/><V41/><F86/><W128/><G128/><T119/><D119/><U8/><E8/><V31/><F31/><W111/><G111/><T59/><D24/><U91/><E91/><V72/><F72/><W105/><G4/><T107/><D5/><U133/><E133/><V68/><F10/><RYUUKYOKU ba="0,1" sc="150,-10,270,30,250,-10,320,-10" hai1="11,13,17,36,38,85,88,93,95,96,100,124,125" /><INIT seed="1,1,1,1,1,94" ten="140,300,240,310" oya="1" hai0="79,52,64,121,63,103,28,109,126,107,99,8,66" hai1="11,133,91,95,36,4,38,32,100,14,31,108,61" hai2="41,40,75,127,53,132,98,135,105,70,87,68,72" hai3="90,112,20,23,131,69,42,89,97,93,59,101,39"/><U123/><E123/><V83/><F127/><W115/><G69/><T21/><D126/><U2/><E133/><V6/><F6/><W46/><G59/><N who="0" m="35303" /><D79/><U5/><E100/><N who="2" m="62615" /><F53/><W48/><G131/><T35/><D35/><U78/><E108/><V0/><F0/><W130/><G130/><T12/><D109/><U24/><E78/><N who="2" m="44511" /><F72/><W30/><G30/><T117/><D117/><U120/><E120/><V29/><F29/><W44/><G23/><T111/><D111/><U71/><E5/><V62/><F70/><W13/><G20/><T45/><D45/><U17/><E61/><V110/><F110/><W129/><G13/><T47/><D47/><U85/><REACH who="1" step="1"/><E71/><REACH who="1" ten="140,290,240,310" step="2"/><V43/><F62/><W60/><G129/><T84/><D121/><U92/><E92/><V82/><F68/><W88/><REACH who="3" step="1"/><G60/><REACH who="3" ten="140,290,240,300" step="2"/><T86/><D28/><U76/><E76/><N who="2" m="46535" /><F135/><W134/><G134/><T7/><D107/><U15/><E15/><V74/><F132/><W50/><G50/><T51/><D51/><U65/><E65/><V3/><F3/><W34/><G34/><T125/><D125/><U73/><E73/><V80/><F74/><W104/><G104/><T18/><D66/><U26/><E26/><V116/><F116/><W25/><G25/><N who="0" m="14519" /><D64/><U27/><E27/><V37/><F80/><W33/><G33/><T55/><D12/><U19/><E19/><V113/><F37/><W58/><G58/><T49/><D49/><U10/><AGARI ba="1,3" hai="2,4,10,11,14,17,24,31,32,36,38,85,91,95" machi="10" ten="20,3900,0" yaku="1,1,0,1,7,1,53,0" doraHai="94" doraHaiUra="102" who="1" fromWho="1" sc="140,-14,290,72,240,-14,300,-14" /><INIT seed="1,2,0,4,2,97" ten="126,362,226,286" oya="1" hai0="27,31,46,114,35,61,63,8,102,51,99,38,34" hai1="87,129,78,122,13,44,33,112,104,124,132,10,42" hai2="32,105,62,14,15,48,19,116,103,82,120,41,123" hai3="3,81,0,84,111,117,107,60,4,88,71,85,37"/><U40/><E112/><V91/><F32/><W128/><G37/><T131/><D114/><U95/><E122/><V72/><F14/><W2/><G111/><T64/><D131/><U55/><E33/><V101/><F105/><W115/><G115/><T73/><D73/><U1/><E1/><V65/><F116/><W113/><G113/><T100/><D38/><U45/><E104/><V98/><F72/><W25/><G128/><T29/><D99/><U56/><E124/><V130/><F130/><W50/><G50/><T134/><D134/><U5/><E132/><V9/><F120/><W22/><G4/><T96/><D96/><U133/><E133/><V18/><F18/><W23/><G107/><T127/><D127/><U94/><E129/><V54/><F41/><N who="1" m="15977" /><E78/><V125/><F125/><W53/><G117/><T47/><D8/><U79/><E79/><V68/><F123/><W20/><G71/><T86/><D86/><U57/><E57/><V106/><F106/><W92/><G25/><T17/><D17/><U6/><E6/><V11/><F11/><W12/><G12/><T109/><D27/><U30/><E30/><V26/><F26/><W119/><G119/><T52/><D64/><U90/><E95/><V69/><F69/><W76/><G3/><T89/><D109/><U75/><E75/><V80/><F80/><W24/><G24/><T77/><D77/><U118/><E118/><V74/><F74/><W110/><G110/><T58/><D58/><U21/><E21/><V67/><F67/><W28/><G28/><T36/><D31/><U135/><E135/><RYUUKYOKU ba="2,0" sc="126,-15,362,15,226,-15,286,15" hai1="5,10,13,44,45,55,56,87,90,94" hai3="0,2,20,22,23,53,60,76,81,84,85,88,92" /><INIT seed="1,3,0,4,3,75" ten="111,377,211,301" oya="1" hai0="4,31,8,133,27,65,122,91,29,64,2,47,98" hai1="131,105,70,108,112,130,66,79,83,100,12,95,107" hai2="125,119,26,18,32,57,120,127,129,102,94,126,80" hai3="74,78,90,88,7,24,81,96,35,33,73,97,51"/><U115/><E70/><V103/><F119/><W63/><G7/><T37/><D133/><U117/><E12/><V46/><F120/><W9/><G9/><T16/><D122/><U60/><E60/><V30/><F129/><N who="1" m="49161" /><E66/><V104/><F104/><W21/><G73/><T50/><D37/><U42/><E42/><V82/><F46/><W116/><G116/><T3/><D3/><U132/><E117/><V41/><F41/><W110/><G63/><T111/><D31/><U72/><E132/><V106/><F106/><N who="1" m="40457" /><E108/><V25/><F57/><W53/><G110/><T128/><D111/><U58/><E58/><V5/><F5/><W56/><G21/><T44/><D44/><U10/><E10/><V36/><F36/><W54/><G54/><T114/><D128/><U6/><E6/><V109/><F109/><W1/><G1/><T99/><D64/><U52/><E52/><V0/><F0/><W69/><G69/><T84/><D65/><U123/><E123/><V62/><F62/><W17/><G17/><T135/><D135/><U93/><E100/><V92/><F18/><W85/><G24/><T40/><D16/><U59/><E59/><V61/><F61/><W113/><G33/><T67/><D67/><U118/><E118/><V38/><F38/><W48/><G35/><T23/><D2/><U86/><E72/><V55/><F55/><W77/><G74/><T87/><D4/><U71/><E71/><V49/><F25/><W20/><G56/><T124/><D8/><U22/><E22/><V13/><F32/><W28/><G20/><T14/><D23/><RYUUKYOKU ba="3,0" sc="111,-10,377,30,211,-10,301,-10" hai1="79,83,86,93,95,112,115" /><INIT seed="1,4,0,1,4,129" ten="101,407,201,291" oya="1" hai0="29,65,99,22,45,8,34,62,94,101,90,11,85" hai1="69,35,64,13,53,76,134,95,0,63,6,41,2" hai2="81,121,57,20,92,93,131,109,19,10,117,24,54" hai3="116,42,18,66,56,100,47,97,48,106,4,71,50"/><U3/><E35/><V27/><F109/><W26/><G4/><T32/><D32/><U40/><E76/><V119/><F131/><W44/><G71/><T60/><D60/><U70/><E70/><V68/><F68/><W83/><G83/><T89/><D89/><U122/><E122/><V98/><F121/><W15/><G26/><T87/><D87/><U7/><E134/><V38/><F38/><W28/><G28/><T52/><D34/><U132/><E132/><V72/><F24/><W107/><G107/><T49/><D22/><U77/><E77/><V16/><F81/><W120/><G116/><T133/><D29/><U37/><E37/><V61/><F92/><W30/><G30/><T108/><D108/><U21/><E53/><V58/><F58/><W86/><G86/><T84/><D84/><U130/><E130/><V114/><F114/><W33/><G33/><T43/><D43/><U118/><E118/><V12/><REACH who="2" step="1"/><F72/><REACH who="2" ten="101,407,191,291" step="2"/><W67/><G56/><N who="0" m="37063" /><D133/><U111/><E111/><V102/><AGARI ba="4,1" hai="10,12,16,19,20,27,54,57,61,93,98,102,117,119" machi="102" ten="20,5200,0" yaku="1,1,0,1,7,1,54,1,53,0" doraHai="129" doraHaiUra="25" who="2" fromWho="2" sc="101,-17,407,-30,191,74,291,-17" /><INIT seed="2,0,0,1,3,31" ten="84,377,265,274" oya="2" hai0="97,68,15,58,56,14,24,19,20,66,74,131,93" hai1="73,135,4,126,85,100,35,91,120,71,41,104,9" hai2="21,42,27,103,84,59,72,5,65,113,50,12,109" hai3="77,36,18,13,28,90,55,106,54,125,112,39,128"/><V123/><F113/><W30/><G106/><T22/><D74/><U61/><E73/><V57/><F72/><W11/><G125/><T127/><D127/><U0/><E126/><V80/><F123/><W110/><G110/><T130/><D68/><U1/><E120/><V46/><F103/><W2/><G2/><T33/><D33/><U43/><E0/><V49/><F65/><W89/><G11/><T92/><D92/><U105/><E135/><V44/><F12/><W114/><G13/><T45/><D45/><U118/><E118/><V119/><F5/><W62/><G62/><T121/><D121/><U75/><E75/><V99/><F99/><W88/><G89/><T6/><D6/><U40/><E35/><V102/><F102/><W115/><G115/><T95/><D24/><U26/><E26/><V101/><F101/><W98/><G98/><T23/><D97/><U122/><E100/><V32/><F32/><W70/><G18/><T64/><D23/><U111/><E111/><V134/><F119/><W60/><G60/><T34/><D34/><U78/><E78/><N who="2" m="46103" /><F134/><W124/><G124/><T76/><D76/><U86/><E122/><V47/><F47/><W79/><REACH who="3" step="1"/><G70/><REACH who="3" ten="84,377,265,264" step="2"/><T96/><D96/><U132/><E132/><V8/><F109/><W25/><G25/><T116/><D116/><U63/><E71/><V69/><F8/><W16/><G16/><AGARI ba="0,1" hai="14,15,16,19,20,22,56,58,64,66,93,95,130,131" machi="16" ten="25,3200,0" yaku="22,2,54,1" doraHai="31" who="0" fromWho="3" sc="84,42,377,0,265,0,264,-32" /><INIT seed="3,0,0,2,2,48" ten="126,377,265,232" oya="3" hai0="61,28,72,30,60,13,112,88,47,78,91,2,62" hai1="129,92,14,93,4,26,120,95,55,65,67,6,76" hai2="97,89,35,12,54,1,121,25,123,102,43,40,22" hai3="118,16,115,79,110,10,85,90,37,56,21,108,18"/><W51/><G115/><T53/><D2/><U11/><E120/><V114/><F1/><W23/><G37/><T71/><D71/><U99/><E129/><V96/><F35/><W111/><G118/><T29/><D112/><U45/><E76/><V94/><F12/><N who="3" m="7191" /><G79/><T38/><D38/><U109/><E109/><V122/><F114/><W101/><G101/><T42/><D42/><U34/><E6/><V44/><F97/><W103/><G103/><T116/><D116/><U5/><E5/><V59/><F44/><W133/><G18/><T117/><D117/><U106/><E106/><V82/><F82/><N who="3" m="49463" /><G133/><T100/><D100/><U126/><E99/><V39/><F39/><W20/><G51/><N who="0" m="28927" /><D72/><U49/><E126/><V0/><F102/><W87/><G87/><T41/><D78/><U132/><E132/><V127/><F0/><W135/><G135/><T7/><D41/><U50/><E34/><V19/><F127/><W107/><G56/><T128/><D128/><U15/><E26/><V3/><F3/><W84/><G84/><T32/><D32/><U125/><E125/><V134/><F134/><W86/><G86/><T36/><D36/><U33/><E33/><V74/><F74/><W73/><G73/><T80/><D80/><U69/><E69/><V75/><F75/><W8/><G107/><T58/><D58/><N who="1" m="33135" /><E15/><V77/><F77/><W119/><G119/><T64/><D64/><U81/><E81/><V46/><F46/><W113/><G113/><T131/><D131/><U9/><E9/><AGARI ba="0,0" hai="8,9,20,21,23,108,110,111" m="49463,7191" machi="9" ten="40,7700,0" yaku="14,1,10,1,54,1" doraHai="48" who="3" fromWho="1" sc="126,0,377,-77,265,0,232,77" /><AGARI ba="0,0" hai="7,9,13,28,29,30,60,61,62,88,91" m="28927" machi="9" ten="30,3900,0" yaku="8,1,52,1,54,1" doraHai="48" who="0" fromWho="1" sc="126,39,300,-39,265,0,309,0" /><INIT seed="3,1,0,5,1,72" ten="165,261,265,309" oya="3" hai0="125,29,131,18,47,1,119,64,69,8,77,15,38" hai1="87,52,68,127,13,93,91,58,116,48,7,135,111" hai2="112,46,40,85,128,50,133,44,62,66,45,39,83" hai3="3,19,43,109,28,41,81,78,123,106,132,102,32"/><W113/><G113/><T71/><D119/><U12/><E68/><V103/><F112/><W92/><G3/><T121/><D121/><U95/><E116/><V70/><F128/><W73/><G123/><T120/><D120/><U99/><E111/><V9/><F133/><W49/><G109/><T74/><D125/><U59/><E127/><V23/><F103/><W57/><G28/><T108/><D108/><U25/><E135/><V53/><F23/><W89/><G32/><T35/><D131/><U31/><E58/><N who="2" m="33079" /><F9/><W34/><G34/><T65/><D69/><U63/><E48/><V37/><F85/><N who="3" m="52271" /><G19/><T67/><D71/><U104/><E104/><V115/><F83/><W105/><G106/><T130/><D130/><U114/><E7/><V126/><F126/><W75/><G73/><T60/><D1/><U27/><E114/><V118/><F115/><W26/><G26/><N who="1" m="9738" /><E31/><V6/><F6/><W98/><G132/><T122/><D122/><U56/><E56/><V101/><F118/><W42/><G57/><T124/><D124/><U117/><E117/><V94/><F37/><W129/><G129/><T61/><D35/><U96/><E96/><AGARI ba="1,0" hai="39,40,44,45,46,62,66,70,94,96,101" m="33079" machi="96" ten="30,1000,0" yaku="24,1" doraHai="72" who="2" fromWho="1" sc="165,0,261,-13,265,13,309,0" /><INIT seed="4,0,0,5,4,89" ten="165,248,278,309" oya="0" hai0="109,9,95,67,1,132,64,107,53,68,55,115,56" hai1="33,13,98,131,8,5,85,86,26,129,87,41,133" hai2="70,22,93,103,81,17,10,79,77,104,49,97,96" hai3="48,40,66,124,57,99,6,118,134,16,72,18,15"/><T62/><D107/><U19/><E133/><V28/><F70/><W75/><G118/><T42/><D1/><U120/><E120/><V14/><F49/><W94/><G124/><T2/><D2/><U84/><E41/><V61/><F61/><N who="3" m="38191" /><G75/><T37/><D9/><U71/><E71/><V116/><F116/><W128/><G72/><T43/><D95/><U38/><E38/><V25/><F81/><W113/><G128/><N who="1" m="49226" /><E87/><V123/><F123/><W32/><G32/><T82/><D82/><U65/><E65/><N who="0" m="25161" /><D132/><U27/><E33/><V44/><F44/><N who="3" m="25607" /><G113/><T46/><D115/><U90/><E5/><V29/><F28/><W11/><G134/><T39/><D109/><U110/><E110/><V31/><F31/><W63/><G63/><T76/><D76/><U101/><E90/><AGARI ba="0,0" hai="10,14,17,22,25,29,77,79,90,93,96,97,103,104" machi="90" ten="30,2000,0" yaku="7,1,52,1" doraHai="89" who="2" fromWho="1" sc="165,0,248,-20,278,20,309,0" /><AGARI ba="0,0" hai="6,11,15,16,18,90,94,99" m="25607,38191" machi="90" ten="30,3900,0" yaku="8,1,52,1,54,1" doraHai="89" who="3" fromWho="1" sc="165,0,228,-39,298,0,309,39" /><INIT seed="5,0,0,5,0,56" ten="165,189,298,348" oya="1" hai0="19,37,41,8,125,9,88,117,96,74,20,10,22" hai1="6,128,120,2,108,5,68,26,112,119,131,59,98" hai2="35,104,110,109,49,133,78,54,15,72,48,16,33" hai3="95,28,66,12,70,113,55,134,79,38,46,52,114"/><U65/><E119/><V27/><F104/><W67/><G134/><T77/><D117/><U124/><E120/><V24/><F133/><W60/><G67/><T127/><D74/><U50/><E68/><V84/><F72/><W116/><G79/><T32/><D32/><U93/><E112/><N who="3" m="43114" /><G28/><T92/><D77/><U75/><E75/><V61/><F35/><W62/><G62/><T58/><D58/><U43/><E124/><N who="0" m="47689" /><D19/><U87/><E108/><V71/><F33/><W73/><G73/><T129/><D129/><N who="1" m="49739" /><E2/><V121/><F121/><W23/><G95/><T0/><D0/><U57/><E87/><V126/><F126/><W94/><G94/><T80/><D80/><U103/><E26/><N who="2" m="9771" /><F71/><W51/><G116/><T111/><D111/><U30/><E30/><V118/><F118/><W135/><G135/><T123/><D123/><U14/><E14/><V31/><F31/><W47/><G38/><T91/><D91/><U89/><E89/><V42/><F84/><W85/><G85/><T63/><D63/><N who="1" m="38127" /><E59/><N who="2" m="35063" /><F78/><W90/><G90/><T82/><D82/><U13/><E13/><V101/><F109/><W1/><G1/><T11/><N who="0" m="2560" /><DORA hai="130" /><T21/><D37/><U83/><E83/><V105/><F15/><W107/><G12/><T53/><D53/><U99/><E99/><V102/><F110/><W34/><G34/><T25/><D25/><U29/><E29/><V17/><F17/><W100/><G55/><T64/><D64/><U97/><E97/><V106/><F16/><W4/><G4/><T122/><D122/><U132/><E132/><V86/><F86/><RYUUKYOKU ba="0,0" sc="165,15,189,15,298,-15,348,-15" hai0="20,21,22,41,88,92,96" hai1="5,6,43,50,93,98,103" /><INIT seed="5,1,0,5,4,35" ten="180,204,283,333" oya="1" hai0="100,0,36,119,84,107,82,21,27,57,5,28,49" hai1="101,37,94,51,55,113,133,87,85,22,79,26,41" hai2="66,12,81,64,80,59,117,89,73,31,15,105,45" hai3="103,14,7,13,121,46,9,118,56,34,132,129,75"/><U50/><E113/><V48/><F105/><W63/><G75/><T11/><D36/><U54/><E133/><V23/><F73/><W109/><G109/><T77/><D119/><U20/><E37/><V104/><F104/><W3/><G34/><T114/><D114/><U8/><E41/><V88/><F31/><W127/><G121/><T126/><D126/><U97/><E8/><V83/><F23/><W91/><G103/><T78/><D78/><U6/><E6/><V108/><F108/><W43/><G127/><T112/><D112/><U134/><E134/><V44/><F59/><W24/><G24/><T110/><D110/><U135/><E135/><V130/><F80/><W115/><G118/><T74/><D74/><U99/><E79/><V4/><F48/><W29/><G29/><T123/><D123/><U18/><E99/><V67/><F67/><W96/><G115/><T17/><D28/><U128/><E128/><V76/><F76/><W69/><G129/><T2/><D2/><U122/><E22/><V95/><F4/><W16/><G69/><T102/><D107/><U47/><REACH who="1" step="1"/><E122/><REACH who="1" ten="180,194,283,333" step="2"/><V42/><F130/><W106/><G132/><T58/><D49/><U30/><E30/><V39/><F39/><W68/><G16/><T10/><D11/><U116/><E116/><V120/><F117/><W1/><G9/><T111/><D111/><U71/><E71/><V124/><F120/><W62/><G68/><T72/><D72/><U32/><E32/><V70/><F70/><W131/><G7/><T60/><D60/><U86/><E86/><V19/><F19/><RYUUKYOKU ba="1,1" sc="180,15,194,15,283,-15,333,-15" hai0="0,5,10,17,21,27,57,58,77,82,84,100,102" hai1="18,20,26,47,50,51,54,55,85,87,94,97,101" /><INIT seed="5,2,1,3,1,92" ten="195,209,268,318" oya="1" hai0="37,89,134,106,46,28,55,120,33,7,49,132,20" hai1="1,124,18,84,5,10,115,68,45,12,51,29,60" hai2="67,119,16,0,70,108,54,72,76,36,127,3,69" hai3="82,116,32,50,88,41,133,97,19,122,31,123,94"/><U24/><E115/><V77/><F36/><W58/><G133/><N who="0" m="51307" /><D120/><U30/><E124/><V25/><F108/><W74/><G116/><T93/><D106/><U98/><E68/><V14/><F25/><W111/><G111/><T105/><D105/><U22/><E60/><V35/><F35/><W90/><G32/><T107/><D107/><U130/><E130/><V75/><F54/><W26/><G74/><T73/><D73/><U117/><E117/><V64/><F119/><W8/><G58/><T114/><D33/><U112/><E112/><V38/><F38/><W2/><G2/><T63/><D114/><U121/><E121/><V125/><F14/><N who="3" m="7623" /><G122/><T78/><D37/><U61/><E1/><V48/><F48/><W79/><G79/><T91/><D78/><U65/><E84/><V109/><F109/><W100/><G82/><T85/><D7/><U62/><E98/><V131/><F16/><W99/><G99/><N who="0" m="57775" /><D63/><N who="1" m="24075" /><E65/><V11/><F131/><W21/><G123/><T42/><D42/><AGARI ba="2,1" hai="5,10,12,18,22,24,29,30,42,45,51" m="24075" machi="42" ten="30,1500,0" yaku="8,1" doraHai="92" who="1" fromWho="0" sc="195,-21,209,31,268,0,318,0" /><INIT seed="5,3,0,5,1,81" ten="174,240,268,318" oya="1" hai0="76,26,15,12,57,104,48,95,3,10,83,98,52" hai1="133,16,18,122,66,0,129,67,68,14,1,89,126" hai2="96,65,110,33,101,123,93,8,13,41,88,99,39" hai3="130,87,34,119,49,111,25,84,120,9,54,90,85"/><U6/><E122/><V19/><F33/><W64/><G120/><T46/><D104/><U24/><E129/><V59/><F110/><W73/><G111/><T5/><D26/><U72/><E72/><V7/><F39/><W37/><G37/><T2/><D2/><U115/><E115/><V78/><F78/><W127/><G73/><T42/><D95/><U114/><E114/><V75/><F41/><W121/><G121/><T30/><D30/><U53/><E133/><V117/><F75/><W108/><G108/><T11/><D98/><U20/><E126/><V74/><F74/><W35/><G127/><T38/><REACH who="0" step="1"/><D10/><REACH who="0" ten="164,240,268,318" step="2"/><U4/><E1/><V21/><F123/><W79/><G9/><T80/><D80/><U92/><E0/><V70/><F99/><W71/><G35/><T61/><D61/><U40/><E24/><V132/><F8/><W28/><G79/><T62/><D62/><U69/><E92/><V135/><F93/><W50/><G34/><T55/><D55/><U36/><E53/><V60/><F96/><W103/><G54/><T44/><D44/><U56/><E20/><V97/><F21/><W23/><G23/><T124/><D124/><U32/><E32/><V106/><F106/><W125/><G25/><T91/><D91/><U51/><E89/><V118/><F88/><W100/><G125/><T29/><D29/><U82/><E82/><V58/><F97/><W22/><G22/><T45/><D45/><U43/><E40/><V17/><F60/><W112/><G28/><T105/><D105/><U107/><E107/><V109/><F109/><RYUUKYOKU ba="3,1" sc="164,30,240,-10,268,-10,318,-10" hai0="3,5,11,12,15,38,42,46,48,52,57,76,83" /><INIT seed="6,4,1,1,1,74" ten="194,230,258,308" oya="2" hai0="130,103,109,19,119,67,42,58,132,87,29,43,122" hai1="50,60,34,51,75,124,41,118,55,39,111,37,56" hai2="99,47,78,94,114,35,4,126,6,66,84,71,81" hai3="92,65,48,106,52,100,116,17,21,85,25,49,110"/><V95/><F35/><W96/><G110/><T79/><D109/><U5/><E34/><V27/><F94/><W13/><G65/><T72/><D72/><U101/><E111/><V80/><F126/><W113/><G113/><T88/><D122/><U28/><E28/><V134/><F27/><W14/><G116/><T18/><D119/><U0/><E118/><V15/><F81/><W32/><G48/><T69/><D69/><U30/><E30/><V46/><F134/><W89/><REACH who="3" step="1"/><G32/><REACH who="3" ten="194,230,258,298" step="2"/><T102/><D132/><U86/><E51/><V1/><F66/><W105/><G105/><T77/><D130/><U64/><E50/><V91/><F114/><W16/><G16/><N who="0" m="6187" /><D29/><U107/><E64/><V22/><F71/><W23/><G23/><T40/><D67/><U93/><E107/><V59/><F22/><W104/><G104/><T33/><D33/><U76/><E37/><V31/><F31/><W3/><G3/><T26/><D26/><U112/><E112/><V62/><F1/><W44/><AGARI ba="4,2" hai="13,14,17,21,25,44,49,52,85,89,92,96,100,106" machi="44" ten="20,5200,0" yaku="1,1,0,1,7,1,54,1,53,0" doraHai="74" doraHaiUra="68" who="3" fromWho="3" sc="194,-17,230,-17,258,-30,298,84" /><INIT seed="7,0,0,0,2,67" ten="177,213,228,382" oya="3" hai0="59,114,57,13,103,95,113,30,72,63,100,15,34" hai1="125,92,11,49,17,104,55,115,109,8,51,64,33" hai2="91,18,128,94,0,36,81,120,127,19,106,96,9" hai3="40,111,76,65,132,37,44,97,20,1,61,47,58"/><W70/><G1/><T121/><D72/><U29/><E109/><V118/><F36/><W69/><G132/><T86/><D121/><U87/><E104/><V77/><F18/><W50/><G76/><T12/><D30/><U39/><E39/><V88/><F19/><W80/><G80/><T126/><D34/><U79/><E115/><N who="0" m="44041" /><D126/><U134/><E134/><V105/><F9/><N who="1" m="3657" /><E33/><V75/><F0/><W101/><G20/><T110/><D110/><U14/><E125/><V7/><F7/><W23/><G23/><T60/><D86/><U122/><E64/><V22/><F22/><W90/><G90/><T71/><D71/><U10/><E122/><V2/><F2/><W123/><G123/><T4/><D4/><U130/><E130/><V56/><F120/><W83/><G83/><T16/><D16/><U131/><E131/><V66/><F128/><W116/><G111/><T42/><D42/><U93/><E29/><V48/><F75/><W27/><G27/><T107/><D107/><U53/><E79/><V102/><F77/><W5/><G5/><T68/><D95/><N who="1" m="36427" /><E87/><V54/><F106/><W124/><G124/><T46/><D46/><U25/><E25/><V32/><F105/><W89/><G89/><T108/><D108/><U85/><E85/><N who="2" m="50223" /><F91/><W73/><G73/><T45/><D45/><U135/><E135/><V78/><F32/><W112/><G47/><T119/><D119/><U28/><E28/><V98/><F118/><W38/><G116/><T41/><D41/><U62/><E53/><V74/><F54/><W133/><G112/><T99/><D99/><RYUUKYOKU ba="0,0" sc="177,-10,213,30,228,-10,382,-10" hai1="10,14,17,49,51,55,62" owari="167,-33.0,243,4.0,218,-18.0,372,47.0" /></mjloggm>