<mjloggm ver="2.3"><GO type="169" lobby="0"/><UN n0="%E3%83%88%E3%83%88%E3%83%AA%E5%85%88%E7%94%9F%31%39%E6%AD%B3" n1="%65%61%73%79" n2="%66%61%6E%73%74%65%70" n3="%E3%83%A4%E3%82%B3%E3%83%96%E3%82%B3%E3%83%BC%E3%82%A8%E3%83%B3" dan="19,17,17,17" rate="2320.04,2179.22,2231.04,2150.86" sx="F,M,M,M"/><TAIKYOKU oya="0"/><INIT seed="0,0,0,2,0,46" ten="250,250,250,250" oya="0" hai0="122,74,124,80,59,47,125,37,134,116,63,58,71" hai1="22,112,81,65,62,106,42,64,128,94,61,11,21" hai2="43,31,15,57,68,12,86,30,45,110,91,118,56" hai3="132,75,73,6,35,52,44,93,107,133,102,89,121"/><T33/><D33/><U60/><E106/><V51/><F68/><W9/><G35/><T3/><D3/><U126/><E112/><V113/><F113/><W111/><G111/><T32/><D32/><U123/><E123/><V108/><F118/><W10/><G102/><T115/><D115/><U131/><E126/><N who="0" m="48745" /><D74/><U92/><E11/><N who="3" m="4106" /><G107/><T129/><D80/><U20/><E42/><V77/><F77/><W78/><G78/><T34/><D34/><U38/><E38/><V101/><F101/><W120/><G6/><T4/><D4/><U99/><E81/><V25/><F25/><W105/><G105/><T48/><D116/><U127/><E127/><V23/><F110/><W82/><G82/><T98/><D98/><U53/><E53/><V135/><F108/><W88/><G75/><T1/><D1/><U49/><E49/><V36/><F36/><W29/><G73/><T79/><D79/><U67/><REACH who="1" step="1"/><E99/><REACH who="1" ten="250,240,250,250" step="2"/><V130/><F51/><N who="3" m="28775" /><G29/><T95/><D37/><U85/><E85/><V96/><F31/><W119/><G119/><T117/><D117/><U14/><E14/><V13/><F30/><W28/><G28/><T19/><D122/><N who="3" m="47209" /><G93/><AGARI ba="0,1" hai="20,21,22,60,61,62,64,65,67,92,93,94,128,131" machi="93" ten="50,8000,1" yaku="1,1,29,2,28,2,53,0" doraHai="46" doraHaiUra="5" who="1" fromWho="3" sc="250,0,240,90,250,0,250,-80" /><INIT seed="1,0,0,2,1,11" ten="250,330,250,170" oya="1" hai0="10,2,35,12,119,32,128,25,34,95,4,98,13" hai1="66,110,79,37,104,59,23,122,75,1,76,131,105" hai2="101,134,26,107,126,36,52,68,72,91,45,112,21" hai3="61,77,47,80,93,78,3,69,90,31,27,88,117"/><U30/><E122/><V14/><F68/><W46/><G3/><T51/><D119/><U102/><E1/><V48/><F72/><W111/><G111/><T41/><D128/><U57/><E110/><V42/><F134/><W20/><G117/><T56/><D25/><U54/><E37/><V44/><F126/><W19/><G90/><T15/><D56/><U96/><E131/><V94/><F112/><W63/><G78/><T81/><D81/><U118/><E118/><V64/><F64/><W92/><G92/><T70/><D70/><U65/><E96/><V89/><F107/><W85/><G31/><T9/><D51/><U73/><E23/><V60/><F60/><W22/><G22/><T100/><REACH who="0" step="1"/><D41/><REACH who="0" ten="240,330,250,170" step="2"/><U55/><REACH who="1" step="1"/><E30/><REACH who="1" ten="240,320,250,170" step="2"/><V97/><REACH who="2" step="1"/><F14/><REACH who="2" ten="240,320,240,170" step="2"/><W74/><G69/><T120/><D120/><U33/><E33/><V130/><F130/><W124/><G124/><T135/><D135/><U28/><E28/><AGARI ba="0,3" hai="21,26,28,36,42,44,45,48,52,89,91,94,97,101" machi="28" ten="30,3900,0" yaku="1,1,7,1,54,1,53,0" doraHai="11" doraHaiUra="67" who="2" fromWho="1" sc="240,0,320,-39,240,69,170,0" /><INIT seed="2,0,0,1,1,2" ten="240,281,309,170" oya="2" hai0="77,18,118,35,1,36,83,132,135,57,58,96,53" hai1="48,38,81,34,42,5,114,23,21,43,26,112,123" hai2="0,24,29,37,128,75,40,99,28,93,3,80,76" hai3="10,86,82,90,47,49,120,56,133,68,51,85,66"/><V41/><F128/><W6/><G68/><T33/><D36/><U72/><E123/><V27/><F27/><W117/><G133/><N who="0" m="51275" /><D118/><U115/><E38/><V67/><F67/><W126/><G120/><T52/><D1/><U98/><E98/><V11/><F29/><W44/><G126/><T103/><D18/><U125/><E125/><V39/><F40/><W59/><G117/><T116/><D57/><U122/><E122/><V89/><F41/><W63/><G86/><N who="0" m="48495" /><D116/><U111/><E112/><V134/><F0/><W55/><REACH who="3" step="1"/><G51/><REACH who="3" ten="240,281,309,160" step="2"/><N who="0" m="31007" /><D53/><U102/><E114/><V113/><F134/><W119/><G119/><T73/><D73/><U32/><E115/><V17/><F113/><W74/><G74/><T14/><D14/><AGARI ba="0,1" hai="6,10,14,44,47,49,55,56,59,63,66,82,85,90" machi="14" ten="30,8000,1" yaku="1,1,7,1,8,1,52,1,53,1" doraHai="2" doraHaiUra="4" who="3" fromWho="0" sc="240,-80,281,0,309,0,160,90" /><INIT seed="3,0,0,2,5,1" ten="160,281,309,250" oya="3" hai0="21,25,47,38,58,34,134,112,41,72,9,16,48" hai1="69,119,89,128,114,86,46,39,23,36,62,90,10" hai2="37,118,101,45,31,52,120,0,123,99,111,64,133" hai3="66,100,109,135,20,93,103,14,108,113,79,61,17"/><W130/><G113/><T28/><D112/><U11/><E114/><V85/><F118/><W80/><G130/><T95/><D134/><U124/><E128/><V104/><F133/><W35/><G35/><T88/><D72/><U8/><E124/><V22/><F64/><W27/><G135/><T5/><D58/><U12/><E119/><V2/><F85/><W49/><G49/><T29/><D38/><U98/><E36/><V53/><F53/><W75/><G27/><T92/><D34/><U127/><E127/><V30/><F111/><N who="3" m="42571" /><G93/><T13/><D92/><N who="1" m="56599" /><E39/><V65/><F37/><W3/><G3/><T24/><D24/><U96/><E62/><V40/><F2/><W59/><AGARI ba="0,0" hai="14,17,20,59,61,66,75,79,80,100,103" m="42571" machi="59" ten="30,3000,0" yaku="14,1,10,1" doraHai="1" who="3" fromWho="3" sc="160,-10,281,-10,309,-10,250,30" /><INIT seed="3,1,0,0,1,77" ten="150,271,299,280" oya="3" hai0="101,38,64,25,71,82,42,89,37,133,66,18,23" hai1="88,20,17,120,118,14,1,135,21,127,90,9,117" hai2="46,54,15,28,87,16,72,96,110,48,115,22,78" hai3="121,113,109,134,26,0,6,108,124,5,131,83,68"/><W125/><G68/><T45/><D133/><U85/><E120/><V65/><F72/><W67/><G67/><T79/><D38/><U98/><E127/><N who="3" m="48714" /><G121/><T95/><D101/><U35/><E35/><V106/><F110/><N who="3" m="42603" /><G113/><T4/><D4/><N who="3" m="1641" /><G131/><T84/><REACH who="0" step="1"/><D71/><REACH who="0" ten="140,271,299,280" step="2"/><U41/><E135/><V47/><F115/><W53/><G134/><T61/><D61/><U116/><E116/><V126/><F126/><W29/><G0/><T102/><D102/><U2/><E1/><V70/><F70/><W33/><G53/><T50/><D50/><U30/><E2/><V122/><F48/><W57/><G57/><T44/><D44/><U129/><E118/><V12/><F47/><W119/><G119/><T130/><D130/><U52/><E129/><V31/><F46/><W3/><G3/><T55/><D55/><U49/><E52/><V94/><F54/><W56/><G56/><T112/><D112/><U39/><E49/><V97/><F65/><W62/><G62/><T40/><D40/><U74/><E41/><V107/><F122/><W69/><G69/><T111/><D111/><U91/><E117/><V32/><F107/><W76/><G76/><T92/><D92/><U100/><E39/><V128/><F94/><W58/><G58/><T73/><AGARI ba="1,1" hai="18,23,25,37,42,45,64,66,73,79,82,84,89,95" machi="73" ten="20,8000,1" yaku="1,1,0,1,7,1,52,1,53,1" doraHai="77" doraHaiUra="80" who="0" fromWho="0" sc="140,93,271,-21,299,-21,280,-41" /><INIT seed="4,0,0,3,3,38" ten="233,250,278,239" oya="0" hai0="3,50,59,20,15,69,5,122,80,121,17,27,124" hai1="135,78,123,90,76,73,53,91,57,113,36,12,132" hai2="31,84,100,74,120,51,75,7,16,30,1,107,46" hai3="96,98,110,119,79,94,52,39,62,33,35,25,93"/><T64/><D124/><U115/><E123/><V45/><F120/><W95/><G110/><T105/><D105/><U32/><E36/><V104/><F1/><W41/><G119/><T77/><D69/><U43/><E43/><V63/><F7/><W118/><G118/><T23/><D3/><U22/><E32/><V101/><F63/><W66/><G79/><N who="1" m="30250" /><E73/><V129/><F84/><W0/><G0/><T86/><D5/><U34/><E34/><V82/><F51/><W54/><G33/><T28/><REACH who="0" step="1"/><D50/><REACH who="0" ten="223,250,278,239" step="2"/><N who="1" m="30903" /><E113/><V85/><F107/><W29/><G98/><T125/><D125/><U106/><E115/><V68/><F104/><W89/><G96/><T65/><D65/><U133/><E106/><V40/><F68/><W88/><G66/><T117/><D117/><U49/><E49/><V112/><F112/><W81/><G62/><AGARI ba="0,1" hai="15,17,20,23,27,28,59,62,64,77,80,86,121,122" machi="62" ten="40,7700,0" yaku="1,1,53,2" doraHai="38" doraHaiUra="116" who="0" fromWho="3" sc="223,87,250,0,278,0,239,-77" /><INIT seed="4,1,0,2,5,134" ten="310,250,278,162" oya="0" hai0="122,4,37,133,43,92,128,57,5,95,91,75,47" hai1="38,9,108,127,115,27,6,36,44,103,119,90,23" hai2="120,79,68,42,40,26,10,126,81,104,125,52,105" hai3="51,131,8,29,19,71,1,2,74,82,53,13,87"/><T99/><D122/><U59/><E119/><V56/><F120/><W60/><G74/><T22/><D75/><U101/><E115/><V14/><F68/><W30/><G131/><T124/><D133/><U88/><E38/><V110/><F110/><W32/><G32/><T21/><D128/><U24/><E108/><V73/><F26/><W28/><G60/><T121/><D121/><U46/><E127/><N who="2" m="48651" /><F42/><W117/><G71/><T89/><D124/><U12/><E59/><V67/><F67/><W76/><REACH who="3" step="1"/><G117/><REACH who="3" ten="310,250,278,152" step="2"/><T16/><D57/><AGARI ba="1,1" hai="1,2,8,13,19,28,29,30,51,53,57,76,82,87" machi="57" ten="40,2600,0" yaku="1,1,2,1,53,0" doraHai="134" doraHaiUra="3" who="3" fromWho="0" sc="310,-29,250,0,278,0,152,39" /><INIT seed="5,0,0,2,2,79" ten="281,250,278,191" oya="1" hai0="49,101,42,103,45,75,123,61,72,8,89,114,109" hai1="48,128,14,84,97,70,12,116,99,102,112,21,122" hai2="125,82,18,36,38,117,108,15,85,41,20,118,133" hai3="33,62,87,0,86,92,39,90,98,51,40,43,30"/><U126/><E116/><V65/><F108/><W29/><G0/><T16/><D109/><U24/><E112/><V5/><F133/><W31/><G33/><T105/><D114/><U107/><E122/><V106/><F106/><W93/><G39/><T83/><D123/><U22/><E126/><V124/><F65/><W68/><G68/><T96/><D103/><U2/><E2/><V95/><F95/><W91/><G62/><T47/><D61/><U69/><E128/><V132/><F132/><W81/><REACH who="3" step="1"/><G51/><REACH who="3" ten="281,250,278,181" step="2"/><T121/><D121/><U46/><E70/><V110/><F110/><W50/><G50/><T34/><D34/><U9/><E69/><V67/><F38/><W28/><N who="3" m="7168" /><DORA hai="11" /><W4/><G4/><T53/><D49/><U71/><E71/><V111/><F5/><W66/><G66/><T54/><D16/><N who="1" m="10391" /><E48/><V134/><F67/><W6/><G6/><T100/><D54/><U115/><E115/><V55/><F55/><W64/><G64/><T135/><D53/><U7/><E46/><N who="2" m="23847" /><F111/><W78/><AGARI ba="0,1" hai="40,43,78,81,86,87,90,91,92,93,98" m="7168" machi="78" ten="40,8000,1" yaku="1,1,0,1,8,1,52,1,53,0" doraHai="79,11" doraHaiUra="44,113" who="3" fromWho="3" sc="281,-20,250,-40,278,-20,181,90" /><INIT seed="6,0,0,2,3,29" ten="261,210,258,271" oya="2" hai0="124,78,47,119,76,117,52,43,18,35,61,17,53" hai1="0,56,114,30,82,2,33,80,87,48,27,55,7" hai2="73,65,72,19,81,9,26,79,90,20,36,134,69" hai3="131,102,88,23,6,93,95,128,24,42,122,22,89"/><V91/><F134/><W44/><G6/><T133/><D35/><U15/><E114/><V4/><F73/><W118/><G118/><N who="0" m="45067" /><D124/><U107/><E107/><V71/><F36/><W108/><G108/><T110/><D110/><U40/><E40/><V115/><F115/><W109/><G109/><T21/><D133/><U101/><E101/><V126/><F126/><W31/><G122/><T94/><D94/><N who="3" m="35849" /><G22/><T84/><D84/><U11/><REACH who="1" step="1"/><E82/><REACH who="1" ten="261,200,258,271" step="2"/><V8/><F81/><W10/><G102/><T116/><D116/><U45/><E45/><V106/><F106/><W129/><G10/><T3/><D47/><U130/><E130/><V62/><F9/><W105/><G105/><T46/><D46/><U100/><E100/><V51/><F8/><W54/><G42/><T13/><D43/><U68/><E68/><V41/><F71/><W112/><G112/><T85/><D3/><U111/><E111/><V132/><F132/><W125/><G125/><T99/><D53/><U98/><E98/><V86/><F41/><W58/><G44/><T96/><D96/><U38/><E38/><V1/><F1/><W92/><G92/><T25/><D99/><U12/><E12/><V37/><F37/><W75/><G54/><T50/><D13/><U59/><E59/><V5/><F69/><W104/><G58/><T66/><D52/><U77/><AGARI ba="0,1" hai="0,2,7,11,15,27,30,33,48,55,56,77,80,87" machi="77" ten="20,8000,1" yaku="1,1,0,1,7,1,52,1,53,1" doraHai="29" doraHaiUra="74" who="1" fromWho="1" sc="261,-20,200,90,258,-40,271,-20" /><INIT seed="7,0,0,5,3,51" ten="241,290,218,251" oya="3" hai0="21,124,105,62,53,64,107,30,48,65,3,110,87" hai1="130,8,24,35,10,96,15,111,120,86,16,101,33" hai2="109,17,94,56,38,113,135,83,126,131,19,6,36" hai3="132,78,46,100,85,128,63,14,119,41,52,50,11"/><W108/><G119/><T84/><D110/><U93/><E111/><V117/><F109/><W42/><G108/><T71/><D3/><U0/><E120/><V121/><F117/><W129/><G132/><T13/><D124/><U29/><E130/><N who="3" m="50282" /><G100/><T95/><D64/><U81/><E0/><V125/><F131/><W67/><G85/><T57/><D87/><U82/><E82/><V122/><F135/><W116/><G78/><T7/><D30/><U59/><E59/><V112/><F83/><W4/><G116/><T22/><D22/><U90/><E8/><V91/><F6/><W106/><G106/><T68/><D71/><AGARI ba="0,0" hai="4,11,14,41,42,46,50,52,63,67,71" m="50282" machi="71" ten="30,5800,0" yaku="19,1,52,1,54,1" doraHai="51" who="3" fromWho="0" sc="241,-58,290,0,218,0,251,58" owari="183,-32.0,290,9.0,218,-18.0,309,41.0" /></mjloggm>