<mjloggm ver="2.3"><GO type="169" lobby="0"/><UN n0="%7A%6F%6F%31%39%36%34" n1="%E5%A4%A7%E5%92%8C%E7%94%B0%E5%B0%82%E5%8B%99" n2="%6C%61%6B%75%63%68%69" n3="%E3%82%A6%E3%83%AB%E3%83%88%E3%83%A9%E7%AB%8B%E7%9B%B4" dan="17,18,17,18" rate="2130.78,2211.14,2141.36,2252.92" sx="M,M,M,M"/><TAIKYOKU oya="0"/><INIT seed="0,0,0,1,1,16" ten="250,250,250,250" oya="0" hai0="59,77,105,89,107,132,76,130,74,108,63,13,15" hai1="70,37,6,56,82,100,36,46,23,71,104,52,9" hai2="85,69,32,65,33,86,133,102,79,62,68,134,60" hai3="48,93,95,110,129,7,78,67,109,97,24,3,53"/><T41/><D132/><U72/><E104/><V25/><F102/><W113/><G113/><T117/><D117/><U106/><E106/><V125/><F79/><W90/><G129/><T35/><D35/><U12/><E100/><V27/><REACH who="2" step="1"/><F65/><REACH who="2" ten="250,250,240,250" step="2"/><W81/><G67/><T14/><D130/><U21/><E71/><V55/><F55/><W29/><G78/><T28/><D77/><U39/><E70/><V64/><F64/><W112/><G112/><T17/><D41/><U40/><E72/><V84/><F84/><W31/><G53/><T22/><D108/><U50/><REACH who="1" step="1"/><E82/><REACH who="1" ten="250,240,240,250" step="2"/><V87/><F87/><W18/><G81/><T124/><D74/><U92/><E92/><V118/><F118/><W75/><G95/><T49/><D107/><U10/><E10/><V30/><F30/><W34/><G31/><T45/><D28/><U99/><E99/><V119/><F119/><W57/><G75/><T19/><D105/><U96/><E96/><V114/><F114/><W116/><G116/><T122/><D122/><U44/><E44/><V127/><AGARI ba="0,2" hai="25,27,32,33,60,62,68,69,85,86,125,127,133,134" machi="127" ten="25,6400,0" yaku="1,1,0,1,22,2,53,0" doraHai="16" doraHaiUra="1" who="2" fromWho="2" sc="250,-32,240,-16,240,84,250,-16" /><INIT seed="1,0,0,4,2,101" ten="218,224,324,234" oya="1" hai0="126,53,92,69,80,65,95,89,116,47,48,85,118" hai1="81,117,27,131,73,66,68,21,30,24,41,125,104" hai2="106,84,63,43,11,96,8,122,87,2,12,97,78" hai3="34,1,100,6,44,121,64,72,133,119,45,26,75"/><U70/><E117/><V52/><F122/><W111/><G45/><T62/><REACH who="0" step="1"/><D126/><REACH who="0" ten="208,224,324,234" step="2"/><U79/><E125/><V50/><F2/><W74/><G1/><T124/><D124/><U113/><E113/><V128/><F128/><W38/><G121/><T17/><D17/><U22/><E131/><V86/><F78/><W33/><G6/><T29/><D29/><U130/><E130/><V71/><F8/><W18/><G18/><T10/><D10/><U127/><E127/><V23/><F11/><W57/><G119/><AGARI ba="0,1" hai="47,48,53,62,65,69,80,85,89,92,95,116,118,119" machi="119" ten="40,2600,0" yaku="21,2,53,0" doraHai="101" doraHaiUra="5" who="0" fromWho="3" sc="208,36,224,0,324,0,234,-26" /><INIT seed="2,0,0,1,4,133" ten="244,224,324,208" oya="2" hai0="25,54,124,22,80,17,129,42,110,70,24,111,39" hai1="44,5,76,18,117,59,64,6,78,96,114,48,122" hai2="34,125,60,46,92,105,20,53,16,132,56,127,75" hai3="66,116,81,19,67,45,104,57,33,29,115,85,26"/><V79/><F132/><W93/><G104/><T68/><D129/><U71/><E117/><V3/><F105/><W1/><G1/><T43/><D54/><U32/><E114/><V108/><F34/><W82/><G116/><T35/><D80/><U41/><E71/><V109/><F3/><W99/><G115/><T37/><D22/><U130/><E130/><V40/><F92/><W8/><G45/><T86/><D86/><U113/><E32/><V107/><F107/><W12/><G57/><T31/><D35/><U106/><E122/><V94/><F94/><W98/><G82/><T52/><D17/><U63/><E113/><V55/><F55/><W74/><G74/><T121/><D52/><U47/><E47/><V38/><F79/><W4/><G19/><T120/><D31/><U9/><E18/><V23/><F23/><W0/><G0/><T97/><D97/><U128/><E128/><V36/><F36/><W73/><G73/><T87/><D87/><U61/><E61/><V118/><F75/><W69/><G69/><T13/><D13/><U27/><E27/><N who="2" m="14727" /><F118/><W62/><G62/><T95/><D95/><U50/><E50/><V83/><F83/><W123/><G123/><T77/><D77/><N who="1" m="29803" /><E9/><V28/><F28/><W2/><G2/><T91/><D91/><U65/><E65/><N who="3" m="24586" /><G81/><T7/><D7/><N who="1" m="2571" /><E106/><V131/><F131/><W58/><G58/><T119/><D119/><U101/><E96/><N who="3" m="36906" /><G93/><T103/><D103/><AGARI ba="0,0" hai="41,44,48,59,63,64,101,103" m="2571,29803" machi="103" ten="30,1000,0" yaku="8,1" doraHai="133" who="1" fromWho="0" sc="244,-10,224,10,324,0,208,0" /><INIT seed="3,0,0,4,0,134" ten="234,234,324,208" oya="3" hai0="43,85,41,84,36,57,102,93,127,33,13,56,6" hai1="28,25,47,22,79,129,131,104,82,27,65,100,38" hai2="1,122,117,24,88,37,91,70,121,72,86,53,45" hai3="68,89,90,106,21,95,119,42,0,67,29,128,101"/><W10/><G119/><T118/><D33/><U92/><E104/><V23/><F72/><W116/><G116/><T19/><D6/><U126/><E65/><V4/><F70/><W75/><G75/><T107/><D107/><U30/><E38/><V61/><F117/><W16/><G128/><T5/><D5/><U63/><E63/><V115/><F115/><W124/><G106/><T96/><D36/><U3/><E47/><V103/><F103/><W35/><G42/><N who="0" m="15883" /><D127/><U60/><E126/><V80/><F91/><W66/><G124/><T113/><D113/><U78/><E60/><V44/><F37/><W114/><G114/><T69/><D69/><U49/><E49/><V17/><F4/><N who="3" m="1287" /><G101/><T71/><D71/><U98/><E3/><V125/><F1/><W51/><G51/><T83/><D118/><U111/><E111/><V9/><F9/><W50/><G50/><T132/><D132/><U39/><E39/><V48/><F125/><W12/><G68/><T120/><D120/><N who="2" m="46186" /><F61/><W11/><G11/><N who="0" m="6591" /><D85/><U46/><E46/><AGARI ba="0,0" hai="17,23,24,44,45,46,48,53,80,86,88" m="46186" machi="46" ten="30,2000,0" yaku="13,1,54,1" doraHai="134" who="2" fromWho="1" sc="234,0,234,-20,324,20,208,0" /><INIT seed="4,0,0,2,0,17" ten="234,214,344,208" oya="0" hai0="94,16,79,76,6,52,92,96,99,101,9,124,112" hai1="83,35,102,54,56,8,72,95,15,42,77,86,88" hai2="123,55,75,12,20,57,19,2,67,66,53,46,117" hai3="48,33,119,43,132,32,7,125,74,49,131,130,118"/><T24/><D124/><U135/><E135/><V41/><F123/><W115/><G43/><T3/><D112/><U78/><E35/><N who="3" m="13386" /><G7/><T27/><D27/><U26/><E26/><V61/><F117/><N who="3" m="44555" /><G74/><T39/><D39/><U128/><E128/><N who="3" m="49194" /><G132/><T30/><D30/><U120/><E120/><V71/><F75/><W89/><G89/><T134/><D134/><U93/><E42/><V10/><F71/><W23/><G125/><T34/><D34/><U121/><E121/><V51/><F2/><W28/><G115/><T108/><D108/><U64/><E64/><V129/><F129/><W18/><G28/><T116/><D116/><U1/><E1/><V127/><F127/><W103/><G103/><T4/><D4/><N who="1" m="3463" /><E72/><V0/><F0/><W100/><G100/><T90/><REACH who="0" step="1"/><D52/><REACH who="0" ten="224,214,344,208" step="2"/><N who="2" m="20042" /><F67/><W84/><G84/><T107/><D107/><U109/><E109/><V58/><F58/><W68/><G68/><T40/><D40/><U87/><E87/><V82/><F66/><W70/><G70/><T91/><D91/><U47/><E56/><V5/><F57/><W81/><G81/><T133/><D133/><U21/><E83/><V45/><F45/><W106/><G106/><T14/><D14/><AGARI ba="0,1" hai="14,18,23,48,49" m="49194,44555,13386" machi="14" ten="40,2600,0" yaku="19,1,52,1" doraHai="17" who="3" fromWho="0" sc="224,-26,214,0,344,0,208,36" /><INIT seed="5,0,0,5,5,63" ten="198,214,344,244" oya="1" hai0="29,124,31,92,51,85,12,104,56,120,97,60,15" hai1="19,1,47,117,34,102,110,96,133,72,89,45,86" hai2="76,127,49,69,37,7,73,106,74,84,129,50,79" hai3="44,42,54,55,99,36,26,46,119,5,108,10,75"/><U131/><E117/><V6/><F37/><W88/><G108/><T41/><D124/><U66/><E72/><V109/><F106/><W30/><G75/><T95/><D104/><U65/><E110/><V17/><F109/><W122/><G122/><T78/><D120/><U33/><E1/><V114/><F69/><W77/><G77/><T27/><D41/><U87/><E131/><V82/><F129/><W13/><G46/><N who="1" m="17418" /><E34/><V134/><F134/><W94/><REACH who="3" step="1"/><G119/><REACH who="3" ten="198,214,344,234" step="2"/><T57/><D51/><U23/><E133/><V113/><F127/><W90/><G90/><T61/><D78/><U128/><E128/><V9/><F49/><W48/><G48/><T100/><D100/><U115/><E115/><N who="2" m="44043" /><F50/><W121/><G121/><T135/><D135/><U67/><E102/><V21/><F79/><W103/><G103/><T70/><D70/><U64/><N who="1" m="16384" /><DORA hai="98" /><U59/><E59/><V43/><F43/><W123/><G123/><T25/><REACH who="0" step="1"/><D97/><REACH who="0" ten="188,214,344,234" step="2"/><U20/><E96/><V24/><F73/><W38/><G38/><T58/><D58/><U81/><E87/><AGARI ba="0,2" hai="12,15,25,27,29,31,56,57,60,61,85,87,92,95" machi="87" ten="25,6400,0" yaku="1,1,22,2,8,1,53,0" doraHai="63,98" doraHaiUra="132,118" who="0" fromWho="1" sc="188,84,214,-64,344,0,234,0" /><INIT seed="6,0,0,5,3,25" ten="272,150,344,234" oya="2" hai0="51,8,97,7,43,19,30,5,102,124,3,134,39" hai1="13,82,81,62,35,2,130,100,126,45,47,44,125" hai2="112,60,37,132,114,4,15,68,86,118,89,76,116" hai3="84,106,11,67,72,95,36,40,10,63,52,61,94"/><V85/><F37/><W18/><G72/><T75/><D134/><U49/><E2/><V6/><F76/><W0/><G106/><T103/><D124/><U107/><E130/><V58/><F68/><W24/><G36/><T14/><D75/><U12/><E35/><V73/><F73/><W91/><G40/><T33/><D39/><U113/><E113/><N who="2" m="43627" /><F132/><W129/><G129/><T59/><D3/><U83/><E49/><V31/><F31/><W119/><G119/><N who="2" m="45609" /><F15/><W101/><G0/><T128/><D128/><U69/><E69/><V17/><F17/><W123/><G18/><T27/><D103/><U48/><E48/><V98/><F98/><W22/><G101/><T64/><D97/><U41/><E41/><V117/><F86/><W50/><G84/><T53/><D102/><U20/><E62/><V34/><F34/><W65/><G63/><T121/><D43/><U108/><E100/><V74/><F74/><W66/><G61/><T16/><D19/><U87/><E87/><V93/><F117/><W105/><G91/><T57/><D16/><U90/><E90/><V42/><F42/><W120/><G105/><T78/><D14/><N who="1" m="5739" /><E107/><V80/><F80/><W111/><G10/><T88/><D8/><U29/><E29/><V1/><F1/><W127/><G11/><T79/><D88/><U32/><E32/><V46/><F46/><W55/><G50/><T99/><D99/><U28/><E28/><V133/><F133/><W77/><G77/><T21/><D33/><U135/><E135/><V96/><F89/><W104/><G104/><T9/><D51/><RYUUKYOKU ba="0,0" sc="272,0,150,0,344,0,234,0" /><INIT seed="7,1,0,5,4,11" ten="272,150,344,234" oya="3" hai0="131,132,119,134,64,69,133,85,86,84,17,33,22" hai1="63,78,105,54,112,62,19,55,29,56,21,91,130" hai2="102,6,45,23,49,31,40,82,52,47,96,26,35" hai3="15,75,124,107,58,34,66,97,3,70,39,128,100"/><W80/><G58/><T121/><D121/><U32/><E130/><V1/><F82/><W24/><G3/><T44/><D119/><U90/><E112/><V89/><F89/><W68/><G68/><T51/><D33/><U28/><E105/><V111/><F111/><W98/><G98/><T42/><D131/><U38/><E38/><V125/><F125/><W10/><G39/><T93/><D64/><U12/><E78/><V16/><F1/><W43/><G43/><T8/><D8/><U114/><E114/><V36/><F6/><W4/><G124/><T81/><D93/><U53/><E32/><V87/><F87/><W77/><G128/><T88/><D69/><U113/><E113/><V120/><F120/><W72/><G80/><T5/><D5/><U48/><E63/><V13/><F102/><W127/><G77/><T60/><D60/><U109/><E109/><V99/><AGARI ba="1,0" hai="13,16,23,26,31,35,36,40,45,47,49,52,96,99" machi="99" ten="30,7900,0" yaku="0,1,52,1,54,2" doraHai="11" who="2" fromWho="2" sc="272,-21,150,-21,344,82,234,-40" owari="251,5.0,129,-37.0,426,53.0,194,-21.0" /></mjloggm>