<mjloggm ver="2.3"><GO type="169" lobby="0"/><UN n0="%E3%82%B7%E3%83%A5%E3%83%9E%E3%82%A4%E3%82%B1%E3%83%AB" n1="%E3%82%A6%E3%83%AB%E3%83%88%E3%83%A9%E7%AB%8B%E7%9B%B4" n2="%E6%BC%A3%E5%A4%8F" n3="%4F%4D%41%4E%54%41" dan="18,18,17,17" rate="2182.21,2236.27,2161.10,2260.27" sx="M,M,M,M"/><TAIKYOKU oya="0"/><INIT seed="0,0,0,1,2,36" ten="250,250,250,250" oya="0" hai0="133,53,90,39,8,21,78,24,112,122,113,94,44" hai1="57,10,124,43,59,28,48,60,81,62,84,110,40" hai2="92,106,17,95,70,51,125,97,27,115,77,96,13" hai3="108,87,66,75,41,63,76,85,69,93,80,117,12"/><T55/><D122/><U4/><E28/><V9/><F70/><W2/><G117/><T65/><D133/><U61/><E110/><V101/><F125/><W22/><G2/><T58/><D78/><U20/><E20/><V47/><F77/><W15/><G108/><T116/><D116/><U34/><E34/><V64/><F64/><W11/><G41/><N who="1" m="15946" /><E124/><V130/><F130/><W16/><REACH who="3" step="1"/><G93/><REACH who="3" ten="250,250,250,240" step="2"/><T98/><D112/><U123/><E123/><V74/><F95/><W104/><G104/><T135/><D135/><U42/><E42/><V54/><F115/><W111/><G111/><T31/><D113/><U7/><E48/><V86/><F92/><W88/><G88/><T46/><D39/><U19/><E59/><V0/><F51/><W121/><G121/><T118/><D118/><U14/><E57/><V114/><F114/><W25/><G25/><T32/><D90/><AGARI ba="0,1" hai="4,7,10,14,19,60,61,62,81,84,90" m="15946" machi="90" ten="30,7700,0" yaku="8,1,52,3" doraHai="36" who="1" fromWho="0" sc="250,-77,250,87,250,0,240,0" /><INIT seed="1,0,0,0,5,100" ten="173,337,250,240" oya="1" hai0="120,83,89,25,8,29,20,36,75,21,11,131,92" hai1="121,26,37,31,13,108,86,119,133,85,39,47,99" hai2="102,27,55,123,41,6,40,109,94,126,53,110,3" hai3="49,16,134,9,114,122,51,95,60,32,63,54,44"/><U125/><E119/><V116/><F116/><W56/><G122/><T79/><D131/><U82/><E121/><V124/><F123/><W24/><G114/><T18/><D120/><U129/><E129/><V23/><F94/><W35/><G134/><T68/><D36/><U28/><E133/><V19/><F102/><W65/><G95/><T52/><D68/><U42/><E125/><N who="2" m="48235" /><F6/><W43/><G60/><T117/><D117/><U76/><E108/><N who="2" m="41579" /><F3/><W17/><G9/><T2/><D2/><U1/><E1/><V104/><F104/><W14/><G14/><T45/><D45/><U15/><E99/><V48/><F55/><W71/><REACH who="3" step="1"/><G24/><REACH who="3" ten="173,337,250,230" step="2"/><T10/><D10/><U97/><E15/><V101/><F101/><W70/><G70/><T7/><D7/><U127/><E13/><V66/><F66/><W81/><G81/><T91/><D8/><U50/><E127/><V106/><F106/><W90/><G90/><T69/><D11/><U98/><E26/><V132/><F132/><W46/><G46/><AGARI ba="0,1" hai="19,23,27,40,41,46,48,53" m="41579,48235" machi="46" ten="30,2000,0" yaku="18,1,14,1" doraHai="100" who="2" fromWho="3" sc="173,0,337,0,250,30,230,-20" /><INIT seed="2,0,0,0,1,65" ten="173,337,280,210" oya="2" hai0="50,71,61,100,124,85,116,53,75,58,3,87,114" hai1="113,84,22,96,109,28,134,94,91,44,119,132,2" hai2="40,14,19,97,111,45,79,41,13,73,76,38,39" hai3="1,29,118,70,120,15,88,77,4,24,125,64,74"/><V135/><F135/><W54/><G118/><T117/><D75/><U48/><E2/><V72/><F97/><W49/><G120/><T34/><D114/><U83/><E113/><V78/><F111/><W133/><G1/><T112/><D3/><U42/><E119/><N who="0" m="45641" /><D34/><U63/><E109/><V67/><F67/><W52/><G133/><N who="1" m="51306" /><E63/><V18/><F78/><W36/><G36/><T123/><D112/><U56/><E56/><V27/><F27/><W102/><G102/><T57/><D123/><U7/><E7/><V62/><F62/><W82/><G125/><T46/><D124/><U11/><E11/><V92/><F92/><W131/><G131/><T101/><D71/><U106/><E106/><V90/><F45/><W68/><G64/><N who="0" m="38967" /><D57/><U81/><E96/><V0/><F0/><W122/><G122/><T115/><D115/><U127/><E127/><V23/><F23/><W6/><G68/><T55/><D53/><U121/><E121/><V51/><F51/><W10/><G70/><T33/><D33/><U93/><E83/><V66/><F66/><W25/><G49/><T17/><D17/><U80/><E81/><V86/><F39/><W26/><G4/><T31/><D31/><U37/><E37/><V107/><F38/><W89/><REACH who="3" step="1"/><G29/><REACH who="3" ten="173,337,280,200" step="2"/><T32/><D32/><U129/><E129/><V98/><F72/><W69/><G69/><T104/><D101/><U60/><E60/><V35/><F73/><W103/><G103/><T126/><D126/><U16/><E28/><V8/><F8/><W5/><G5/><T105/><D100/><U95/><E16/><RYUUKYOKU ba="0,1" sc="173,10,337,10,280,-30,200,10" hai0="46,50,55,85,87,104,105" hai1="22,42,44,48,80,84,91,93,94,95" hai3="6,10,15,24,25,26,52,54,74,77,82,88,89" /><INIT seed="3,1,1,0,1,0" ten="183,347,250,210" oya="3" hai0="37,81,130,19,85,45,76,117,14,98,5,25,53" hai1="41,121,58,80,42,92,112,21,107,49,3,7,60" hai2="43,122,102,73,105,34,26,134,106,127,133,70,79" hai3="2,36,33,131,62,109,55,114,44,12,40,29,120"/><W68/><G2/><T54/><D130/><U89/><E107/><V84/><F70/><W27/><G114/><T11/><D117/><U52/><E121/><V82/><F43/><W13/><G120/><T16/><D98/><U100/><E112/><V32/><F122/><W38/><G131/><T128/><D128/><U101/><E80/><N who="2" m="45167" /><F26/><W1/><G1/><T115/><D115/><U22/><E7/><V124/><F32/><W125/><G125/><N who="2" m="48201" /><F34/><W91/><G38/><T4/><D25/><U129/><E3/><V103/><F105/><W77/><G77/><T123/><D123/><U17/><E22/><V104/><F104/><W30/><G30/><T97/><D97/><N who="1" m="57487" /><E129/><V59/><F59/><W113/><G113/><T69/><D69/><U48/><E42/><V86/><F86/><W63/><G68/><T18/><REACH who="0" step="1"/><D4/><REACH who="0" ten="173,347,250,210" step="2"/><U61/><E101/><N who="2" m="38411" /><F106/><W8/><G27/><T35/><D35/><U108/><E100/><V74/><F74/><W31/><G33/><T71/><D71/><U57/><E17/><V15/><F15/><W118/><G13/><T24/><D24/><U132/><E61/><V47/><F47/><W9/><G62/><T28/><D28/><U96/><E60/><V90/><AGARI ba="1,2" hai="82,84,90,133,134" m="38411,48201,45167" machi="90" ten="30,4000,0" yaku="18,1,34,2" doraHai="0" who="2" fromWho="2" sc="173,-11,347,-11,250,63,210,-21" /><INIT seed="4,0,0,0,2,126" ten="162,336,313,189" oya="0" hai0="41,49,62,11,29,24,98,33,71,26,105,119,127" hai1="120,2,131,104,111,79,94,102,132,56,35,39,61" hai2="16,129,108,34,86,12,101,78,85,42,54,135,84" hai3="53,25,8,99,124,50,67,18,9,88,133,109,117"/><T66/><D119/><U92/><E79/><V52/><F108/><W36/><G109/><T97/><D127/><U70/><E56/><V83/><F34/><W100/><G124/><T73/><D73/><U122/><E61/><V7/><F135/><W113/><G117/><T103/><D97/><U96/><E94/><V121/><F121/><W57/><G36/><T95/><D26/><U130/><E70/><V128/><F7/><W43/><G133/><T91/><D11/><U80/><E35/><V20/><F42/><W19/><G43/><T58/><D58/><U63/><E63/><V47/><F101/><W32/><G113/><T21/><D21/><U48/><E48/><N who="2" m="28703" /><F54/><W6/><G67/><T4/><D4/><U116/><E39/><V45/><F45/><W115/><G115/><T112/><D112/><U15/><E2/><V87/><N who="2" m="21504" /><DORA hai="123" /><V77/><F83/><W27/><G32/><T72/><D72/><U22/><E80/><V1/><F1/><W55/><G100/><T74/><D74/><U65/><E116/><V68/><F68/><W5/><G99/><N who="0" m="57855" /><D41/><U90/><E111/><V14/><F14/><W75/><G75/><T114/><D114/><U89/><E132/><V134/><F134/><W3/><G3/><T13/><D13/><U17/><E65/><V38/><F38/><W44/><G57/><T30/><D49/><U37/><E37/><V110/><F110/><W125/><G125/><T69/><D69/><U106/><E122/><V23/><F23/><W10/><G50/><T118/><D118/><U51/><E120/><V64/><F64/><RYUUKYOKU ba="0,0" sc="162,15,336,-15,313,15,189,-15" hai0="24,29,30,33,62,66,71,98,103,105" hai2="12,16,20,77,78,128,129" /><INIT seed="4,1,0,3,4,52" ten="177,321,328,174" oya="0" hai0="97,9,24,91,96,0,134,23,103,121,3,129,41" hai1="47,133,10,75,27,101,74,19,25,135,66,5,4" hai2="85,107,130,78,127,88,54,31,71,37,56,76,13" hai3="11,30,53,46,60,87,49,77,32,102,63,114,105"/><T16/><D121/><U124/><E101/><V113/><F71/><W128/><G114/><T22/><D134/><U92/><E92/><V122/><F37/><W45/><G128/><T93/><D129/><U36/><E66/><V48/><F122/><W21/><G32/><T83/><D41/><U94/><E94/><V14/><F107/><W2/><G46/><T8/><D0/><U79/><E124/><V111/><F111/><W104/><G30/><T44/><D44/><U98/><E98/><V84/><F31/><W68/><G21/><T70/><D70/><U131/><E131/><V132/><F132/><W106/><G102/><T20/><D83/><N who="1" m="45559" /><E5/><V118/><F113/><W61/><G68/><T109/><D109/><U28/><E19/><V58/><F118/><W67/><G67/><T42/><D42/><N who="1" m="22983" /><E75/><V57/><F130/><W89/><G77/><N who="2" m="29801" /><F127/><W100/><G100/><T7/><REACH who="0" step="1"/><D9/><REACH who="0" ten="167,321,328,174" step="2"/><U17/><E135/><V35/><F35/><W80/><G2/><T6/><D6/><U12/><E133/><V18/><F85/><W73/><G11/><T116/><D116/><U55/><E4/><V62/><F62/><W15/><G73/><T59/><D59/><N who="2" m="22602" /><F18/><W82/><G61/><T108/><D108/><U125/><E125/><V112/><F112/><W117/><G117/><T120/><D120/><U110/><E110/><V34/><F34/><W81/><G60/><T29/><D29/><U69/><E69/><V33/><F33/><W39/><G63/><T119/><D119/><U1/><E28/><V65/><F65/><W51/><G39/><T99/><D99/><RYUUKYOKU ba="1,1" sc="167,15,321,-15,328,15,174,-15" hai0="3,7,8,16,20,22,23,24,91,93,96,97,103" hai2="13,14,48,54,58,84,88" /><INIT seed="4,2,1,1,2,32" ten="182,306,343,159" oya="0" hai0="46,13,59,5,58,89,85,43,26,6,96,115,55" hai1="123,116,29,15,69,36,40,28,97,22,114,34,104" hai2="83,16,93,25,67,3,102,91,135,118,47,110,19" hai3="109,48,52,39,119,17,65,112,53,35,95,64,81"/><T111/><D115/><U100/><E22/><V121/><F110/><W128/><G35/><T4/><D111/><U108/><E15/><V70/><F121/><W7/><G109/><T11/><D96/><U31/><E108/><V38/><F135/><W92/><G119/><T33/><D33/><U80/><E80/><V106/><F106/><W62/><G39/><T57/><D26/><N who="1" m="18711" /><E116/><V20/><F3/><W1/><G112/><T51/><REACH who="0" step="1"/><D43/><REACH who="0" ten="172,306,343,159" step="2"/><U30/><E114/><V10/><F25/><W42/><G42/><T90/><D90/><U131/><E123/><V78/><F91/><W61/><G128/><T101/><D101/><U60/><E131/><V73/><F102/><W8/><G92/><AGARI ba="2,2" hai="4,5,6,11,13,46,51,55,57,58,59,85,89,92" machi="92" ten="40,3900,0" yaku="1,1,8,1,53,0" doraHai="32" doraHaiUra="127" who="0" fromWho="3" sc="172,65,306,0,343,0,159,-45" /><INIT seed="4,3,0,1,4,108" ten="237,306,343,114" oya="0" hai0="107,84,1,38,78,4,117,14,68,118,106,62,120" hai1="22,105,5,115,96,20,25,93,124,92,39,53,36" hai2="130,12,64,13,113,26,65,43,89,123,102,111,125" hai3="66,48,77,52,83,87,10,34,54,114,18,98,132"/><T59/><D38/><U82/><E105/><V61/><F123/><W133/><G34/><T70/><D1/><U29/><E5/><V94/><F111/><W27/><G66/><T91/><D120/><U126/><E82/><V75/><F75/><W58/><G114/><T6/><D78/><U85/><E115/><V51/><F113/><W41/><G41/><T110/><D110/><U40/><E40/><V0/><F0/><W76/><G76/><T16/><D106/><U67/><E67/><V71/><F102/><W28/><G98/><T3/><D107/><U81/><E53/><V99/><F130/><W134/><G54/><T47/><D47/><U23/><E29/><V49/><F125/><N who="1" m="48233" /><E25/><V74/><F74/><W45/><G28/><T80/><D3/><U9/><E9/><V103/><F64/><W30/><G30/><T104/><D104/><U129/><E129/><V44/><F49/><W90/><G77/><T33/><D33/><U35/><E35/><V31/><F103/><W116/><G116/><T46/><D117/><U42/><E42/><V127/><F127/><W60/><G27/><T56/><D118/><U72/><E72/><V37/><F37/><N who="1" m="14409" /><E96/><V50/><F50/><W32/><G32/><AGARI ba="3,0" hai="12,13,26,31,32,43,44,51,61,65,71,89,94,99" machi="32" ten="30,1000,0" yaku="7,1" doraHai="108" who="2" fromWho="3" sc="237,0,306,0,343,19,114,-19" /><INIT seed="5,0,0,0,2,87" ten="237,306,362,95" oya="1" hai0="0,101,52,94,51,105,97,21,58,11,45,59,27" hai1="120,67,24,100,83,93,7,29,60,102,54,115,5" hai2="15,117,134,79,2,46,56,36,96,68,109,20,86" hai3="110,119,10,91,74,22,112,106,98,108,122,3,31"/><U40/><E115/><V26/><F2/><W69/><G22/><T43/><D105/><U61/><E40/><V95/><F68/><W57/><G57/><T107/><D107/><U34/><E120/><V16/><F117/><W123/><G31/><T127/><D127/><U126/><E126/><V23/><F134/><W130/><G10/><T35/><D35/><U48/><E83/><V84/><F109/><W65/><G65/><T12/><D0/><U41/><E41/><V75/><F36/><W30/><G30/><T17/><REACH who="0" step="1"/><D43/><REACH who="0" ten="227,306,362,95" step="2"/><U81/><E34/><V90/><F46/><W28/><G119/><T129/><D129/><U55/><E67/><V116/><F116/><W70/><G130/><T14/><D14/><U72/><E55/><V44/><F44/><W92/><G3/><T63/><D63/><U66/><E60/><V32/><F32/><W50/><G106/><T125/><D125/><U121/><E61/><V53/><F53/><W89/><G108/><T103/><D103/><U78/><E66/><V82/><F56/><W38/><G110/><T9/><D9/><U37/><E102/><V1/><F1/><W135/><G122/><T99/><D99/><U19/><E121/><V71/><F71/><W104/><G70/><T133/><D133/><U49/><E100/><V33/><F33/><W8/><G69/><T131/><D131/><U77/><E54/><V128/><F128/><W80/><G135/><T64/><D64/><U73/><E24/><V42/><F42/><W132/><G123/><T124/><D124/><U76/><E37/><V85/><F26/><RYUUKYOKU ba="0,1" sc="227,15,306,-15,362,15,95,-15" hai0="11,12,17,21,27,45,51,52,58,59,94,97,101" hai2="15,16,20,23,75,79,82,84,85,86,90,95,96" /><INIT seed="6,1,1,5,1,32" ten="242,291,377,80" oya="2" hai0="6,104,127,49,120,122,30,107,10,8,81,98,106" hai1="86,21,16,0,36,45,125,75,118,1,40,13,112" hai2="85,89,61,95,27,70,64,19,22,50,68,116,105" hai3="3,76,114,42,25,111,54,52,65,97,88,46,108"/><V99/><F116/><W67/><G76/><T11/><D127/><U102/><E75/><V110/><F110/><W35/><G35/><T69/><D69/><U109/><E109/><V93/><F105/><W2/><G25/><T5/><D30/><U29/><E118/><V77/><F50/><W78/><G78/><T83/><D49/><U33/><E102/><V37/><F37/><W48/><G114/><T79/><D98/><U94/><E112/><V60/><F77/><W43/><G48/><T57/><D57/><U28/><E125/><V119/><F119/><W74/><G97/><T59/><D59/><U126/><E126/><V62/><F68/><W15/><G15/><T124/><D79/><U87/><E87/><V73/><REACH who="2" step="1"/><F73/><REACH who="2" ten="242,291,367,80" step="2"/><W132/><G74/><T135/><D124/><U131/><E36/><V58/><F58/><W47/><G132/><T82/><REACH who="0" step="1"/><D135/><REACH who="0" ten="232,291,367,80" step="2"/><U115/><E115/><V14/><F14/><W113/><G113/><T12/><D12/><U84/><E13/><V128/><F128/><W38/><G38/><T4/><AGARI ba="1,3" hai="4,5,6,8,10,11,81,82,83,104,106,107,120,122" machi="4" ten="50,32000,5" yakuman="40" doraHai="32" doraHaiUra="117" who="0" fromWho="0" sc="232,353,291,-81,367,-161,80,-81" owari="585,68.0,210,1.0,206,-19.0,-1,-50.0" /></mjloggm>