<mjloggm ver="2.3"><GO type="169" lobby="0"/><UN n0="%E3%82%A6%E3%83%AB%E3%83%88%E3%83%A9%E7%AB%8B%E7%9B%B4" n1="%40%72%61%6E%70%61%72%74" n2="%E9%BB%84%E9%BE%8D%E5%85%84%E8%B2%B4" n3="%52%61%69%61%6E%2E" dan="19,16,16,16" rate="2306.70,2171.64,2128.08,2066.06" sx="M,M,M,M"/><TAIKYOKU oya="0"/><INIT seed="0,0,0,1,3,54" ten="250,250,250,250" oya="0" hai0="110,84,107,36,55,40,11,123,26,47,51,2,20" hai1="95,133,113,16,68,64,66,96,59,112,77,48,117" hai2="7,89,46,23,118,106,135,130,94,43,128,83,129" hai3="72,79,41,33,0,32,122,104,45,8,119,29,97"/><T27/><D107/><U6/><E117/><V80/><F106/><W101/><G122/><T30/><D123/><U13/><E6/><V75/><F118/><W115/><G29/><T127/><D127/><U14/><E14/><V108/><F108/><W10/><G10/><T62/><D110/><U3/><E3/><V12/><F135/><W78/><G78/><T88/><D62/><U134/><E77/><V131/><F75/><W81/><G115/><N who="1" m="44106" /><E68/><V76/><F76/><W109/><G109/><T70/><D70/><U53/><E66/><V35/><F35/><W111/><G111/><T82/><D26/><U98/><E64/><V25/><F12/><W125/><G125/><T4/><REACH who="0" step="1"/><D55/><REACH who="0" ten="240,250,250,250" step="2"/><U38/><E134/><V63/><F63/><W31/><G119/><T102/><D102/><N who="1" m="60703" /><E133/><V1/><F128/><W99/><G104/><T67/><D67/><U86/><E38/><AGARI ba="0,1" hai="2,4,11,20,27,30,36,38,40,47,51,82,84,88" machi="38" ten="40,7700,0" yaku="1,1,54,1,53,1" doraHai="54" doraHaiUra="87" who="0" fromWho="1" sc="240,87,250,-77,250,0,250,0" /><INIT seed="0,1,0,4,0,0" ten="327,173,250,250" oya="0" hai0="106,132,76,125,105,55,22,54,41,82,44,81,85" hai1="100,97,74,79,124,127,83,57,15,75,78,45,128" hai2="115,8,29,32,88,19,93,68,24,122,51,111,135" hai3="94,33,64,61,110,109,42,89,37,86,52,23,60"/><T117/><D117/><U21/><E45/><V131/><F68/><W9/><G33/><T50/><D125/><N who="1" m="48203" /><E57/><V107/><F107/><W5/><G23/><T17/><D132/><U123/><E21/><V87/><F135/><W58/><G37/><T18/><D18/><U13/><E13/><V10/><F122/><W99/><G99/><T63/><BYE who="3" /><D63/><UN n3="%52%61%69%61%6E%2E" /><U2/><E2/><V35/><F35/><W31/><G42/><T12/><D55/><U70/><E15/><V95/><F19/><W66/><G31/><T6/><D6/><U102/><E70/><V129/><F51/><W84/><G84/><T39/><REACH who="0" step="1"/><D82/><REACH who="0" ten="317,173,250,250" step="2"/><N who="1" m="45399" /><E123/><V104/><F29/><W36/><G64/><T20/><D20/><U16/><E16/><V11/><F32/><W46/><G61/><T101/><D101/><N who="1" m="39019" /><E97/><V126/><F126/><W26/><G66/><T113/><D113/><U71/><E71/><V96/><F115/><W48/><G60/><T47/><AGARI ba="1,1" hai="12,17,22,39,41,44,47,50,54,76,81,85,105,106" machi="47" ten="20,3900,0" yaku="1,1,0,1,7,1,53,0" doraHai="0" doraHaiUra="1" who="0" fromWho="0" sc="317,52,173,-14,250,-14,250,-14" /><INIT seed="0,2,0,2,4,130" ten="369,159,236,236" oya="0" hai0="110,134,128,108,124,82,91,88,76,99,129,30,43" hai1="77,36,7,27,48,13,84,97,49,39,24,112,5" hai2="2,57,32,17,105,126,31,75,25,125,60,102,85" hai3="19,0,61,74,93,101,106,22,51,11,9,56,46"/><T107/><D43/><U23/><E112/><V104/><F75/><W78/><G106/><T41/><D41/><U16/><E39/><V94/><F2/><W120/><G120/><T54/><D124/><N who="2" m="47722" /><F17/><W21/><G74/><N who="0" m="43287" /><D54/><U37/><E37/><V127/><F127/><W133/><G78/><T92/><D30/><U58/><E36/><V62/><F62/><W64/><G0/><T96/><D134/><U29/><E97/><N who="2" m="59703" /><F85/><W117/><G133/><T100/><D91/><U47/><E58/><V45/><F45/><W14/><G9/><T40/><D40/><U89/><E77/><V131/><F131/><AGARI ba="2,0" hai="88,92,96,99,100,107,108,110,128,129,131" m="43287" machi="131" ten="30,11600,0" yaku="19,1,34,2,54,1" doraHai="130" who="0" fromWho="2" sc="369,122,159,0,236,-122,236,0" /><INIT seed="0,3,0,2,1,84" ten="491,159,114,236" oya="0" hai0="111,130,107,124,32,13,16,97,73,25,95,104,18" hai1="71,24,102,76,0,35,27,67,134,85,90,39,83" hai2="53,96,87,34,132,10,58,123,68,81,40,47,121" hai3="75,69,115,36,26,30,4,122,120,5,78,22,127"/><T110/><D73/><U105/><E39/><V54/><F34/><W37/><G69/><T88/><D130/><U108/><E0/><V31/><F68/><W14/><G78/><T23/><D124/><U51/><E108/><N who="0" m="41513" /><D32/><U41/><E134/><V57/><F31/><W56/><G75/><T55/><D55/><U70/><E70/><V49/><F132/><W126/><G56/><T129/><D129/><U7/><E7/><N who="3" m="2634" /><G37/><T9/><AGARI ba="3,0" hai="9,13,16,18,23,25,88,95,97,104,107" m="41513" machi="9" ten="30,12000,1" yaku="14,1,10,1,52,1,54,2" doraHai="84" who="0" fromWho="0" sc="491,129,159,-43,114,-43,236,-43" /><INIT seed="0,4,0,1,1,84" ten="620,116,71,193" oya="0" hai0="66,59,52,124,93,68,103,117,55,5,42,123,76" hai1="127,65,69,101,9,24,8,43,108,48,104,134,32" hai2="70,90,13,28,130,111,110,11,49,30,16,120,107" hai3="60,85,74,27,119,4,33,21,7,6,44,95,31"/><T102/><D117/><U126/><E108/><V109/><F120/><W64/><G119/><T61/><D123/><U99/><E134/><V29/><F70/><W92/><G74/><T125/><D76/><U100/><E43/><V121/><F121/><W98/><G44/><T122/><D122/><U50/><E101/><V132/><F107/><W83/><G33/><T58/><D5/><U47/><E50/><V87/><F132/><W67/><G67/><BYE who="3" /><UN n3="%52%61%69%61%6E%2E" /><T112/><D112/><U94/><E94/><V15/><F130/><W54/><G54/><N who="0" m="20523" /><D102/><U2/><E48/><V105/><F49/><W12/><G12/><T81/><D81/><U56/><E56/><N who="0" m="21545" /><D93/><U62/><E47/><V14/><F105/><W116/><G98/><T37/><D103/><U22/><E22/><V75/><F75/><W79/><G79/><T115/><BYE who="3" /><D115/><U77/><E77/><V86/><F86/><W0/><G0/><T1/><D1/><U131/><E131/><V89/><F89/><W82/><G82/><AGARI ba="4,0" hai="11,13,14,15,16,28,29,30,82,87,90,109,110,111" machi="82" ten="50,6400,0" yaku="14,1,52,1,54,1" doraHai="84" who="2" fromWho="3" sc="620,0,116,0,71,76,193,-76" /><INIT seed="1,0,0,4,4,101" ten="620,116,147,117" oya="1" hai0="42,120,2,93,122,12,133,97,8,100,107,134,129" hai1="135,55,18,121,111,106,71,33,50,127,49,110,43" hai2="38,54,124,39,68,84,114,92,80,75,103,85,81" hai3="35,34,27,9,119,10,24,7,130,5,91,66,115"/><U104/><E121/><N who="0" m="46697" /><D2/><U0/><E71/><V4/><F68/><W56/><G56/><T70/><D70/><U16/><E33/><V30/><F75/><W123/><G123/><T20/><D129/><U41/><E0/><V48/><F39/><W52/><G52/><T25/><D42/><U22/><E135/><UN n3="%52%61%69%61%6E%2E" /><V23/><F38/><W28/><G91/><T74/><D74/><U36/><E36/><V69/><F69/><W59/><G59/><T76/><D76/><U40/><E127/><V86/><F4/><N who="3" m="1611" /><G66/><T3/><D3/><U61/><E61/><V125/><F114/><W47/><G47/><T13/><D93/><U19/><E22/><V32/><F32/><N who="3" m="12331" /><G115/><T65/><D65/><U17/><N who="1" m="4096" /><DORA hai="53" /><U112/><E112/><V21/><F124/><W99/><G99/><T57/><D57/><U132/><E132/><V98/><F125/><W31/><G119/><T63/><D63/><U46/><REACH who="1" step="1"/><E49/><REACH who="1" ten="620,106,147,117" step="2"/><V64/><F64/><W116/><G116/><T95/><D134/><U78/><E78/><V128/><F48/><W37/><G37/><T44/><D133/><U11/><E11/><N who="3" m="4106" /><G130/><T126/><D126/><U51/><E51/><V14/><F128/><W58/><G58/><T79/><D79/><U102/><E102/><V72/><F103/><W45/><G45/><T117/><D44/><U77/><E77/><V67/><F67/><W118/><G118/><T87/><D117/><U26/><E26/><AGARI ba="0,1" hai="24,26,27,28,31" m="4106,12331,1611" machi="26" ten="30,12000,2" yaku="28,2,35,5" doraHai="101,53" who="3" fromWho="1" sc="620,0,106,-120,147,0,117,130" owari="620,71.0,-14,-51.0,147,-25.0,247,5.0" /></mjloggm>