<mjloggm ver="2.3"><GO type="169" lobby="0"/><UN n0="%E3%83%88%E3%83%88%E3%83%AA%E5%85%88%E7%94%9F%31%39%E6%AD%B3" n1="%E4%B8%AD%E6%9D%91%E8%B1%AA%EF%BC%A0" n2="%E3%81%93%E3%81%91%E3%81%97" n3="%E3%88%B2%E5%A4%A7%E5%8D%9A%E6%89%93" dan="19,17,17,16" rate="2277.01,2197.45,2242.29,2210.81" sx="F,M,M,M"/><TAIKYOKU oya="0"/><INIT seed="0,0,0,4,5,120" ten="250,250,250,250" oya="0" hai0="40,3,15,34,108,76,110,32,46,75,134,131,130" hai1="26,44,54,65,27,97,63,88,71,61,55,16,56" hai2="66,67,25,83,80,6,53,35,48,17,36,64,77" hai3="89,101,9,5,116,60,132,58,107,128,93,1,111"/><T8/><D134/><U102/><E44/><V95/><F36/><W10/><G116/><T24/><D76/><U86/><E55/><V41/><F41/><W68/><G68/><T112/><D75/><U99/><E99/><V59/><F6/><W31/><G128/><N who="0" m="49195" /><D112/><U125/><E125/><V20/><F35/><N who="0" m="13354" /><D24/><U114/><E114/><V104/><F104/><W84/><G132/><T38/><D15/><U4/><E4/><AGARI ba="0,0" hai="3,4,8,38,40,46,108,110" m="13354,49195" machi="4" ten="40,12000,1" yaku="19,1,23,1,52,2" doraHai="120" who="0" fromWho="1" sc="250,120,250,-120,250,0,250,0" /><INIT seed="0,1,0,3,0,64" ten="370,130,250,250" oya="0" hai0="102,126,70,101,25,115,123,3,97,128,92,69,79" hai1="58,86,72,110,106,23,124,0,9,4,118,65,52" hai2="46,7,24,81,121,56,68,5,95,33,40,96,116" hai3="45,12,133,100,1,129,131,84,27,135,16,117,94"/><T53/><D115/><U19/><E72/><V15/><F121/><W91/><G117/><T10/><D123/><U80/><E106/><V59/><F116/><W71/><G1/><T35/><D128/><N who="3" m="49225" /><G27/><T44/><D126/><U103/><E103/><V113/><F113/><W30/><G30/><T112/><D112/><U89/><E110/><V77/><F68/><W132/><G45/><T85/><D102/><U127/><E65/><V26/><F33/><W14/><G12/><T51/><D79/><U98/><E98/><V28/><F15/><W48/><G48/><T34/><D85/><U87/><E87/><V108/><F108/><W104/><G71/><T38/><D35/><U43/><E43/><V76/><F46/><W13/><G13/><T83/><D83/><U90/><E118/><V93/><F28/><W130/><G130/><T55/><D38/><U47/><E47/><V134/><F40/><W63/><G63/><T42/><D55/><U67/><E67/><V22/><F81/><W41/><G41/><T75/><D75/><U29/><E29/><V73/><F73/><W99/><G135/><T11/><D25/><U74/><E74/><V17/><F134/><W6/><G6/><N who="2" m="2057" /><F26/><W61/><G61/><T109/><D34/><U60/><REACH who="1" step="1"/><E90/><REACH who="1" ten="370,120,250,250" step="2"/><N who="2" m="55351" /><F59/><W125/><G125/><T37/><D109/><U105/><E105/><V114/><F114/><W32/><G32/><T20/><D42/><U107/><E107/><V57/><F56/><W54/><G54/><T2/><D53/><U31/><E31/><V122/><F57/><W39/><G133/><T49/><D44/><RYUUKYOKU ba="1,1" sc="370,-10,120,30,250,-10,250,-10" hai1="0,4,9,19,23,52,58,60,80,86,89,124,127" /><INIT seed="1,2,1,5,1,114" ten="360,150,240,240" oya="1" hai0="121,33,80,131,50,67,28,103,74,21,35,41,77" hai1="46,23,76,134,69,71,115,70,84,72,37,36,55" hai2="43,112,96,29,89,62,7,119,13,90,116,123,18" hai3="54,60,8,38,124,92,39,11,51,85,57,10,105"/><U86/><E115/><V110/><F123/><W87/><G105/><T47/><D121/><U75/><E134/><V125/><F112/><W120/><G120/><T93/><D131/><U17/><E55/><V31/><F110/><W113/><G113/><T129/><D129/><U32/><E32/><V53/><F125/><W99/><G124/><T52/><D67/><U126/><E126/><V26/><F7/><W82/><G60/><T44/><D103/><U20/><E46/><V94/><F43/><W95/><G95/><T59/><D93/><U79/><E70/><V42/><F42/><W48/><G51/><T111/><D111/><U101/><REACH who="1" step="1"/><E17/><REACH who="1" ten="360,140,240,240" step="2"/><V45/><F45/><W100/><G57/><T27/><REACH who="0" step="1"/><D47/><REACH who="0" ten="350,140,240,240" step="2"/><U133/><E133/><V106/><F116/><W14/><G54/><T132/><D132/><U127/><E127/><V25/><F119/><W107/><G107/><T73/><D73/><U40/><E40/><V2/><F106/><W78/><G92/><T81/><D81/><U104/><E104/><V68/><F53/><W108/><G82/><T12/><D12/><U4/><E4/><V135/><F13/><W83/><G83/><T130/><D130/><U15/><E15/><V117/><F135/><W30/><G14/><T24/><D24/><U56/><E56/><V6/><F117/><W128/><G128/><T109/><D109/><U64/><E64/><N who="2" m="40983" /><F25/><W9/><G108/><T102/><D102/><AGARI ba="2,3" hai="20,23,36,37,69,71,72,75,76,79,84,86,101,102" machi="102" ten="25,4800,0" yaku="1,1,22,2,53,0" doraHai="114" doraHaiUra="5" who="1" fromWho="0" sc="350,-54,140,84,240,0,240,0" /><INIT seed="1,3,0,4,0,44" ten="296,224,240,240" oya="1" hai0="79,52,95,21,45,42,13,61,4,31,71,119,38" hai1="50,33,105,43,132,100,121,53,131,10,88,96,16" hai2="62,102,83,2,104,28,1,67,63,135,128,93,34" hai3="68,58,47,85,78,18,126,112,56,25,46,98,80"/><U3/><E121/><V39/><F39/><W125/><G68/><T37/><D119/><U73/><E33/><V41/><F41/><W103/><G112/><T6/><D38/><U114/><E73/><V75/><F93/><N who="3" m="58831" /><G25/><T24/><D79/><U109/><E114/><V76/><F63/><W8/><G18/><T117/><D117/><U87/><E43/><V40/><F40/><W111/><G8/><T64/><D95/><U70/><E70/><N who="2" m="42359" /><F135/><W12/><G12/><T115/><D115/><U129/><E132/><V106/><F128/><N who="1" m="49225" /><E109/><V29/><F29/><W22/><G22/><T134/><D134/><U72/><E72/><V97/><F104/><W20/><G20/><T11/><D52/><U51/><E53/><V59/><F59/><N who="3" m="22571" /><G111/><T60/><D60/><U130/><E130/><V14/><F14/><W54/><G54/><T69/><D69/><U90/><E90/><V110/><F110/><W66/><G66/><T30/><D30/><U116/><E116/><V26/><AGARI ba="3,0" hai="1,2,26,28,34,75,76,83,97,102,106" m="42359" machi="26" ten="30,4000,0" yaku="25,1,33,2" doraHai="44" who="2" fromWho="2" sc="296,-13,224,-23,240,49,240,-13" /><INIT seed="2,0,0,4,4,49" ten="283,201,289,227" oya="2" hai0="63,127,106,70,42,86,73,130,95,128,26,94,46" hai1="69,104,4,28,67,85,125,35,134,74,84,55,16" hai2="92,82,56,83,5,25,10,51,124,11,52,29,23" hai3="109,47,65,72,3,90,31,89,39,58,77,102,75"/><V91/><F124/><W24/><G3/><T8/><D73/><U87/><E74/><V111/><F111/><W66/><G109/><T48/><D106/><U133/><E4/><V121/><F121/><W44/><G102/><T71/><D127/><U50/><E104/><V34/><F34/><W62/><G39/><T117/><D117/><U9/><E125/><V54/><F54/><W20/><G75/><T115/><D115/><U22/><E9/><V41/><F41/><W110/><G110/><T30/><D8/><U122/><E122/><V107/><F107/><W88/><REACH who="3" step="1"/><G66/><REACH who="3" ten="283,201,289,217" step="2"/><T68/><D128/><U135/><E67/><V6/><F6/><W1/><G1/><T120/><D130/><U19/><E35/><V118/><F118/><W12/><G12/><T103/><D103/><U99/><E69/><V32/><F32/><W79/><G79/><T37/><D71/><U113/><E113/><V36/><F36/><W101/><G101/><T21/><D70/><U14/><E14/><N who="2" m="5455" /><F11/><W123/><G123/><T15/><D120/><U2/><E2/><V59/><F59/><W38/><G38/><T17/><D37/><U60/><E134/><V78/><F78/><W98/><G98/><AGARI ba="0,1" hai="23,25,29,51,52,56,82,83,91,92,98" m="5455" machi="98" ten="30,5800,0" yaku="8,1,52,1,54,1" doraHai="49" who="2" fromWho="3" sc="283,0,201,0,289,68,217,-58" /><INIT seed="2,1,0,3,3,83" ten="283,201,357,159" oya="2" hai0="128,31,117,124,74,15,37,108,36,7,43,41,9" hai1="69,119,11,123,62,60,90,32,68,98,54,13,86" hai2="55,30,21,48,104,45,0,87,2,50,46,125,95" hai3="116,106,113,102,25,97,109,96,33,16,71,75,67"/><V76/><F104/><W44/><G116/><T73/><D108/><U18/><E32/><V65/><F125/><W14/><G109/><T121/><D121/><U3/><E119/><V77/><F65/><W52/><G75/><T5/><D117/><U110/><E110/><V133/><F133/><W10/><G113/><T24/><D124/><U127/><E127/><V28/><F2/><W88/><G71/><T8/><D128/><U114/><E114/><V91/><F0/><W92/><G67/><T19/><D41/><U107/><E3/><V94/><F94/><W70/><G70/><T118/><D118/><U34/><E34/><V103/><F103/><W49/><G33/><T135/><D135/><U17/><E123/><V6/><F6/><W84/><REACH who="3" step="1"/><G25/><REACH who="3" ten="283,201,357,149" step="2"/><T79/><D24/><U58/><E69/><V129/><F129/><W40/><G40/><T12/><D43/><U42/><E42/><N who="2" m="24631" /><F30/><W23/><G23/><T130/><D31/><U100/><E68/><V85/><F28/><W4/><G4/><T72/><D130/><U29/><E29/><V1/><F21/><W61/><G61/><T35/><D35/><U99/><E62/><V64/><F64/><W39/><G39/><N who="0" m="14923" /><D5/><U115/><E115/><V51/><F51/><W89/><G89/><T131/><D131/><U81/><E18/><V93/><F1/><W26/><G26/><T20/><D20/><U134/><E134/><V82/><F76/><W66/><G66/><T101/><D79/><U122/><E122/><V27/><F27/><W120/><G120/><T126/><D126/><U59/><E17/><RYUUKYOKU ba="1,1" sc="283,10,201,-30,357,10,149,10" hai0="7,8,9,12,15,19,72,73,74,101" hai2="46,50,55,77,82,85,87,91,93,95" hai3="10,14,16,44,49,52,84,88,92,96,97,102,106" /><INIT seed="2,2,1,5,4,118" ten="293,171,367,159" oya="2" hai0="41,115,51,13,95,112,74,79,84,22,14,107,70" hai1="4,82,120,55,85,110,62,3,114,37,15,48,96" hai2="16,44,124,81,75,105,71,26,36,2,7,86,77" hai3="27,9,19,102,17,0,23,98,92,46,103,121,34"/><V38/><F71/><W58/><G34/><T8/><D107/><U31/><E37/><V76/><F124/><W42/><G58/><T47/><D70/><U129/><E114/><V93/><F105/><W63/><G63/><T52/><D74/><U130/><E3/><V125/><F125/><W57/><G57/><T54/><D115/><U59/><E31/><V65/><F65/><W80/><G80/><N who="0" m="47135" /><D112/><U67/><E96/><V33/><F44/><W123/><G103/><T73/><D73/><U134/><E110/><V61/><F61/><W83/><G83/><T39/><D39/><U40/><E40/><V68/><F68/><W119/><G119/><T20/><D95/><U99/><E99/><V1/><F93/><W60/><G60/><T94/><D94/><U88/><E134/><V90/><F75/><W109/><G109/><T97/><D97/><U117/><E117/><V21/><F33/><W28/><G28/><T87/><D87/><U89/><E89/><V100/><F100/><W45/><G0/><T106/><D106/><U43/><E43/><V128/><F2/><W91/><G102/><T32/><D32/><U69/><REACH who="1" step="1"/><E120/><REACH who="1" ten="293,161,367,159" step="2"/><N who="3" m="46154" /><G42/><T113/><D113/><U49/><E49/><V29/><F36/><W50/><G50/><T133/><D41/><U72/><E72/><V12/><F38/><W122/><N who="3" m="46162" /><W6/><DORA hai="132" /><G98/><T116/><D116/><U53/><E53/><V11/><F1/><W108/><G108/><T56/><D133/><U126/><E126/><V104/><F29/><W66/><G91/><T127/><D127/><U25/><E25/><RYUUKYOKU ba="2,2" sc="293,-10,161,30,367,-10,159,-10" hai1="4,15,48,55,59,62,67,69,82,85,88,129,130" /><INIT seed="3,3,2,5,5,65" ten="283,191,357,149" oya="3" hai0="129,124,82,9,54,26,104,132,36,22,43,0,30" hai1="109,97,75,25,46,17,64,49,98,108,103,51,92" hai2="1,125,122,90,76,11,20,57,91,18,3,130,95" hai3="119,115,70,84,55,61,35,114,40,23,58,81,24"/><W120/><G119/><T52/><D104/><U101/><E75/><V6/><F130/><W131/><G120/><T134/><D129/><U71/><E17/><V63/><F122/><W107/><G131/><T99/><D124/><U100/><E25/><V38/><F125/><W15/><G107/><T48/><D99/><U116/><E116/><V68/><F38/><W80/><G35/><T45/><D82/><U127/><E127/><V85/><F3/><W59/><G40/><T2/><D54/><U19/><E19/><V16/><F76/><W79/><G15/><T128/><D128/><U29/><E29/><V113/><F113/><N who="3" m="43019" /><G81/><T87/><D87/><U66/><E46/><V133/><F68/><W105/><G105/><T94/><D94/><U31/><E31/><V93/><F20/><W86/><G86/><T78/><D78/><U42/><E92/><V10/><F10/><W28/><G59/><N who="0" m="33159" /><D9/><U121/><E42/><V88/><F91/><W67/><G67/><T69/><D69/><U62/><E121/><V56/><F56/><W7/><G70/><T8/><D8/><U118/><E118/><V77/><F77/><W53/><G53/><T60/><D60/><U96/><E66/><V110/><F57/><W39/><G39/><T37/><D37/><U89/><E89/><V83/><F63/><W21/><G23/><T4/><D4/><U111/><AGARI ba="3,2" hai="49,51,62,64,71,96,97,98,100,101,103,108,109,111" machi="111" ten="40,8000,1" yaku="0,1,29,2,14,1,52,1" doraHai="65" who="1" fromWho="1" sc="283,-23,191,109,357,-23,149,-43" /><INIT seed="4,0,0,1,1,76" ten="260,300,334,106" oya="0" hai0="77,112,51,117,127,68,79,70,88,54,134,41,60" hai1="119,78,93,120,53,48,29,37,72,36,59,121,63" hai2="74,99,64,23,0,24,84,135,90,1,129,62,106" hai3="11,87,26,49,38,30,3,47,111,50,122,81,52"/><T33/><D117/><U20/><E119/><V128/><F135/><W12/><G122/><T89/><D33/><U10/><E10/><V58/><F74/><W105/><G105/><T9/><D134/><U55/><E93/><V132/><F132/><W19/><G111/><T32/><D32/><U110/><E110/><V67/><F67/><W131/><G131/><N who="2" m="50249" /><F106/><W82/><G38/><N who="1" m="14954" /><E20/><V22/><F99/><W92/><G3/><N who="2" m="1097" /><F24/><W109/><G109/><T8/><D112/><U7/><E78/><V102/><F102/><W97/><G87/><T17/><D79/><U96/><E96/><V133/><F133/><W75/><G50/><T35/><D51/><U114/><E72/><V91/><F91/><N who="3" m="55455" /><G75/><T94/><D35/><U123/><E114/><V56/><F56/><W28/><G28/><T15/><D94/><AGARI ba="0,0" hai="22,23,58,62,64,84,90,94" m="1097,50249" machi="94" ten="30,1000,0" yaku="19,1" doraHai="76" who="2" fromWho="0" sc="260,-10,300,0,334,10,106,0" /><INIT seed="5,0,0,3,2,33" ten="250,300,344,106" oya="1" hai0="50,60,17,4,112,121,135,38,77,18,40,117,79" hai1="108,113,65,21,41,29,95,63,78,82,34,20,72" hai2="73,53,81,119,67,88,131,36,133,0,28,16,111" hai3="76,68,3,105,134,19,52,44,13,130,87,115,58"/><U51/><E113/><V22/><F111/><W123/><G123/><T126/><D121/><U27/><E108/><V2/><F119/><W62/><G105/><T91/><D117/><U31/><E31/><V6/><F133/><W114/><G68/><T118/><D118/><U5/><E5/><V109/><F109/><W93/><G130/><T9/><D112/><U106/><E106/><V12/><F36/><W7/><G134/><T125/><D135/><U15/><E15/><V66/><F28/><W128/><G128/><T98/><D38/><U97/><E41/><V89/><F131/><W25/><G25/><T55/><D40/><U116/><E51/><V90/><F53/><W100/><G76/><N who="0" m="29259" /><D60/><U54/><E54/><V11/><F73/><W101/><G115/><T99/><D91/><U104/><E116/><V39/><F39/><W102/><G114/><T129/><D18/><U69/><E95/><V127/><F81/><W24/><G24/><T80/><D17/><U47/><E47/><V110/><F110/><W103/><G44/><N who="0" m="28103" /><D80/><U43/><E43/><V8/><F127/><N who="0" m="48650" /><D129/><U120/><E120/><V1/><REACH who="2" step="1"/><F11/><REACH who="2" ten="250,300,334,106" step="2"/><W124/><G124/><T14/><AGARI ba="0,1" hai="4,9,14,98,99" m="48650,28103,29259" machi="14" ten="30,1100,0" yaku="18,1" doraHai="33" who="0" fromWho="0" sc="250,21,300,-5,334,-3,106,-3" /><INIT seed="6,0,0,3,4,52" ten="271,295,331,103" oya="2" hai0="12,133,40,18,9,60,93,41,134,67,88,103,99" hai1="4,43,102,46,113,129,44,120,55,118,51,10,56" hai2="89,122,32,70,123,15,87,53,36,21,86,65,71" hai3="124,57,115,97,31,35,131,80,26,78,116,1,25"/><V11/><F32/><W22/><G131/><T33/><D33/><U126/><E118/><V82/><F36/><W108/><G124/><T14/><D103/><U111/><E111/><V81/><F21/><W39/><G116/><T119/><D119/><U37/><E113/><V24/><F24/><W42/><G1/><T7/><D134/><U47/><E129/><V132/><F53/><W92/><G108/><T45/><D45/><U19/><E126/><V110/><F132/><W98/><G115/><T72/><D72/><U85/><E102/><V61/><F71/><W104/><G104/><T91/><D91/><U79/><E19/><V13/><F13/><W5/><G5/><T125/><D133/><U23/><E23/><V27/><F27/><W17/><G92/><T95/><D95/><U75/><E85/><V127/><F127/><W109/><G109/><T34/><D34/><U2/><E120/><V29/><F29/><W77/><G42/><T38/><D38/><U20/><E20/><V100/><F100/><W0/><G39/><T94/><D94/><U54/><E54/><V74/><F74/><N who="3" m="43063" /><G0/><T112/><D112/><U76/><E76/><V28/><F110/><W107/><G78/><T48/><D48/><U114/><E114/><V30/><F123/><W58/><G107/><T128/><D128/><U101/><E101/><V3/><F3/><W121/><G121/><T62/><D125/><U6/><E4/><N who="2" m="3559" /><F122/><W69/><G69/><N who="0" m="42215" /><D62/><U105/><E105/><V90/><F61/><W59/><G35/><T117/><D117/><U64/><E64/><V106/><F106/><RYUUKYOKU ba="0,0" sc="271,0,295,0,331,0,103,0" hai0="7,9,12,14,18,40,41,88,93,99" hai1="2,6,10,37,43,44,46,47,51,55,56,75,79" hai2="28,30,65,70,81,82,86,87,89,90" hai3="17,22,25,26,31,57,58,59,97,98" /><INIT seed="6,1,0,3,2,119" ten="271,295,331,103" oya="2" hai0="113,64,97,34,21,57,8,128,111,120,60,42,74" hai1="96,30,77,112,94,85,72,105,48,47,40,81,33" hai2="92,129,53,103,50,55,35,114,73,65,7,86,0" hai3="88,58,76,37,123,6,69,102,71,133,104,125,106"/><V11/><F73/><W27/><G37/><T93/><D111/><U23/><E112/><V101/><F114/><W43/><G43/><T24/><D113/><U16/><E105/><V59/><F35/><W84/><G6/><T49/><D34/><U15/><E33/><V131/><F65/><W83/><G123/><T4/><D128/><N who="2" m="49226" /><F55/><W134/><G27/><T91/><D120/><U78/><E30/><V18/><F18/><W32/><G58/><T108/><D74/><U25/><E72/><V41/><F41/><W46/><G46/><T54/><D108/><U90/><REACH who="1" step="1"/><E25/><REACH who="1" ten="271,285,331,103" step="2"/><V20/><F20/><W115/><G115/><T79/><D21/><U29/><E29/><V63/><F63/><W14/><G32/><T109/><D24/><U89/><AGARI ba="1,1" hai="15,16,23,40,47,48,77,78,81,85,89,90,94,96" machi="89" ten="20,12000,2" yaku="1,1,0,1,7,1,8,1,54,1,53,1" doraHai="119" doraHaiUra="10" who="1" fromWho="1" sc="271,-31,285,133,331,-61,103,-31" /><INIT seed="7,0,0,5,4,135" ten="240,418,270,72" oya="3" hai0="91,11,113,44,31,49,30,121,65,34,26,43,94" hai1="93,8,6,52,87,77,48,24,14,97,119,130,3" hai2="53,20,28,72,79,29,88,102,80,50,120,90,86" hai3="38,109,40,63,117,101,128,16,92,10,131,126,89"/><W66/><G117/><T45/><D121/><U12/><E130/><N who="3" m="49706" /><G101/><T107/><D113/><U1/><E119/><V15/><F120/><W129/><N who="3" m="49714" /><W67/><DORA hai="104" /><G109/><T132/><D132/><U57/><E24/><V58/><F102/><W83/><G126/><T60/><D31/><N who="2" m="11850" /><F72/><W27/><G83/><T76/><D107/><U110/><E110/><V115/><F115/><W54/><G40/><T78/><D11/><U7/><E77/><V5/><F20/><N who="3" m="13703" /><G38/><T114/><D45/><U95/><E95/><V62/><F50/><W82/><G82/><T103/><D103/><U105/><E93/><V96/><F96/><N who="3" m="57359" /><G10/><AGARI ba="0,0" hai="5,10,15,53,58,62,79,80,86,88,90" m="11850" machi="10" ten="30,2000,0" yaku="8,1,54,1" doraHai="135,104" who="2" fromWho="3" sc="240,0,418,0,270,20,72,-20" owari="240,-16.0,418,52.0,290,9.0,52,-45.0" /></mjloggm>