<mjloggm ver="2.3"><GO type="169" lobby="0"/><UN n0="%E3%82%88%E3%81%A4%E3%81%B0%E3%81%A8%EF%BC%81" n1="%E3%83%88%E3%83%88%E3%83%AA%E5%85%88%E7%94%9F%31%39%E6%AD%B3" n2="%50%41%48%75%6E%74%65%72" n3="%E6%B2%96%EF%BC%92%EF%BC%99" dan="17,19,17,17" rate="2125.03,2283.20,2199.15,2173.53" sx="F,F,M,M"/><TAIKYOKU oya="0"/><INIT seed="0,0,0,1,4,82" ten="250,250,250,250" oya="0" hai0="66,40,107,0,98,72,49,128,47,102,39,65,20" hai1="125,99,51,68,45,80,78,133,84,116,130,43,54" hai2="109,120,123,119,126,74,64,60,33,62,127,110,30" hai3="17,67,2,52,77,111,18,1,46,50,10,113,57"/><T23/><D128/><U13/><E116/><V11/><F74/><W44/><G113/><T89/><D72/><U75/><E130/><V95/><F95/><W38/><G111/><N who="2" m="42505" /><F11/><W105/><G105/><T53/><D0/><U14/><E133/><V32/><F30/><W132/><G132/><T59/><REACH who="0" step="1"/><D89/><REACH who="0" ten="240,250,250,250" step="2"/><U21/><E75/><V12/><F119/><W124/><G2/><T41/><D41/><U131/><E131/><V8/><F123/><W94/><G1/><T69/><D69/><U103/><E68/><V63/><F120/><W135/><G135/><T61/><D61/><U117/><E117/><V28/><F64/><AGARI ba="0,1" hai="20,23,39,40,47,49,53,59,64,65,66,98,102,107" machi="64" ten="40,2000,0" yaku="1,1,53,0" doraHai="82" doraHaiUra="112" who="0" fromWho="2" sc="240,30,250,0,250,-20,250,0" /><INIT seed="0,1,0,3,0,77" ten="270,250,230,250" oya="0" hai0="35,133,78,46,4,59,29,89,85,134,91,18,41" hai1="21,130,42,83,123,37,116,55,65,10,74,94,53" hai2="28,67,44,14,114,103,97,61,24,34,63,81,127" hai3="17,56,48,112,121,50,100,95,13,47,119,118,39"/><T122/><D122/><U79/><E123/><V62/><F114/><W25/><G121/><T109/><D109/><U104/><E104/><V93/><F127/><W51/><G112/><T68/><D68/><U106/><E106/><V58/><F14/><W40/><G25/><T75/><D4/><U30/><E116/><V43/><REACH who="2" step="1"/><F81/><REACH who="2" ten="270,250,220,250" step="2"/><W108/><G108/><T110/><D110/><U27/><E130/><V71/><F71/><W7/><G119/><T66/><D134/><U8/><E65/><V32/><F32/><W38/><G118/><T23/><D35/><U131/><E131/><V73/><F73/><W84/><G56/><T105/><D75/><U126/><E126/><V128/><F128/><W20/><G7/><T98/><D59/><U22/><E74/><V52/><F52/><W86/><REACH who="3" step="1"/><G39/><AGARI ba="1,1" hai="24,28,34,39,43,44,58,61,62,63,67,93,97,103" machi="39" ten="30,2000,0" yaku="1,1,7,1,53,0" doraHai="77" doraHaiUra="1" who="2" fromWho="3" sc="270,0,250,0,220,33,250,-23" /><INIT seed="1,0,0,1,4,11" ten="270,250,253,227" oya="1" hai0="6,134,74,76,108,53,132,121,2,17,1,25,70" hai1="48,57,102,37,72,47,20,35,28,31,50,43,60" hai2="98,3,86,127,95,92,40,80,56,103,115,49,51" hai3="12,0,15,78,23,94,131,62,122,4,54,97,10"/><U104/><E72/><V8/><F127/><W87/><G122/><T63/><D121/><U118/><E118/><V85/><F115/><W41/><G131/><T90/><D108/><U42/><E35/><V71/><F71/><W38/><G38/><T69/><D74/><U5/><E104/><V16/><F3/><W99/><G41/><T24/><D76/><U130/><E130/><V100/><F40/><W67/><G54/><T124/><D90/><U21/><E102/><V45/><F45/><W55/><G55/><T112/><D112/><U30/><E5/><V119/><F56/><N who="3" m="37319" /><G0/><T14/><D6/><U36/><E36/><V117/><F117/><W88/><G78/><T82/><D82/><U133/><E133/><N who="0" m="51305" /><D53/><N who="1" m="33839" /><E37/><V81/><F119/><W83/><G83/><T27/><D124/><U110/><E110/><V64/><F64/><W116/><G116/><T96/><D96/><U75/><E75/><V44/><F44/><AGARI ba="0,0" hai="20,21,28,30,31,42,43,44,47,48,50" m="33839" machi="44" ten="30,1500,0" yaku="8,1" doraHai="11" who="1" fromWho="2" sc="270,0,250,15,253,-15,227,0" /><INIT seed="1,1,0,2,2,15" ten="270,265,238,227" oya="1" hai0="83,72,92,23,100,133,132,131,90,53,36,33,17" hai1="18,49,11,68,12,123,52,4,127,30,65,81,55" hai2="111,19,71,8,22,66,116,7,99,130,50,0,82" hai3="91,64,32,73,88,84,122,34,35,109,44,128,37"/><U78/><E123/><V10/><F116/><W125/><G73/><T110/><D33/><U2/><E127/><V20/><F130/><W108/><G122/><T85/><D36/><U121/><E121/><V97/><F111/><N who="3" m="42571" /><G128/><T47/><D131/><U40/><E30/><V31/><F71/><W96/><G125/><T16/><D23/><U119/><E119/><V43/><F66/><W114/><G114/><T101/><D110/><U58/><E68/><V103/><F82/><W9/><G64/><T104/><D47/><U6/><E65/><V94/><F99/><W48/><G37/><T113/><D53/><U45/><E2/><V129/><F31/><W28/><G9/><T26/><D26/><U79/><E55/><V77/><F77/><N who="1" m="29193" /><E81/><V112/><F112/><W80/><G28/><T41/><D41/><U87/><E87/><V95/><F95/><N who="3" m="56447" /><G34/><T63/><D113/><U74/><E74/><V118/><F118/><W126/><G126/><T27/><D72/><U107/><E107/><V75/><F75/><W134/><G134/><N who="0" m="51819" /><D104/><U57/><E57/><V21/><F10/><W29/><G29/><T89/><D63/><AGARI ba="1,0" hai="4,6,11,12,18,40,45,49,52,58,63" m="29193" machi="63" ten="30,5800,0" yaku="8,1,52,1,54,1" doraHai="15" who="1" fromWho="0" sc="270,-61,265,61,238,0,227,0" /><INIT seed="1,2,0,2,1,106" ten="209,326,238,227" oya="1" hai0="6,23,34,120,77,125,105,20,46,58,35,79,39" hai1="124,28,67,14,86,25,85,121,78,111,131,56,132" hai2="93,11,38,98,129,24,130,44,101,22,128,114,33" hai3="30,63,5,42,87,115,68,82,117,69,7,53,95"/><U55/><E121/><V80/><F33/><W127/><G115/><T47/><D125/><U96/><E131/><V73/><F11/><W32/><G127/><T81/><D58/><U92/><E124/><V9/><F9/><W41/><G95/><T126/><D126/><U17/><E132/><V74/><F80/><W52/><G117/><T8/><D105/><U57/><E111/><V64/><F64/><W84/><G82/><T102/><D102/><U59/><E67/><V61/><F61/><W2/><G63/><T31/><D79/><U110/><E55/><V43/><F114/><W21/><G21/><T48/><D46/><U1/><E1/><V97/><F97/><W94/><G94/><T0/><D48/><U109/><E14/><V116/><F116/><W29/><REACH who="3" step="1"/><G2/><REACH who="3" ten="209,326,238,217" step="2"/><T134/><D23/><N who="1" m="13551" /><E78/><V123/><F123/><W135/><G135/><T75/><D134/><U19/><E110/><V51/><F38/><W40/><G40/><N who="0" m="22943" /><D120/><U76/><E76/><V122/><F122/><W104/><G104/><T70/><D34/><AGARI ba="2,1" hai="5,7,29,30,32,34,41,42,52,53,68,69,84,87" machi="34" ten="25,12000,2" yaku="1,1,22,2,54,1,53,2" doraHai="106" doraHaiUra="65" who="3" fromWho="0" sc="209,-126,326,0,238,0,217,136" /><INIT seed="2,0,0,5,0,53" ten="83,326,238,353" oya="2" hai0="5,51,8,50,98,115,14,2,52,66,72,93,61" hai1="23,100,90,97,94,36,16,37,129,20,133,87,113" hai2="33,103,96,120,7,109,69,126,55,26,107,35,111" hai3="135,12,44,124,121,64,108,31,132,0,4,46,117"/><V70/><F120/><W42/><G121/><T86/><D72/><U30/><E113/><V60/><F126/><W71/><G117/><T106/><D115/><U130/><E133/><N who="3" m="51274" /><G0/><T28/><D28/><U74/><E74/><V56/><F7/><W85/><G124/><T91/><D106/><U57/><E23/><V65/><F26/><W99/><G31/><T79/><D2/><U1/><E30/><V15/><F15/><W112/><G85/><T19/><D5/><U32/><E32/><V27/><F27/><W10/><G112/><T119/><D119/><U3/><E1/><V67/><F67/><W89/><G108/><N who="2" m="41545" /><F65/><W17/><G4/><T95/><D79/><U75/><E75/><V116/><F116/><W58/><G71/><AGARI ba="0,0" hai="33,35,55,56,60,69,70,71,96,103,107" m="41545" machi="71" ten="30,5800,0" yaku="14,1,10,1,52,1" doraHai="53" who="2" fromWho="3" sc="83,0,326,0,238,58,353,-58" /><INIT seed="2,1,0,4,1,72" ten="83,326,296,295" oya="2" hai0="45,121,100,51,74,111,120,47,26,78,73,37,27" hai1="104,113,122,86,40,114,84,12,31,94,124,8,36" hai2="29,119,55,62,79,75,82,77,46,76,103,11,2" hai3="56,39,3,112,34,88,118,91,67,23,115,99,19"/><V133/><F119/><W24/><G39/><T1/><D111/><U134/><E104/><V57/><F103/><W130/><G3/><T28/><D1/><U5/><E134/><V69/><F29/><W98/><G118/><T38/><D100/><U135/><E135/><V42/><F133/><W65/><G34/><T123/><D28/><U110/><E110/><V25/><F25/><W4/><G4/><T7/><D51/><U83/><E124/><V13/><F69/><W30/><G30/><T102/><D102/><U66/><E122/><V0/><F0/><W116/><G116/><T9/><D123/><U109/><E109/><V15/><F15/><W96/><G130/><T18/><D9/><U60/><E31/><V85/><F2/><W6/><G6/><T126/><D7/><U64/><E64/><V16/><F75/><W63/><REACH who="3" step="1"/><G67/><REACH who="3" ten="83,326,296,285" step="2"/><T90/><D18/><U50/><E36/><AGARI ba="1,1" hai="11,13,16,36,42,46,55,57,62,76,77,79,82,85" machi="36" ten="30,12000,1" yaku="7,1,52,3,54,1" doraHai="72" who="2" fromWho="1" sc="83,0,326,-123,296,133,285,0" /><INIT seed="2,2,0,4,3,60" ten="83,203,429,285" oya="2" hai0="33,34,130,96,15,71,26,48,92,39,73,24,98" hai1="40,16,120,28,125,93,25,94,114,87,36,68,105" hai2="77,81,103,0,20,78,122,10,43,29,41,112,107" hai3="57,127,131,101,21,91,3,52,85,108,99,30,76"/><V82/><F122/><W22/><G3/><T124/><D39/><U23/><E114/><V113/><F107/><W46/><G76/><T119/><D119/><U45/><E105/><V90/><F103/><W116/><G46/><T104/><D71/><U133/><E120/><V118/><F118/><W132/><G116/><T102/><D73/><U13/><E133/><V88/><F0/><W42/><G42/><T7/><D124/><U59/><E68/><V19/><F10/><W35/><G132/><T74/><D74/><U115/><E115/><V11/><F11/><W65/><G127/><T55/><D130/><U129/><E125/><V51/><F51/><W54/><G30/><T17/><D7/><U56/><E129/><V9/><F9/><W72/><G72/><T123/><D33/><U2/><E2/><V117/><F117/><W47/><G35/><T64/><D34/><U83/><E93/><V49/><F49/><N who="3" m="28735" /><G54/><T128/><D128/><U69/><E94/><V79/><F79/><W62/><G131/><T5/><D5/><U1/><E69/><V95/><F95/><N who="3" m="58623" /><G108/><T61/><D123/><U89/><REACH who="1" step="1"/><E1/><REACH who="1" ten="83,193,429,285" step="2"/><V70/><F70/><W14/><G14/><T111/><D104/><U97/><E97/><V63/><F113/><W67/><G67/><T18/><D96/><U38/><E38/><V75/><F112/><W121/><G121/><T84/><D98/><U80/><E80/><AGARI ba="2,1" hai="21,22,57,62,65,80,85,91" m="58623,28735" machi="80" ten="30,3900,0" yaku="8,1,52,1,54,1" doraHai="60" who="3" fromWho="1" sc="83,0,193,-45,429,0,285,55" /><INIT seed="3,0,0,1,0,121" ten="83,148,429,340" oya="3" hai0="91,87,83,1,115,19,62,27,72,8,89,105,82" hai1="38,34,24,131,45,32,37,65,106,97,57,41,2" hai2="84,10,0,111,69,80,116,20,128,70,81,120,28" hai3="64,42,134,107,11,109,113,127,73,63,9,94,90"/><W40/><G107/><T119/><D119/><U17/><E2/><V98/><F116/><W55/><G73/><T135/><D115/><U22/><E38/><V68/><F120/><W12/><G113/><T88/><D105/><U23/><E131/><V54/><F128/><W86/><G134/><T31/><D135/><U71/><E71/><V5/><F98/><W59/><G127/><T47/><D62/><U74/><E74/><V13/><F54/><W92/><G11/><T33/><D47/><U52/><E65/><V130/><F130/><W43/><G109/><T36/><D36/><U95/><E23/><V132/><F111/><W79/><G79/><T4/><REACH who="0" step="1"/><D19/><REACH who="0" ten="73,148,429,340" step="2"/><U6/><E106/><V44/><F44/><W66/><G92/><T101/><D101/><U21/><E6/><AGARI ba="0,1" hai="6,9,12,40,42,43,55,59,63,64,66,86,90,94" machi="6" ten="40,2000,0" yaku="8,1" doraHai="121" who="3" fromWho="1" sc="73,0,148,-20,429,0,340,30" /><INIT seed="3,1,0,4,4,29" ten="73,128,429,370" oya="3" hai0="123,112,88,119,31,117,22,73,77,92,71,55,43" hai1="97,75,7,68,37,80,126,41,40,11,42,35,67" hai2="24,2,50,30,110,99,64,120,104,133,33,128,132" hai3="51,62,14,53,13,98,122,57,46,16,48,15,34"/><W129/><G129/><T49/><D123/><U115/><E115/><V26/><F128/><W108/><G122/><T69/><D112/><U10/><E126/><V28/><F120/><W47/><G108/><T54/><D43/><U66/><E10/><V113/><F113/><W103/><G34/><T82/><D54/><U4/><E4/><V52/><F64/><W89/><G89/><T100/><D100/><U94/><E35/><N who="2" m="20871" /><F2/><W59/><G62/><T5/><D5/><U65/><E68/><V91/><F91/><W12/><G98/><T111/><D111/><U38/><E80/><V63/><F63/><W36/><G36/><T131/><D131/><U6/><E75/><V121/><F121/><W61/><G103/><T101/><D101/><U0/><REACH who="1" step="1"/><E7/><REACH who="1" ten="73,118,429,370" step="2"/><V83/><F83/><W17/><N who="3" m="3072" /><DORA hai="18" /><W130/><G130/><T95/><D71/><U102/><AGARI ba="1,1" hai="0,6,11,37,38,40,41,42,65,66,67,94,97,102" machi="102" ten="30,2000,0" yaku="1,1,0,1,53,0" doraHai="29,18" doraHaiUra="20,86" who="1" fromWho="1" sc="73,-6,118,33,429,-6,370,-11" /><INIT seed="4,0,0,2,5,26" ten="67,151,423,359" oya="0" hai0="17,31,84,69,88,95,128,12,106,40,72,13,20" hai1="55,79,130,37,53,131,52,65,0,46,122,36,132" hai2="103,98,112,129,43,15,8,19,77,4,96,67,80" hai3="56,76,21,134,82,127,10,117,135,61,28,109,9"/><T49/><D69/><U75/><E0/><V78/><F129/><N who="1" m="49161" /><E75/><V116/><F112/><W51/><G109/><T14/><D128/><U89/><E79/><V101/><F116/><W68/><G117/><T74/><D106/><U45/><E89/><V33/><F33/><W60/><G127/><T83/><D72/><U63/><E132/><N who="3" m="50730" /><G51/><T32/><D74/><U91/><E91/><V29/><F43/><W120/><G120/><T111/><D111/><U30/><E30/><V50/><F29/><W38/><G38/><N who="1" m="14954" /><E122/><V35/><F35/><W57/><G68/><AGARI ba="0,0" hai="45,46,52,53,55,63,65,68" m="14954,49161" machi="68" ten="40,8000,1" yaku="19,1,34,2,54,1" doraHai="26" who="1" fromWho="3" sc="67,0,151,80,423,0,359,-80" /><INIT seed="5,0,0,1,0,44" ten="67,231,423,279" oya="1" hai0="120,27,98,55,77,122,25,49,92,66,3,71,89" hai1="2,86,16,108,17,118,14,82,124,20,67,46,135" hai2="63,102,91,8,96,97,31,51,47,37,64,40,38" hai3="109,7,134,106,5,70,68,114,133,127,129,9,73"/><U95/><E118/><V50/><F37/><W41/><G41/><T115/><D3/><U103/><E2/><V56/><F8/><W119/><G9/><T62/><D77/><U39/><E135/><V6/><F6/><W80/><G80/><T78/><D78/><N who="1" m="46423" /><E39/><V110/><F110/><W45/><G45/><T72/><D72/><U30/><E124/><V59/><F59/><W10/><G10/><T18/><D115/><U65/><E30/><V105/><F31/><W94/><G94/><T88/><D89/><U52/><E17/><V35/><F35/><W34/><G7/><T60/><D60/><U123/><E123/><N who="0" m="47145" /><D18/><U125/><E125/><V117/><F117/><W24/><G5/><T32/><D32/><U100/><E108/><V69/><F69/><W58/><G68/><T19/><D19/><U90/><E103/><V111/><F111/><W126/><G126/><T112/><D112/><U101/><E101/><V74/><F74/><W53/><G24/><T43/><D43/><U113/><E100/><V121/><F121/><W84/><G114/><T36/><D36/><U85/><E113/><V57/><F57/><AGARI ba="0,0" hai="25,27,49,55,57,62,66,71,88,92,98" m="47145" machi="57" ten="30,3900,0" yaku="13,1,52,1,54,1" doraHai="44" who="0" fromWho="2" sc="67,39,231,0,423,-39,279,0" /><INIT seed="6,0,0,5,1,107" ten="106,231,384,279" oya="2" hai0="14,63,110,24,104,64,127,69,129,21,48,122,2" hai1="89,34,29,94,25,119,4,93,73,52,76,8,113" hai2="86,77,123,92,18,134,27,68,26,90,115,1,101" hai3="103,74,31,51,7,35,83,116,117,45,109,33,81"/><V67/><F1/><W42/><G109/><T78/><D110/><U87/><E119/><V121/><F115/><W57/><G103/><T114/><D122/><U128/><E113/><V16/><F134/><W32/><G31/><T99/><D2/><U49/><E128/><V66/><F101/><W75/><G7/><T41/><D114/><U0/><E76/><V40/><F40/><W38/><G57/><T23/><D129/><U84/><E73/><V22/><F77/><N who="3" m="44223" /><G51/><T100/><D127/><U80/><REACH who="1" step="1"/><E84/><REACH who="1" ten="106,221,384,279" step="2"/><V39/><F123/><W62/><G74/><T125/><D78/><U82/><E82/><V43/><F121/><W130/><G83/><T85/><D85/><U112/><E112/><V20/><F68/><W13/><G130/><T6/><D125/><U65/><E65/><V124/><F124/><W133/><G116/><T5/><D14/><U15/><E15/><V98/><F86/><W97/><G13/><T3/><D3/><U37/><E37/><V120/><F120/><W28/><G38/><T132/><D132/><U55/><E55/><V95/><F39/><W61/><G117/><T118/><D118/><U36/><E36/><V11/><F43/><W60/><G133/><T102/><D24/><U135/><E135/><V56/><F67/><W126/><G126/><T19/><D41/><U59/><AGARI ba="0,1" hai="0,4,8,25,29,34,49,52,59,80,87,89,93,94" machi="59" ten="20,12000,2" yaku="1,1,0,1,7,1,54,1,53,2" doraHai="107" doraHaiUra="88" who="1" fromWho="1" sc="106,-30,221,130,384,-60,279,-30" /><INIT seed="7,0,0,1,1,94" ten="76,351,324,249" oya="3" hai0="133,126,74,100,48,4,18,53,66,38,70,77,7" hai1="2,102,96,109,130,81,85,72,98,122,106,31,44" hai2="112,37,83,114,125,135,107,24,67,95,62,12,60" hai3="6,80,43,104,29,87,113,99,132,121,30,75,86"/><W84/><G121/><T49/><D126/><U35/><E122/><V20/><F107/><W119/><G119/><T50/><D133/><U3/><E109/><V28/><F37/><W91/><G43/><T127/><D127/><U40/><E130/><V46/><F125/><W17/><G6/><T89/><D18/><U65/><E65/><V63/><F135/><W69/><G69/><T45/><D89/><U8/><E96/><V25/><F83/><W71/><G71/><T115/><D115/><U22/><E22/><V42/><F12/><W0/><G0/><T90/><D90/><U34/><E85/><N who="3" m="32874" /><G132/><T41/><D4/><N who="1" m="1047" /><E31/><N who="3" m="11786" /><G75/><T61/><D7/><U123/><E3/><V33/><F67/><W131/><G131/><T54/><D100/><U105/><E105/><V118/><F118/><W120/><G120/><T32/><D32/><U21/><E21/><V76/><F33/><W5/><G5/><T52/><D77/><N who="1" m="44199" /><E123/><V58/><F114/><W97/><G113/><T51/><D74/><U19/><E19/><V16/><F112/><W55/><G104/><T128/><D128/><U124/><E124/><V39/><F28/><W47/><G17/><T10/><D10/><U73/><E73/><V79/><F16/><W129/><G129/><T11/><D11/><U116/><E116/><V82/><F42/><W88/><G91/><T78/><D78/><U68/><E68/><V59/><F79/><W92/><G80/><T103/><D103/><U36/><AGARI ba="0,0" hai="34,35,36,40,44,98,102,106" m="44199,1047" machi="36" ten="30,7900,0" yaku="25,1,33,2,52,1" doraHai="94" who="1" fromWho="1" sc="76,-20,351,79,324,-20,249,-39" owari="56,-44.0,430,53.0,304,10.0,210,-19.0" /></mjloggm>