<mjloggm ver="2.3"><GO type="169" lobby="0"/><UN n0="%E3%83%88%E3%83%88%E3%83%AA%E5%85%88%E7%94%9F%31%39%E6%AD%B3" n1="%E5%BA%83%E5%B3%B6%E3%81%AE%E7%A8%AE%E9%A6%AC" n2="%E4%BA%BA%E7%94%9F%E3%83%95%E3%83%AB%E3%82%BC%E3%83%B3%E3%83%84" n3="%E9%A6%99%E7%B9%94%E3%82%AB%E3%83%B2%E3%83%AB" dan="19,18,17,16" rate="2289.50,2211.65,2102.20,2183.03" sx="F,M,M,F"/><TAIKYOKU oya="0"/><INIT seed="0,0,0,1,0,107" ten="250,250,250,250" oya="0" hai0="82,54,87,44,73,40,127,123,90,114,10,101,5" hai1="20,65,2,132,12,103,34,75,83,9,128,0,134" hai2="24,57,39,77,67,117,17,100,46,47,89,88,80" hai3="74,79,99,109,48,124,50,45,33,126,69,30,70"/><T21/><D114/><U63/><E34/><V7/><F100/><W133/><G109/><T72/><D123/><U131/><E103/><V49/><F7/><W105/><G133/><N who="1" m="51306" /><E20/><V104/><F104/><W115/><G105/><T22/><D127/><U15/><E63/><V26/><F117/><W36/><G99/><T95/><D54/><U102/><E102/><V94/><F39/><W52/><G115/><T120/><D120/><U121/><E65/><V13/><F67/><W118/><G118/><T98/><D22/><U8/><E121/><V113/><F57/><N who="3" m="32903" /><G30/><T135/><D21/><U6/><E83/><V4/><F4/><W122/><G33/><T31/><D31/><U56/><E56/><V61/><F61/><W116/><G36/><T130/><D130/><N who="1" m="49707" /><E75/><V16/><F113/><W92/><G122/><T62/><D62/><U71/><E71/><V37/><F80/><N who="3" m="45175" /><G92/><T85/><D135/><U60/><E60/><V86/><F94/><W35/><G35/><T59/><D59/><U28/><E28/><V68/><F68/><W84/><G70/><T53/><D53/><U55/><E55/><V106/><F106/><W76/><G69/><T41/><D73/><U1/><E12/><V78/><F13/><W91/><G116/><T14/><D72/><U11/><AGARI ba="0,0" hai="0,1,2,6,8,9,11,15" m="49707,51306" machi="11" ten="40,8000,1" yaku="20,1,19,1,34,2" doraHai="107" who="1" fromWho="1" sc="250,-40,250,80,250,-20,250,-20" /><INIT seed="1,0,0,5,4,15" ten="210,330,230,230" oya="1" hai0="13,54,2,113,132,102,14,74,62,120,49,43,4" hai1="66,100,59,40,36,133,42,35,96,64,29,48,6" hai2="124,24,1,67,32,81,91,76,116,101,44,109,75" hai3="98,86,41,79,47,11,105,58,103,25,5,16,69"/><U68/><E6/><V56/><F116/><W37/><G69/><T18/><D113/><U128/><E133/><V127/><F1/><W34/><G34/><T53/><D74/><U46/><E128/><V117/><F117/><W114/><G114/><T60/><D132/><U22/><E35/><V118/><F118/><W89/><G79/><T107/><D120/><U45/><E68/><V115/><F101/><W111/><G58/><T78/><D78/><U123/><E123/><V61/><F115/><W112/><G111/><T126/><D126/><N who="2" m="48170" /><F109/><W27/><G112/><T73/><D73/><U33/><E33/><V135/><F135/><W72/><G72/><T88/><D2/><U19/><E29/><N who="2" m="19495" /><F91/><W38/><G37/><T80/><D102/><U26/><REACH who="1" step="1"/><E59/><REACH who="1" ten="210,320,230,230" step="2"/><V97/><F56/><W65/><G5/><T70/><D70/><U50/><E50/><V110/><F110/><W9/><G38/><T7/><D49/><U17/><E17/><V55/><F61/><W71/><G16/><T99/><D18/><U92/><AGARI ba="0,1" hai="19,22,26,36,40,42,45,46,48,64,66,92,96,100" machi="92" ten="20,7800,0" yaku="1,1,0,1,7,1,52,1,53,0" doraHai="15" doraHaiUra="77" who="1" fromWho="1" sc="210,-26,320,88,230,-26,230,-26" /><INIT seed="1,1,0,2,3,60" ten="184,408,204,204" oya="1" hai0="71,46,51,26,1,99,65,14,90,119,124,129,127" hai1="55,130,48,12,22,110,49,82,122,118,56,67,20" hai2="19,98,74,115,125,132,100,107,93,83,128,44,37" hai3="103,27,91,64,95,16,7,126,11,58,8,117,36"/><U4/><E118/><V133/><F19/><W76/><G36/><T96/><D119/><U85/><E122/><V114/><F44/><W24/><G117/><T75/><D1/><U73/><E73/><V105/><F37/><W0/><G126/><N who="0" m="48171" /><D75/><U68/><E130/><V70/><F70/><W9/><G76/><T6/><D129/><U123/><E123/><V42/><F42/><W120/><G103/><T57/><D71/><U116/><E116/><V33/><F33/><W47/><G47/><T13/><D26/><U89/><E110/><V104/><F128/><W77/><G77/><T38/><D38/><U113/><E113/><N who="2" m="43019" /><F125/><W40/><G40/><N who="0" m="25031" /><D90/><U45/><E68/><V108/><F108/><W69/><G69/><T31/><D31/><U2/><E2/><V86/><F74/><W21/><G27/><T101/><D99/><U62/><REACH who="1" step="1"/><E48/><REACH who="1" ten="184,398,204,204" step="2"/><V94/><F94/><W112/><G120/><T5/><D5/><U10/><AGARI ba="1,1" hai="4,10,12,20,22,45,49,55,56,62,67,82,85,89" machi="10" ten="30,12000,1" yaku="1,1,2,1,0,1,8,1,52,1,53,0" doraHai="60" doraHaiUra="72" who="1" fromWho="1" sc="184,-41,398,133,204,-41,204,-41" /><INIT seed="1,2,0,1,5,128" ten="143,531,163,163" oya="1" hai0="104,14,78,99,116,132,2,47,25,115,40,50,4" hai1="119,72,12,46,86,74,28,109,114,8,73,130,124" hai2="29,77,102,127,53,113,65,126,59,44,125,51,62" hai3="107,89,117,42,93,135,16,60,9,63,57,20,85"/><U61/><E114/><V129/><F129/><W103/><G117/><T7/><D115/><U54/><E119/><V1/><F1/><W30/><G42/><T90/><D116/><U69/><E130/><V43/><F113/><W106/><G30/><T52/><D2/><U36/><E124/><V41/><F29/><W76/><G9/><T100/><D132/><U64/><E28/><V27/><F27/><W96/><G76/><T45/><D25/><U75/><E109/><V122/><F77/><W79/><G79/><T91/><D78/><U18/><E73/><V81/><F81/><W23/><G23/><T131/><D131/><U3/><E3/><V37/><F102/><W133/><G107/><T87/><D14/><U10/><E10/><V66/><F122/><W95/><G106/><T88/><REACH who="0" step="1"/><D87/><REACH who="0" ten="133,531,163,163" step="2"/><U24/><E24/><V71/><F37/><AGARI ba="2,1" hai="4,7,37,40,45,47,50,52,88,90,91,99,100,104" machi="37" ten="40,8000,1" yaku="1,1,2,1,54,2,53,0" doraHai="128" doraHaiUra="80" who="0" fromWho="2" sc="133,96,531,0,163,-86,163,0" /><INIT seed="2,0,0,1,0,84" ten="229,531,77,163" oya="2" hai0="68,12,2,99,64,135,67,92,85,15,63,23,19" hai1="102,100,98,0,123,57,73,105,47,55,116,77,45" hai2="134,131,130,36,108,89,53,103,3,109,94,72,54" hai3="75,33,95,8,125,126,113,62,122,132,104,80,18"/><V111/><F3/><W50/><G104/><T83/><D135/><U91/><E116/><V69/><F69/><W24/><G122/><T114/><D114/><U74/><E0/><V87/><F36/><W28/><G132/><T110/><D110/><U49/><E123/><V46/><F134/><W59/><G113/><T4/><D2/><U34/><E34/><V106/><F72/><W1/><G50/><T43/><D43/><U37/><E102/><V14/><F46/><W48/><G48/><T76/><D68/><U86/><E77/><V51/><F51/><W17/><G95/><T31/><D63/><U82/><REACH who="1" step="1"/><E47/><REACH who="1" ten="229,521,77,163" step="2"/><V35/><F35/><W40/><G1/><T44/><D44/><U42/><AGARI ba="0,1" hai="37,42,45,49,55,57,73,74,82,86,91,98,100,105" machi="42" ten="30,8000,1" yaku="1,1,2,1,0,1,52,1,53,1" doraHai="84" doraHaiUra="79" who="1" fromWho="1" sc="229,-20,521,90,77,-40,163,-20" /><INIT seed="3,0,0,5,0,83" ten="209,611,37,143" oya="3" hai0="107,129,51,74,106,15,59,110,103,38,73,114,133" hai1="54,39,0,79,130,86,34,80,82,44,56,101,108" hai2="105,121,115,116,2,71,118,99,70,17,22,62,67" hai3="65,11,29,57,46,18,8,109,43,35,55,52,41"/><W94/><G109/><T132/><D38/><U126/><E0/><V75/><F75/><N who="0" m="28682" /><D51/><U85/><E34/><V124/><F115/><W112/><G112/><T123/><D59/><U21/><E101/><V111/><F121/><W125/><G125/><T47/><D47/><U61/><E108/><V31/><F111/><W128/><G128/><T135/><D15/><U23/><E126/><V28/><F124/><W14/><G65/><T72/><D110/><U69/><E130/><V134/><F2/><W97/><G11/><T131/><D114/><U6/><E6/><V19/><F71/><W13/><G13/><T100/><D123/><U16/><E69/><V104/><F134/><W40/><G46/><T120/><D120/><U102/><E102/><N who="0" m="38953" /><D72/><U58/><E58/><V48/><F48/><W50/><G55/><T12/><D12/><U77/><E16/><V119/><F19/><W9/><G9/><T32/><D32/><U7/><E7/><V64/><F64/><W113/><G113/><T3/><D3/><U89/><E39/><V10/><F10/><W27/><G43/><T88/><D88/><AGARI ba="0,0" hai="8,14,18,27,29,35,40,41,50,52,57,88,94,97" machi="88" ten="30,5800,0" yaku="7,1,54,2" doraHai="83" who="3" fromWho="0" sc="209,-58,611,0,37,0,143,58" /><INIT seed="3,1,0,1,3,135" ten="151,611,37,201" oya="3" hai0="77,32,125,27,118,29,97,90,84,94,40,113,128" hai1="59,78,131,71,19,67,13,38,50,25,10,45,30" hai2="60,120,6,56,2,109,86,51,31,1,8,81,35" hai3="130,3,21,36,89,83,68,105,61,111,74,33,85"/><W134/><RYUUKYOKU type="yao9" ba="1,0" sc="151,0,611,0,37,0,201,0" hai3="3,21,33,36,61,68,74,83,85,89,105,111,130,134" /><INIT seed="3,2,0,4,1,95" ten="151,611,37,201" oya="3" hai0="88,19,34,79,86,71,130,60,77,5,63,65,128" hai1="101,36,100,0,44,37,52,23,111,131,91,89,31" hai2="29,110,2,6,75,24,64,14,107,92,132,98,78" hai3="28,83,38,13,108,54,96,12,27,125,26,20,66"/><W17/><G38/><T22/><D34/><U33/><E0/><V55/><F2/><W119/><G119/><T40/><D40/><U9/><E33/><V133/><F107/><W76/><G125/><T45/><D45/><U90/><E111/><V58/><F64/><W49/><G66/><T51/><D51/><N who="1" m="28775" /><E37/><V126/><F110/><W84/><G108/><T134/><D60/><U109/><E36/><V118/><F118/><W53/><G96/><T1/><D134/><N who="2" m="51818" /><F126/><W25/><G13/><T43/><D43/><U11/><E131/><N who="0" m="50217" /><D5/><U129/><E109/><V10/><F78/><W97/><G97/><T68/><D68/><U124/><E124/><V62/><F75/><W81/><G83/><N who="0" m="49247" /><D1/><U47/><E47/><V93/><F98/><W116/><G116/><T57/><D71/><U135/><E135/><V59/><F59/><N who="3" m="33199" /><G54/><T8/><D8/><AGARI ba="2,0" hai="8,12,17,20,25,26,27,28,76,81,84" m="33199" machi="8" ten="30,1500,0" yaku="8,1" doraHai="95" who="3" fromWho="0" sc="151,-21,611,0,37,0,201,21" /><INIT seed="3,3,0,0,1,59" ten="130,611,37,222" oya="3" hai0="104,36,20,33,79,18,35,110,135,50,28,61,86" hai1="9,122,24,109,16,45,53,40,57,70,13,55,65" hai2="54,34,22,108,29,87,78,127,58,132,83,21,125" hai3="3,26,117,129,113,116,30,23,80,130,69,66,133"/><W93/><G93/><T56/><D36/><U82/><E122/><V51/><F108/><W96/><G80/><T10/><D104/><U112/><E112/><V38/><F38/><W52/><G96/><T115/><D110/><U94/><E109/><V121/><F121/><W71/><G113/><T119/><D119/><U4/><E70/><V95/><F132/><W5/><G133/><T111/><D111/><U37/><E65/><V99/><F34/><W77/><G77/><T76/><D135/><U102/><E82/><V49/><F49/><W1/><G52/><N who="0" m="33927" /><D35/><U0/><E24/><V107/><F107/><W32/><G32/><T120/><D33/><U98/><E57/><V85/><F85/><W17/><G17/><T68/><D68/><U75/><E75/><V14/><F14/><W89/><G71/><T97/><D120/><U101/><E101/><V7/><F7/><W84/><G117/><T2/><D2/><U81/><E81/><V100/><REACH who="2" step="1"/><F29/><REACH who="2" ten="130,611,27,222" step="2"/><W88/><G5/><T72/><D115/><U6/><E4/><V90/><F90/><N who="3" m="34923" /><G84/><T73/><D73/><U64/><E6/><V63/><F63/><N who="3" m="40159" /><G116/><T105/><D72/><U123/><E123/><V47/><F47/><W124/><G3/><T92/><D105/><U126/><E0/><V91/><F91/><W19/><G1/><T25/><D86/><U44/><E45/><V27/><F27/><W60/><G30/><T118/><D118/><U12/><E44/><V106/><F106/><W128/><G60/><T74/><D74/><U114/><E37/><V39/><F39/><W42/><G130/><RYUUKYOKU ba="3,1" sc="130,-10,611,-10,27,30,222,-10" hai2="21,22,51,54,58,78,83,87,95,99,100,125,127" /><INIT seed="4,4,1,1,5,130" ten="120,601,57,212" oya="0" hai0="82,60,53,74,3,99,51,100,50,9,2,129,62" hai1="90,57,58,124,4,21,127,87,65,117,44,119,111" hai2="32,41,122,68,19,67,92,70,40,25,107,43,112" hai3="88,118,37,48,24,72,121,49,71,116,52,63,93"/><T91/><D129/><U33/><E33/><V125/><F107/><W28/><G37/><T78/><D91/><U23/><E111/><V114/><F122/><W13/><G72/><T34/><D34/><U45/><E4/><V46/><F125/><W133/><G121/><T5/><D3/><U135/><E87/><V81/><F81/><W39/><G39/><T83/><D83/><U56/><E65/><V101/><F46/><N who="1" m="18025" /><E135/><V131/><F131/><W128/><G13/><T69/><D53/><U97/><E97/><N who="2" m="59559" /><F67/><W120/><G133/><T73/><D73/><U75/><E90/><V15/><F25/><W109/><G120/><T86/><D74/><U61/><E61/><V35/><F35/><W84/><G109/><T22/><D62/><U77/><E77/><V123/><F32/><W115/><G115/><N who="2" m="44073" /><F123/><W16/><G128/><T7/><D7/><U55/><E55/><V17/><F17/><W26/><G52/><T38/><D38/><U54/><E54/><V8/><AGARI ba="4,1" hai="8,15,19,40,41,43,68,70" m="44073,59559" machi="8" ten="30,1100,0" yaku="15,1" doraHai="130" who="2" fromWho="2" sc="120,-9,601,-7,57,33,212,-7" /><INIT seed="5,0,0,5,3,118" ten="111,594,90,205" oya="1" hai0="91,41,56,107,102,132,130,117,83,10,39,9,75" hai1="57,111,49,30,53,73,96,4,12,129,11,112,1" hai2="45,134,122,36,114,62,85,16,3,51,108,93,70" hai3="120,89,34,14,46,78,25,109,63,76,94,22,44"/><U67/><E73/><V8/><F108/><W79/><G109/><T32/><D117/><U133/><E112/><V40/><F122/><W125/><G120/><T5/><D32/><U82/><E129/><V88/><F114/><W72/><G125/><T135/><D130/><U115/><E133/><N who="0" m="51273" /><D56/><U52/><E115/><V38/><F134/><W55/><G34/><T105/><D102/><U60/><E111/><V58/><F70/><W98/><G14/><T26/><D26/><U92/><E82/><V103/><F103/><W31/><G72/><T128/><D128/><U65/><E30/><V84/><F84/><W50/><G63/><T54/><D54/><U124/><E1/><V127/><F127/><W71/><G71/><T104/><D91/><U7/><E7/><V21/><F8/><N who="0" m="3178" /><D5/><U131/><E131/><V33/><F33/><W86/><REACH who="3" step="1"/><G46/><REACH who="3" ten="111,594,90,195" step="2"/><N who="0" m="23871" /><D104/><U43/><E124/><V68/><F68/><W97/><AGARI ba="0,1" hai="22,25,31,44,50,55,76,78,79,86,89,94,97,98" machi="97" ten="30,7900,0" yaku="1,1,0,1,8,1,53,1" doraHai="118" doraHaiUra="47" who="3" fromWho="3" sc="111,-20,594,-39,90,-20,195,89" /><INIT seed="6,0,0,3,3,36" ten="91,555,70,284" oya="2" hai0="62,83,18,112,38,78,42,3,2,121,32,22,111" hai1="109,73,133,21,24,115,28,108,104,40,126,80,75" hai2="97,29,110,131,41,7,98,103,72,91,12,67,55" hai3="92,52,63,11,64,5,17,113,85,84,106,23,116"/><V96/><F72/><W99/><G106/><T19/><D111/><U101/><E101/><V35/><F67/><W16/><G116/><T89/><D121/><U81/><E104/><V93/><F110/><W123/><G123/><T100/><D32/><U128/><E115/><V4/><F131/><W61/><G113/><T60/><D112/><U70/><E70/><V49/><F41/><W79/><G64/><T120/><D120/><U82/><E40/><V125/><F125/><W10/><G5/><T105/><D89/><U127/><E128/><V66/><F66/><W51/><G61/><T87/><D62/><U50/><E50/><V124/><F124/><N who="1" m="47657" /><E133/><V59/><F12/><W74/><G63/><T26/><D60/><U71/><E71/><V57/><F57/><N who="3" m="32927" /><G74/><AGARI ba="0,0" hai="21,24,28,73,74,75,80,81,82,108,109" m="47657" machi="74" ten="40,1300,0" yaku="18,1" doraHai="36" who="1" fromWho="3" sc="91,0,555,13,70,0,284,-13" /><INIT seed="7,0,0,4,4,4" ten="91,568,70,271" oya="3" hai0="111,98,96,18,124,79,92,19,46,28,49,62,47" hai1="133,54,88,81,41,61,72,95,45,84,65,55,114" hai2="77,99,118,68,80,26,36,85,112,57,20,59,0" hai3="83,129,70,5,10,128,102,108,122,48,17,78,21"/><W27/><G70/><T53/><D124/><U94/><E114/><V101/><F112/><W103/><G122/><T90/><D111/><U69/><E133/><V134/><F134/><W34/><G108/><T11/><D28/><U24/><E24/><V93/><F118/><W73/><G48/><N who="0" m="28823" /><D79/><U131/><E131/><N who="3" m="50250" /><G34/><T63/><D96/><U135/><E135/><V127/><F127/><W50/><G50/><T130/><D130/><U31/><E31/><V64/><F0/><AGARI ba="0,0" hai="0,5,10,17,21,27,73,78,83,102,103" m="50250" machi="0" ten="30,2900,0" yaku="19,1,52,1" doraHai="4" who="3" fromWho="2" sc="91,0,568,0,70,-29,271,29" /><INIT seed="7,1,0,3,2,98" ten="91,568,41,300" oya="3" hai0="102,130,82,70,84,27,26,47,2,55,15,58,76" hai1="83,105,133,124,120,117,23,64,75,131,97,90,30" hai2="69,107,11,89,42,77,92,61,68,17,1,127,33" hai3="110,119,19,73,103,48,7,21,122,6,135,79,101"/><W91/><G119/><T66/><D2/><U129/><E120/><V5/><F127/><W56/><G122/><T43/><D130/><N who="1" m="49675" /><E124/><V46/><F33/><W18/><G73/><T35/><D35/><U36/><E133/><V134/><F134/><W95/><G135/><T100/><D66/><U59/><E36/><V114/><F114/><W126/><G79/><T108/><D70/><U104/><E117/><V54/><F77/><W57/><G126/><T22/><D108/><U9/><E9/><V40/><F107/><W20/><G110/><T93/><D15/><U52/><E64/><V4/><F4/><W85/><G6/><T111/><D111/><U94/><E83/><V99/><F42/><W12/><G7/><T80/><D27/><N who="1" m="16767" /><E75/><V50/><F61/><AGARI ba="1,0" hai="52,59,61,90,94,97,104,105" m="16767,49675" machi="61" ten="30,2000,0" yaku="19,1,54,1" doraHai="98" who="1" fromWho="2" sc="91,0,568,23,41,-23,300,0" owari="91,-31.0,591,69.0,18,-48.0,300,10.0" /></mjloggm>