<mjloggm ver="2.3"><GO type="169" lobby="0"/><UN n0="%3D%E3%81%84%E3%82%8D%E3%81%AF%3D" n1="%E3%83%88%E3%83%88%E3%83%AA%E5%85%88%E7%94%9F%31%39%E6%AD%B3" n2="%E4%B8%AD%E6%B4%B2%E3%82%BF%E3%82%A4%E3%82%AC%E3%83%BC" n3="%4E%4F%54%41" dan="17,19,16,16" rate="2137.42,2288.99,2132.05,2080.53" sx="M,F,M,M"/><TAIKYOKU oya="0"/><INIT seed="0,0,0,3,5,34" ten="250,250,250,250" oya="0" hai0="83,93,120,51,74,115,88,110,58,44,107,39,33" hai1="12,77,54,47,11,0,59,84,114,131,65,15,26" hai2="103,66,2,20,98,92,89,18,108,119,29,16,55" hai3="79,63,61,60,49,121,95,7,24,80,130,133,102"/><T82/><D120/><U41/><E131/><V67/><F119/><W19/><G130/><T69/><D115/><U94/><E65/><N who="2" m="24587" /><F2/><W42/><G133/><T30/><D107/><U128/><E128/><V32/><F32/><W27/><G7/><T78/><D69/><U123/><E123/><V40/><F108/><W126/><G126/><T52/><D110/><U113/><E26/><N who="2" m="16583" /><F40/><W132/><G132/><T37/><D82/><N who="1" m="47183" /><E94/><N who="2" m="58839" /><F55/><W13/><G121/><T122/><D122/><U116/><E116/><V10/><F10/><W135/><G135/><T99/><REACH who="0" step="1"/><D44/><REACH who="0" ten="240,250,250,250" step="2"/><U124/><E47/><V36/><F36/><W14/><G80/><T35/><D35/><U85/><E114/><V57/><F57/><W117/><G117/><T22/><D22/><U21/><E21/><V112/><F112/><W62/><G27/><AGARI ba="0,1" hai="27,30,33,37,39,51,52,58,74,78,83,88,93,99" machi="27" ten="40,7700,0" yaku="1,1,54,2,53,0" doraHai="34" doraHaiUra="38" who="0" fromWho="3" sc="240,87,250,0,250,0,250,-77" /><INIT seed="0,1,0,4,1,70" ten="327,250,250,173" oya="0" hai0="9,2,14,10,13,18,73,69,84,123,43,12,109" hai1="85,120,71,24,3,62,78,119,60,48,83,128,72" hai2="27,66,118,81,114,51,30,92,54,38,28,87,26" hai3="102,8,133,1,75,59,110,80,67,64,58,15,88"/><T5/><D73/><U104/><E119/><V37/><F114/><W23/><G133/><T132/><D69/><U74/><E120/><V121/><F121/><W6/><G110/><T82/><D123/><U86/><E3/><V63/><F118/><W20/><G102/><T131/><D132/><U77/><E104/><V35/><F92/><W16/><G23/><T45/><D109/><U46/><E128/><V117/><F117/><W4/><G4/><T11/><D131/><U93/><E71/><V21/><F66/><N who="3" m="25131" /><G75/><T130/><D130/><U99/><E74/><V126/><F126/><W0/><G0/><T103/><D103/><U111/><E111/><V96/><F63/><W116/><G1/><T42/><D9/><U32/><E72/><V25/><F96/><W90/><G116/><T95/><D95/><U39/><E39/><V79/><REACH who="2" step="1"/><F26/><REACH who="2" ten="327,250,240,173" step="2"/><N who="3" m="14599" /><G80/><T22/><D82/><N who="1" m="47311" /><E93/><V76/><F76/><W105/><G105/><T101/><D101/><U65/><E65/><V97/><F97/><W61/><G61/><T108/><D108/><U29/><E99/><V135/><F135/><W17/><G6/><T44/><D5/><U33/><E62/><V52/><F52/><W53/><G53/><T19/><D43/><N who="1" m="24671" /><E60/><V107/><F107/><W40/><G40/><T41/><D42/><U127/><E127/><V89/><F89/><AGARI ba="1,1" hai="8,15,17,58,59,88,89,90" m="14599,25131" machi="89" ten="30,3900,0" yaku="8,1,54,2" doraHai="70" who="3" fromWho="2" sc="327,0,250,0,240,-42,173,52" /><INIT seed="1,0,0,1,5,46" ten="327,250,198,225" oya="1" hai0="77,119,106,13,47,130,8,86,87,62,42,128,71" hai1="55,83,58,75,90,30,126,65,0,88,64,101,40" hai2="129,50,18,94,16,68,34,125,12,6,100,135,28" hai3="20,17,51,14,73,1,61,3,97,76,85,114,99"/><U117/><E117/><V37/><F37/><W35/><G114/><T44/><D106/><U63/><E0/><V115/><F115/><W66/><G35/><T24/><D119/><U134/><E134/><V109/><F109/><W120/><G120/><T45/><D42/><U89/><E126/><V91/><F68/><W21/><G73/><T56/><D71/><U49/><E101/><V57/><F129/><N who="0" m="49770" /><D24/><U26/><E75/><V7/><F18/><W59/><G1/><T104/><D77/><U96/><E40/><V84/><F100/><W23/><G3/><T48/><D104/><U131/><E131/><V53/><F135/><W19/><G23/><T103/><D103/><U25/><E25/><N who="2" m="18703" /><F125/><W98/><G76/><T102/><D48/><U2/><E2/><V27/><F27/><N who="3" m="14735" /><G85/><T80/><D80/><U111/><E111/><V29/><F29/><W122/><G122/><T93/><D93/><U82/><E96/><V124/><F124/><W107/><G107/><T116/><D102/><U10/><E10/><V105/><F105/><W127/><G127/><T52/><D116/><U69/><REACH who="1" step="1"/><E65/><REACH who="1" ten="327,240,198,225" step="2"/><V121/><F121/><W60/><G66/><T123/><D123/><U108/><E108/><V113/><F113/><W95/><G98/><T41/><D41/><U22/><AGARI ba="0,1" hai="22,26,30,49,55,58,63,64,69,82,83,88,89,90" machi="22" ten="30,11700,0" yaku="1,1,0,1,52,1,54,1,53,0" doraHai="46" doraHaiUra="31" who="1" fromWho="1" sc="327,-39,240,127,198,-39,225,-39" /><INIT seed="1,1,0,2,2,91" ten="288,367,159,186" oya="1" hai0="94,9,24,90,71,81,121,25,52,83,45,60,36" hai1="88,48,70,131,39,33,65,76,130,6,119,64,132" hai2="8,14,57,69,40,102,79,100,74,133,15,84,98" hai3="120,67,20,53,13,21,27,116,68,86,59,117,58"/><U29/><E119/><N who="3" m="45642" /><G120/><T4/><D121/><U113/><E113/><V73/><F69/><W118/><N who="3" m="45650" /><W0/><DORA hai="11" /><G0/><T66/><D36/><U80/><E39/><V92/><F133/><W38/><G38/><T7/><D7/><U51/><E132/><V12/><F40/><W82/><G68/><T18/><D18/><U26/><E6/><V37/><F37/><W89/><G67/><N who="1" m="25674" /><E70/><V85/><F8/><W126/><G126/><T123/><D123/><U54/><E54/><V3/><F3/><W93/><G53/><T103/><D103/><U129/><E88/><N who="2" m="55559" /><F73/><AGARI ba="1,0" hai="26,29,33,48,51,73,76,80,129,130,131" m="25674" machi="73" ten="30,1500,0" yaku="19,1" doraHai="91,11" who="1" fromWho="2" sc="288,0,367,18,159,-18,186,0" /><INIT seed="1,2,0,3,5,31" ten="288,385,141,186" oya="1" hai0="98,50,123,82,24,80,132,16,5,96,53,119,9" hai1="14,41,97,20,84,39,122,32,126,59,104,36,92" hai2="120,38,65,79,94,114,73,101,52,105,44,103,1" hai3="37,74,47,18,76,77,102,61,10,40,58,89,45"/><U107/><E122/><V22/><F1/><W91/><G102/><T133/><D119/><U57/><E126/><V55/><F120/><W56/><G56/><BYE who="3" /><T11/><D123/><U4/><E32/><V134/><F114/><W23/><G23/><N who="0" m="13415" /><D98/><U21/><E84/><V83/><F134/><N who="0" m="51818" /><D96/><U128/><E128/><V46/><F105/><W62/><G62/><T2/><D9/><U67/><E97/><UN n3="%4E%4F%54%41" /><V111/><F111/><W72/><G58/><AGARI ba="2,0" hai="2,5,11,50,53,58,80,82" m="51818,13415" machi="58" ten="30,2000,0" yaku="20,1,54,1" doraHai="31" who="0" fromWho="3" sc="288,26,385,0,141,0,186,-26" /><INIT seed="2,0,0,5,4,41" ten="314,385,141,160" oya="2" hai0="13,2,31,74,96,45,115,128,73,129,89,103,50" hai1="90,38,8,106,16,58,84,112,56,85,93,94,119" hai2="47,64,37,61,42,33,32,97,62,82,71,53,10" hai3="100,59,116,4,60,75,14,48,86,109,81,25,55"/><V107/><F82/><W40/><G109/><T70/><D2/><U124/><E112/><V92/><F107/><W22/><G116/><T130/><D115/><U76/><E119/><V126/><F126/><W36/><G75/><T99/><D70/><U17/><E106/><V34/><F10/><N who="3" m="4423" /><G36/><T57/><D31/><U113/><E113/><V134/><F134/><W133/><G100/><T91/><D57/><N who="1" m="22123" /><E38/><V121/><F121/><W44/><G133/><T131/><D13/><U111/><E8/><V15/><F15/><W66/><G22/><T27/><D27/><U68/><E68/><V102/><F62/><W69/><G25/><T95/><N who="0" m="32768" /><DORA hai="83" /><T88/><REACH who="0" step="1"/><D99/><REACH who="0" ten="304,385,141,160" step="2"/><U135/><E135/><V132/><REACH who="2" step="1"/><F132/><REACH who="2" ten="304,385,131,160" step="2"/><W49/><G69/><T80/><D80/><N who="1" m="47111" /><E124/><V79/><F79/><N who="3" m="46399" /><G49/><T7/><D7/><U3/><E3/><V108/><F108/><W125/><G125/><T12/><D12/><U122/><E111/><V65/><F65/><AGARI ba="0,2" hai="40,44,48,55,59,60,65,66" m="46399,4423" machi="65" ten="30,7700,0" yaku="25,1,8,1,52,2" doraHai="41,83" who="3" fromWho="2" sc="304,0,385,0,131,-77,160,97" /><INIT seed="3,0,0,0,3,110" ten="304,385,54,257" oya="3" hai0="53,74,13,122,84,131,130,47,40,78,73,118,27" hai1="85,75,125,52,79,95,1,35,55,43,102,113,37" hai2="90,66,33,97,83,98,121,71,132,10,80,116,112" hai3="124,128,18,69,107,30,54,104,31,72,114,127,67"/><W32/><G72/><T16/><D118/><U99/><E35/><V5/><F116/><W87/><G128/><N who="0" m="49195" /><D27/><U34/><E34/><V39/><F39/><W81/><G54/><T61/><D122/><U108/><E113/><V20/><F112/><W111/><G111/><T77/><D53/><U6/><E85/><V93/><F33/><W41/><G41/><T12/><D61/><U44/><E125/><N who="3" m="48202" /><G18/><T50/><D12/><U135/><E135/><V14/><F132/><W23/><G23/><N who="0" m="11663" /><D84/><U88/><E102/><V17/><F121/><W58/><G69/><T76/><AGARI ba="0,0" hai="40,47,50,73,74,76,77,78" m="11663,49195" machi="76" ten="30,2000,0" yaku="19,1,54,1" doraHai="110" who="0" fromWho="0" sc="304,20,385,-5,54,-5,257,-10" /><INIT seed="4,0,0,0,2,72" ten="324,380,49,247" oya="0" hai0="123,133,70,94,111,110,37,122,25,14,8,36,3" hai1="103,125,41,10,47,93,88,28,128,17,119,98,1" hai2="23,18,33,22,63,91,34,105,51,121,68,100,92" hai3="64,46,31,75,6,5,96,35,83,104,77,115,54"/><T27/><D70/><U2/><E119/><V120/><F105/><W60/><G115/><T97/><D97/><U16/><E128/><V40/><F100/><W53/><G5/><N who="0" m="1087" /><D94/><U55/><E125/><V131/><F131/><W56/><G6/><T129/><D36/><U69/><E69/><V101/><F101/><W108/><G108/><N who="0" m="41515" /><D37/><U81/><E28/><V106/><F106/><W95/><G104/><T78/><D78/><U80/><E2/><V65/><F121/><N who="0" m="46090" /><D129/><U99/><E55/><V13/><F120/><W52/><G46/><T74/><D74/><U135/><E135/><V43/><F43/><W4/><G4/><T118/><D118/><U30/><E1/><V0/><F0/><W45/><G45/><T66/><D66/><U7/><E98/><V87/><F40/><W112/><G112/><T62/><D62/><U109/><E109/><V59/><REACH who="2" step="1"/><F23/><REACH who="2" ten="324,380,39,247" step="2"/><W48/><G35/><T107/><D107/><U9/><E9/><V117/><F117/><W102/><G48/><T116/><D116/><U79/><E41/><V11/><F11/><W67/><G102/><T132/><D14/><U134/><E103/><V89/><F89/><W21/><G60/><T15/><D15/><U114/><E88/><V20/><F20/><W130/><G21/><T90/><D90/><U73/><E7/><V12/><F12/><W39/><G130/><T71/><D71/><U38/><E38/><V127/><F127/><W86/><G39/><T113/><D113/><U26/><E114/><V44/><F44/><W19/><G96/><T29/><D25/><U58/><E26/><RYUUKYOKU ba="0,1" sc="324,15,380,-15,39,15,247,-15" hai0="27,29,132,133" hai2="13,18,22,33,34,51,59,63,65,68,87,91,92" /><INIT seed="4,1,1,5,5,32" ten="339,365,54,232" oya="0" hai0="74,55,79,13,121,70,30,86,22,69,75,109,92" hai1="67,93,84,2,123,15,44,132,117,53,64,4,5" hai2="24,14,17,83,119,20,90,118,10,102,51,35,129" hai3="3,38,31,99,28,98,41,26,27,130,81,63,16"/><T62/><D121/><U57/><E123/><V112/><F102/><W8/><G130/><T126/><D126/><U80/><E117/><N who="2" m="44555" /><F129/><W113/><G113/><T18/><D109/><U65/><E132/><V25/><F112/><W124/><G124/><T23/><D69/><U56/><E2/><V12/><F51/><W40/><G63/><T71/><D71/><U72/><E72/><V68/><F68/><W125/><G125/><T49/><D30/><U1/><E1/><V134/><F134/><W37/><G3/><T39/><D39/><U76/><E44/><V36/><F36/><W128/><G128/><T33/><D33/><U104/><E104/><V108/><F83/><W42/><G81/><T115/><D115/><U85/><E15/><N who="2" m="7415" /><F90/><W135/><G135/><T54/><D23/><U6/><E53/><V60/><F60/><W100/><G37/><T82/><D92/><U127/><E127/><V116/><N who="2" m="44563" /><V19/><DORA hai="110" /><F108/><W0/><G38/><T95/><D95/><U34/><E34/><V105/><F105/><W107/><G98/><T91/><D79/><U94/><E94/><V43/><F43/><W47/><G47/><T133/><D133/><U78/><E78/><V66/><F66/><W77/><G77/><T9/><D75/><U50/><E50/><V97/><F97/><W58/><G58/><N who="0" m="35167" /><D74/><U87/><E87/><V131/><F131/><W122/><G122/><T59/><D70/><U106/><E106/><V88/><F88/><AGARI ba="1,1" hai="4,5,6,56,57,64,65,67,76,80,84,85,88,93" machi="88" ten="40,2600,0" yaku="8,1,54,1" doraHai="32,110" who="1" fromWho="2" sc="339,0,365,39,54,-29,232,0" /><INIT seed="5,0,0,3,2,93" ten="339,404,25,232" oya="1" hai0="45,11,100,44,86,132,80,122,59,4,121,6,18" hai1="96,16,26,40,70,117,43,50,83,51,77,74,81" hai2="126,105,14,92,38,123,99,107,128,22,56,68,54" hai3="112,47,127,88,39,53,27,20,58,67,89,95,124"/><U85/><E117/><V98/><F123/><N who="0" m="47114" /><D132/><U134/><E70/><V35/><F35/><W66/><G112/><T73/><D73/><U28/><E134/><V84/><F68/><W42/><G89/><N who="0" m="51399" /><D18/><U0/><E0/><V37/><F128/><W90/><G90/><T79/><D79/><U102/><E81/><V10/><F126/><N who="3" m="48171" /><G53/><T19/><D100/><U94/><E74/><V135/><F135/><W75/><G58/><T34/><D34/><U65/><E65/><V78/><F38/><W82/><G82/><T120/><D120/><U114/><E114/><V55/><F37/><W116/><G75/><T62/><D19/><U72/><E72/><V87/><F22/><W29/><G116/><T24/><D24/><U52/><E50/><N who="2" m="30807" /><F107/><W8/><G8/><T61/><D4/><U33/><E16/><N who="2" m="8279" /><F105/><W64/><G64/><N who="0" m="38975" /><D62/><U69/><E69/><V130/><F130/><W118/><G118/><T5/><D5/><U13/><E33/><V32/><F32/><W12/><G12/><AGARI ba="0,0" hai="6,11,12,44,45" m="38975,51399,47114" machi="12" ten="30,1000,0" yaku="13,1" doraHai="93" who="0" fromWho="3" sc="339,10,404,0,25,0,232,-10" /><INIT seed="6,0,0,2,4,5" ten="349,404,25,222" oya="2" hai0="96,6,80,113,127,73,119,92,26,69,33,114,52" hai1="124,70,85,122,3,112,7,16,66,15,11,47,9" hai2="17,130,75,100,50,134,110,77,81,42,61,65,94" hai3="63,23,31,117,135,22,84,111,67,133,125,59,62"/><V72/><F72/><W46/><G111/><T20/><D69/><U0/><E112/><N who="0" m="43113" /><D33/><U25/><E124/><V104/><F110/><W1/><G125/><T99/><D119/><U57/><E70/><V12/><F130/><W98/><G117/><T129/><D127/><U89/><E122/><V82/><F134/><W102/><G1/><T91/><D129/><U87/><E3/><V64/><F104/><W24/><G22/><T53/><D96/><U55/><E66/><V108/><F108/><W118/><G118/><T120/><D6/><U48/><E25/><V131/><F131/><W90/><G46/><T71/><D71/><U32/><E32/><V79/><F61/><W41/><G41/><T45/><D45/><U40/><E89/><V43/><F100/><W78/><G78/><N who="2" m="29705" /><F94/><N who="3" m="58711" /><G62/><AGARI ba="0,0" hai="0,7,9,11,15,16,40,47,48,55,57,62,85,87" machi="62" ten="30,7700,0" yaku="7,1,52,2,54,1" doraHai="5" who="1" fromWho="3" sc="349,0,404,77,25,0,222,-77" /><INIT seed="7,0,0,0,1,15" ten="349,481,25,145" oya="3" hai0="37,107,48,35,98,46,76,89,31,21,67,26,93" hai1="50,86,39,74,29,13,73,101,122,38,65,58,121" hai2="119,116,113,23,54,102,83,88,112,56,118,103,0" hai3="78,66,129,70,42,128,8,71,33,117,10,32,130"/><W24/><G117/><T111/><D111/><U123/><E29/><V45/><F0/><W64/><G78/><T6/><D107/><U28/><E28/><V106/><F45/><W75/><G24/><T25/><D37/><N who="1" m="13835" /><E101/><V11/><F23/><W85/><G85/><T82/><D67/><N who="3" m="25641" /><G42/><T34/><D6/><U18/><E86/><V30/><F30/><W61/><G61/><T40/><D25/><U95/><E74/><AGARI ba="0,0" hai="21,26,31,34,35,40,46,48,74,76,82,89,93,98" machi="74" ten="30,1000,0" yaku="7,1" doraHai="15" who="0" fromWho="1" sc="349,10,481,-10,25,0,145,0" owari="359,16.0,471,56.0,25,-47.0,145,-25.0" /></mjloggm>