<mjloggm ver="2.3"><GO type="169" lobby="0"/><UN n0="%52%45%44%53%54%41%52" n1="%E2%98%86%E3%83%9E%E3%82%B8%E3%83%83%E3%82%AF" n2="%EF%BC%B9%EF%BC%AE%EF%BC%B4%EF%BC%A9%EF%BC%B4" n3="%E3%83%88%E3%83%88%E3%83%AA%E5%85%88%E7%94%9F%31%39%E6%AD%B3" dan="16,16,16,19" rate="2084.20,2100.97,2121.92,2285.09" sx="M,M,M,F"/><TAIKYOKU oya="0"/><INIT seed="0,0,0,5,1,36" ten="250,250,250,250" oya="0" hai0="84,99,38,87,27,112,62,120,110,76,129,101,90" hai1="113,130,26,128,14,48,135,12,60,49,93,23,20" hai2="24,2,4,106,97,29,107,44,74,86,96,66,121" hai3="46,64,124,41,79,9,28,111,77,15,125,6,18"/><T40/><D112/><U69/><E113/><V103/><F74/><W72/><G111/><T57/><D120/><U98/><E135/><V63/><F121/><W21/><G28/><T32/><D129/><N who="1" m="49771" /><E60/><V117/><F117/><W37/><G64/><T104/><D76/><U73/><E69/><V95/><F44/><W65/><G65/><T0/><D0/><U39/><E39/><V56/><F86/><W71/><G71/><T16/><D110/><U114/><E73/><V50/><F50/><N who="1" m="19561" /><E114/><V100/><F2/><W78/><REACH who="3" step="1"/><G72/><REACH who="3" ten="250,250,250,240" step="2"/><T30/><D30/><N who="1" m="17735" /><E23/><V42/><F29/><W89/><G89/><AGARI ba="0,1" hai="12,14,89,93,98" m="17735,19561,49771" machi="89" ten="30,1000,0" yaku="19,1" doraHai="36" who="1" fromWho="3" sc="250,0,250,20,250,0,240,-10" /><INIT seed="1,0,0,3,4,122" ten="250,270,250,230" oya="1" hai0="41,124,116,85,18,65,36,5,123,14,107,71,15" hai1="30,1,74,101,37,19,125,112,53,60,61,89,135" hai2="78,2,47,80,102,128,114,69,58,26,52,39,20" hai3="83,56,63,103,21,130,105,62,127,108,59,3,29"/><U4/><E112/><V10/><F69/><W70/><G3/><T43/><D116/><U17/><E74/><V8/><F114/><W84/><G130/><T55/><D107/><U126/><E37/><V9/><F102/><W118/><G118/><T129/><D129/><U13/><E30/><V82/><F128/><W94/><G105/><T34/><D34/><U66/><E101/><V109/><F109/><W121/><G121/><T79/><D123/><U16/><E135/><V25/><F25/><W7/><G7/><T120/><D55/><U98/><E1/><V88/><F2/><W73/><G73/><T35/><D35/><U46/><E4/><V72/><F39/><W40/><G40/><T132/><D41/><U44/><E13/><V96/><F47/><N who="1" m="17961" /><E53/><V110/><F8/><W51/><G29/><T95/><D43/><U48/><E48/><V42/><F42/><W32/><G51/><T92/><D36/><U93/><E66/><V75/><F75/><W111/><G32/><T81/><D120/><U57/><E57/><N who="3" m="22090" /><G21/><T28/><D28/><U38/><E38/><V133/><F20/><W0/><G0/><T99/><D71/><U33/><E33/><V115/><F72/><W100/><G100/><T64/><D64/><U27/><E27/><V87/><F26/><W117/><G117/><T6/><D65/><U11/><E11/><V97/><F9/><W50/><G70/><T76/><D5/><U68/><E68/><V86/><F10/><W23/><G50/><T49/><D6/><U67/><E67/><V22/><F22/><W24/><G23/><RYUUKYOKU ba="0,0" sc="250,-10,270,30,250,-10,230,-10" hai1="16,17,19,60,61,89,93,98,125,126" /><INIT seed="1,1,0,3,3,76" ten="240,300,240,220" oya="1" hai0="17,2,29,30,14,20,18,27,41,97,56,78,28" hai1="45,100,104,115,8,72,123,121,0,81,131,51,25" hai2="46,92,4,109,113,26,35,94,134,68,111,102,89" hai3="69,1,105,38,9,87,80,12,23,24,48,11,120"/><U54/><E115/><V88/><F113/><W86/><G120/><T53/><D41/><U52/><E121/><V107/><F68/><W7/><G86/><T118/><D2/><U95/><E104/><V10/><F134/><W90/><G69/><T119/><D78/><U106/><E106/><V74/><F74/><W110/><G105/><T127/><D97/><U60/><E123/><V98/><F46/><W99/><G110/><N who="2" m="41993" /><F26/><W34/><G99/><T125/><D53/><U96/><E131/><V59/><F59/><W77/><G38/><T83/><D83/><U16/><E0/><N who="2" m="263" /><F35/><W67/><G67/><T15/><D56/><N who="1" m="34839" /><E72/><V130/><F130/><W49/><G34/><T21/><D27/><U73/><E73/><V66/><F66/><W128/><G128/><T31/><REACH who="0" step="1"/><D28/><REACH who="0" ten="230,300,240,220" step="2"/><U5/><E25/><V122/><F122/><W117/><G77/><T84/><D84/><U79/><E79/><V44/><F44/><W37/><G1/><T39/><D39/><U126/><E81/><V135/><F135/><W129/><G37/><T55/><D55/><U36/><E36/><V42/><F42/><W40/><G129/><T65/><D65/><U57/><E52/><V112/><F112/><W43/><G43/><T13/><D13/><U58/><E96/><V114/><F114/><W108/><G40/><T3/><D3/><U124/><E100/><V62/><F98/><W93/><G108/><T71/><D71/><U132/><E132/><V6/><F102/><W32/><G24/><T47/><D47/><U22/><E45/><V133/><F133/><W61/><G80/><RYUUKYOKU ba="1,1" sc="230,30,300,-10,240,-10,220,-10" hai0="14,15,17,18,20,21,29,30,31,118,119,125,127" /><INIT seed="2,2,1,4,3,29" ten="260,290,230,210" oya="2" hai0="126,58,17,113,37,18,76,51,53,105,2,36,63" hai1="11,130,65,87,19,61,41,22,122,67,125,86,34" hai2="114,108,131,91,110,56,49,82,90,31,10,80,99" hai3="14,79,4,134,84,129,119,42,57,62,104,72,33"/><V115/><F131/><W102/><G119/><T120/><D2/><U66/><E130/><V50/><F31/><W77/><G129/><T132/><D105/><U128/><E128/><V60/><F10/><W73/><G134/><T32/><D32/><U30/><E125/><V123/><F123/><W9/><G33/><T26/><D120/><U85/><E122/><V69/><F69/><W106/><G79/><T117/><D132/><U127/><E127/><V23/><F23/><W89/><G42/><T95/><D76/><U81/><E11/><V52/><F99/><W100/><G106/><T101/><D126/><U107/><E107/><V45/><F82/><W103/><G77/><T47/><D113/><N who="2" m="43018" /><F80/><W5/><G104/><T71/><D71/><U12/><E41/><N who="2" m="24751" /><F90/><W92/><REACH who="3" step="1"/><G5/><REACH who="3" ten="260,290,230,200" step="2"/><T78/><D78/><U7/><E7/><V70/><F91/><W118/><G118/><T83/><D117/><U111/><E34/><V68/><F110/><W35/><G35/><T54/><D101/><U133/><E111/><V25/><F108/><W24/><G24/><T88/><D26/><U96/><E133/><V46/><F25/><W21/><G21/><T39/><REACH who="0" step="1"/><D83/><REACH who="0" ten="250,290,230,200" step="2"/><U94/><E81/><V38/><F38/><W98/><G98/><AGARI ba="2,3" hai="17,18,36,37,39,47,51,53,54,58,63,88,95,98" machi="98" ten="40,8000,1" yaku="1,1,2,1,54,1,53,2" doraHai="29" doraHaiUra="15" who="0" fromWho="3" sc="250,116,290,0,230,0,200,-86" /><INIT seed="3,0,0,0,1,10" ten="366,290,230,114" oya="3" hai0="4,132,86,112,135,125,65,104,33,56,42,83,17" hai1="94,45,79,39,102,71,90,93,19,7,126,0,85" hai2="81,46,101,121,98,99,8,131,34,60,18,96,16" hai3="12,114,76,58,3,82,116,59,78,109,100,105,40"/><W11/><G114/><T115/><D33/><U44/><E71/><V48/><F34/><W92/><G116/><T61/><D104/><U23/><E79/><V113/><F113/><N who="0" m="43594" /><D4/><U117/><E39/><V124/><F124/><W66/><G105/><T43/><D17/><U41/><E41/><N who="0" m="15369" /><D125/><U6/><E0/><V120/><F131/><W26/><G3/><T122/><D122/><U49/><E126/><V57/><F81/><W130/><G130/><T52/><D65/><U47/><E49/><V73/><F73/><W134/><G134/><T28/><D28/><U75/><E75/><V30/><F30/><W38/><G26/><T5/><D5/><U69/><E69/><V88/><F101/><W128/><G128/><T2/><D2/><U80/><E117/><V51/><F18/><W27/><G27/><T9/><D9/><U111/><E102/><V84/><F16/><N who="3" m="8223" /><G66/><T53/><D53/><U24/><E7/><V68/><F8/><W37/><G40/><T77/><AGARI ba="0,0" hai="52,56,61,77,83,86,132,135" m="15369,43594" machi="77" ten="30,2000,0" yaku="11,1,54,1" doraHai="10" who="0" fromWho="0" sc="366,20,290,-5,230,-5,114,-10" /><INIT seed="4,0,0,4,1,21" ten="386,285,225,104" oya="0" hai0="66,14,67,32,133,31,15,125,84,60,58,105,12" hai1="38,87,42,29,122,18,28,135,77,0,114,71,123" hai2="100,48,4,97,5,65,64,131,22,69,108,41,51" hai3="36,116,98,8,61,11,111,118,24,59,110,27,10"/><T70/><D105/><U86/><E71/><V96/><F108/><N who="3" m="41515" /><G59/><T72/><D72/><U73/><E18/><V2/><F131/><W46/><G46/><T93/><D125/><U115/><E0/><V132/><F132/><W113/><G98/><T112/><D133/><U91/><E135/><V127/><F127/><W16/><G61/><T13/><D112/><N who="1" m="43051" /><E73/><V30/><F69/><W26/><G36/><T124/><D124/><U104/><E104/><V34/><F100/><W82/><G82/><T49/><D32/><U3/><E3/><V39/><F41/><W9/><G113/><T62/><D31/><N who="1" m="11851" /><E77/><V119/><F2/><W130/><G130/><T99/><D84/><N who="1" m="32299" /><E91/><V75/><F75/><W74/><G74/><T53/><N who="0" m="3072" /><DORA hai="121" /><T52/><REACH who="0" step="1"/><D49/><REACH who="0" ten="376,285,225,104" step="2"/><U106/><E106/><V54/><F48/><W85/><G85/><T92/><D92/><U1/><E1/><V43/><F51/><W126/><G126/><T35/><D35/><U7/><E7/><V102/><F34/><W40/><N who="3" m="2048" /><DORA hai="109" /><W89/><G89/><AGARI ba="0,1" hai="52,53,58,60,62,66,67,70,89,93,99" m="3072" machi="89" ten="50,9600,0" yaku="1,1,54,1,53,1" doraHai="21,121,109" doraHaiUra="90,80,45" who="0" fromWho="3" sc="376,106,285,0,225,0,104,-96" /><INIT seed="4,1,0,2,1,23" ten="482,285,225,8" oya="0" hai0="109,77,66,49,91,63,116,83,110,92,81,123,135" hai1="71,43,39,10,61,33,87,56,3,121,75,101,97" hai2="100,54,36,72,122,15,69,52,115,60,84,1,29" hai3="22,106,24,41,82,47,25,85,70,134,0,9,108"/><T117/><D123/><U42/><E75/><V18/><F72/><W2/><G108/><N who="0" m="41579" /><D49/><U114/><E33/><V130/><F1/><W133/><G106/><T44/><D44/><U113/><E71/><V93/><F36/><W14/><G70/><N who="0" m="42335" /><D135/><N who="3" m="51721" /><G22/><T31/><D31/><U51/><E51/><V105/><F29/><W79/><G0/><T62/><D62/><U95/><E39/><V28/><F28/><W90/><G90/><T80/><D77/><U125/><E121/><V34/><F34/><W53/><G53/><T11/><D11/><U127/><E42/><V119/><F52/><W94/><G94/><T38/><D38/><U103/><E43/><V58/><F54/><W16/><G2/><T111/><D111/><U128/><E10/><V74/><F122/><W120/><G120/><T118/><D118/><U99/><E3/><V59/><F119/><W89/><G79/><T98/><AGARI ba="1,0" hai="80,81,83,91,92,98,116,117" m="42335,41579" machi="98" ten="30,1500,0" yaku="10,1" doraHai="23" who="0" fromWho="0" sc="482,18,285,-6,225,-6,8,-6" /><INIT seed="4,2,0,1,5,126" ten="500,279,219,2" oya="0" hai0="100,74,32,55,95,42,69,135,78,129,109,125,104" hai1="112,96,118,47,128,0,51,130,75,65,60,110,113" hai2="62,21,133,57,84,124,1,106,45,91,81,72,120" hai3="44,13,48,9,70,58,87,17,64,38,111,8,68"/><T79/><D42/><N who="1" m="25079" /><E75/><V59/><F120/><W40/><G111/><T35/><D109/><U5/><E96/><V12/><F124/><W56/><G56/><T108/><D108/><U90/><E90/><V132/><F1/><W22/><G68/><T15/><D125/><U88/><E88/><V127/><F127/><W66/><G66/><T46/><D15/><U105/><E105/><V117/><F117/><W20/><G87/><T27/><D27/><U30/><E30/><V50/><F106/><W52/><G8/><T101/><D74/><U36/><E110/><V83/><F72/><W41/><G41/><T43/><D95/><U37/><E5/><V122/><F122/><W131/><G131/><N who="1" m="50218" /><E0/><V93/><F93/><W25/><G25/><T73/><D129/><U103/><E103/><V98/><F98/><W31/><G31/><T18/><D32/><U85/><E85/><V123/><F123/><W7/><G7/><T89/><D35/><U77/><E77/><V107/><F107/><W53/><G53/><T71/><D78/><U119/><E37/><V63/><F84/><W114/><G114/><N who="1" m="44138" /><E36/><V61/><F91/><W94/><G94/><T26/><D79/><U116/><E116/><V24/><F81/><W92/><G92/><T121/><D73/><U102/><E102/><V4/><F83/><W23/><G9/><T14/><D100/><U99/><E99/><V19/><F4/><W11/><G11/><T67/><D101/><U3/><E3/><V6/><F6/><W49/><G38/><T39/><D104/><U33/><E33/><V115/><F115/><RYUUKYOKU ba="2,0" sc="500,-15,279,15,219,-15,2,15" hai1="60,65,118,119" hai3="13,17,20,22,23,40,44,48,49,52,58,64,70" /><INIT seed="5,3,0,3,4,100" ten="485,294,204,17" oya="1" hai0="62,56,29,72,93,8,2,90,107,55,128,32,45" hai1="115,44,34,17,123,47,131,14,0,70,114,102,52" hai2="16,92,7,49,46,10,43,84,25,31,65,132,6" hai3="1,126,113,68,9,23,120,124,11,71,51,73,53"/><U91/><E123/><V50/><F132/><W64/><G120/><T77/><D107/><U36/><E34/><V121/><F121/><W58/><G73/><T30/><D128/><U122/><E122/><V39/><F65/><W97/><G113/><N who="1" m="43018" /><E0/><V54/><F16/><W35/><G35/><T66/><D32/><U85/><E131/><V103/><F10/><W79/><G79/><T26/><D8/><N who="1" m="6343" /><E70/><V12/><F6/><W4/><G23/><T21/><D2/><U94/><E36/><V119/><F39/><W88/><G11/><T125/><D30/><U96/><E52/><V18/><F7/><W129/><G129/><T109/><D55/><U57/><E57/><V74/><F54/><W3/><G3/><T5/><D5/><U33/><E33/><V95/><F43/><W133/><G133/><T61/><D45/><U78/><E78/><V80/><F46/><W19/><G19/><T130/><D56/><U76/><E76/><V41/><F41/><W86/><G64/><T69/><D66/><U111/><E111/><V40/><F40/><W106/><G71/><T118/><D109/><U42/><E42/><V117/><F18/><W75/><G68/><T105/><D77/><U127/><E127/><V87/><F74/><W81/><REACH who="3" step="1"/><G75/><REACH who="3" ten="485,294,204,7" step="2"/><T82/><D72/><U99/><E99/><V134/><F134/><W108/><G108/><T37/><D69/><U63/><E63/><V83/><F31/><W135/><G135/><T101/><D125/><U13/><E13/><V104/><F12/><W15/><G15/><T38/><D62/><U20/><E20/><RYUUKYOKU ba="3,1" sc="485,-15,294,15,204,-15,7,15" hai1="44,47,85,91,94,96,102" hai3="1,4,9,51,53,58,81,86,88,97,106,124,126" /><INIT seed="5,4,1,0,0,24" ten="470,309,189,22" oya="1" hai0="18,100,105,81,28,40,119,76,97,131,84,110,51" hai1="135,33,118,102,104,133,32,9,69,3,130,117,23" hai2="122,79,42,87,0,90,45,52,44,132,68,91,53" hai3="78,134,129,55,19,124,60,96,48,56,65,38,8"/><U107/><E69/><V16/><F122/><W22/><G38/><T47/><D119/><N who="1" m="45579" /><E102/><V92/><F68/><W7/><G129/><T46/><D110/><U82/><E82/><N who="2" m="47583" /><F0/><W64/><G134/><N who="1" m="51210" /><E130/><V12/><F132/><W49/><G124/><T115/><D131/><U77/><E77/><V95/><F95/><W127/><G127/><T27/><D115/><U98/><E98/><N who="2" m="57623" /><F91/><W58/><G78/><T93/><D46/><N who="2" m="18026" /><F42/><W112/><G112/><T59/><D59/><U26/><E107/><V103/><F103/><W66/><G96/><T101/><D105/><U94/><E94/><V37/><F37/><W73/><G73/><T35/><D100/><U126/><E104/><V80/><F80/><W15/><REACH who="3" step="1"/><G49/><REACH who="3" ten="470,309,189,12" step="2"/><T11/><D35/><U74/><E74/><V43/><F43/><W2/><AGARI ba="4,2" hai="2,7,8,15,19,22,48,55,56,58,60,64,65,66" machi="2" ten="20,5200,0" yaku="1,1,2,1,0,1,7,1,53,0" doraHai="24" doraHaiUra="106" who="3" fromWho="3" sc="470,-17,309,-30,189,-17,12,84" /><INIT seed="6,0,0,0,5,96" ten="453,279,172,96" oya="2" hai0="112,97,125,90,18,14,133,20,104,46,85,7,28" hai1="40,11,21,67,53,13,44,108,106,56,63,130,132" hai2="34,134,101,58,59,117,103,33,83,72,84,47,65" hai3="98,6,111,3,25,74,66,69,94,52,50,121,119"/><V16/><F117/><W35/><G111/><T71/><D71/><U5/><E106/><V100/><F72/><W128/><G119/><T116/><D112/><U61/><E108/><V102/><F134/><W51/><G121/><T99/><D104/><U70/><E130/><V123/><F123/><W60/><G128/><T105/><D105/><U15/><E132/><V62/><F47/><W81/><G51/><T23/><D125/><U31/><E31/><V48/><N who="2" m="25600" /><DORA hai="55" /><V135/><F135/><W42/><G42/><T82/><D7/><U27/><E27/><V131/><F131/><W88/><G6/><T24/><D116/><U93/><E93/><V126/><F126/><W2/><G35/><T92/><D133/><U122/><E122/><V45/><F16/><W87/><G74/><T118/><D118/><U8/><E44/><V54/><REACH who="2" step="1"/><F45/><REACH who="2" ten="453,279,162,96" step="2"/><W38/><G38/><T110/><D46/><U129/><E129/><V73/><F73/><W30/><G50/><T64/><D110/><U29/><E40/><V41/><F41/><W86/><G52/><T95/><D64/><U127/><E127/><V4/><F4/><W49/><G49/><T57/><D18/><U10/><E5/><V78/><AGARI ba="0,1" hai="33,34,48,54,58,59,62,65,78,83,84" m="25600" machi="78" ten="40,24000,3" yaku="1,1,0,1,52,6,53,1" doraHai="96,55" doraHaiUra="68,76" who="2" fromWho="2" sc="453,-80,279,-80,162,250,96,-80" /><INIT seed="6,1,0,3,4,96" ten="373,199,412,16" oya="2" hai0="58,115,54,103,98,25,69,114,44,111,62,42,19" hai1="76,31,35,89,107,73,23,126,45,15,121,83,80" hai2="112,119,132,12,3,63,130,93,34,40,11,59,72" hai3="127,17,113,90,30,36,82,94,92,87,116,102,47"/><V16/><F119/><W6/><G116/><T38/><D111/><U123/><E107/><V91/><F72/><W48/><G36/><T56/><D69/><U21/><E126/><V101/><F112/><N who="0" m="43050" /><D58/><U135/><E135/><V99/><F130/><W33/><G127/><T65/><D25/><N who="1" m="18927" /><E15/><V32/><F40/><W50/><G113/><T124/><D124/><U67/><E67/><V77/><F77/><W7/><G30/><T68/><D19/><U78/><E45/><V57/><F132/><W110/><G33/><T104/><D68/><U9/><E89/><V20/><F59/><W128/><G128/><T71/><D71/><U28/><E9/><V106/><F11/><W49/><G110/><T97/><D97/><U109/><E28/><V105/><F3/><W120/><G120/><N who="1" m="46154" /><E109/><V43/><F106/><W24/><G47/><T46/><D46/><U13/><E13/><V84/><F43/><W39/><G17/><T1/><D1/><U60/><E60/><V134/><F134/><W29/><G29/><T37/><D37/><U10/><E10/><V75/><F75/><AGARI ba="1,0" hai="21,23,73,75,76,78,80,83" m="46154,18927" machi="75" ten="30,1000,0" yaku="13,1" doraHai="96" who="1" fromWho="2" sc="373,0,199,13,412,-13,16,0" /><INIT seed="7,0,0,3,1,79" ten="373,212,399,16" oya="3" hai0="118,114,63,132,125,67,94,11,23,14,18,35,81" hai1="104,37,65,108,26,83,69,74,92,73,129,68,12" hai2="72,52,89,45,39,54,56,59,21,130,91,100,80" hai3="5,110,15,87,96,133,107,101,124,122,126,30,41"/><W22/><G122/><T120/><D120/><U116/><E108/><V44/><F100/><W115/><G110/><T0/><D118/><U117/><E83/><V49/><F72/><W58/><G115/><T112/><D94/><U48/><E92/><V3/><F3/><W8/><G133/><T27/><D132/><U57/><E12/><V29/><F39/><W121/><G121/><T78/><D35/><U51/><E26/><N who="2" m="16591" /><F130/><W97/><G97/><T6/><D125/><N who="3" m="48233" /><G41/><T9/><D9/><U13/><E57/><V4/><F4/><N who="3" m="3463" /><G58/><T38/><D38/><U53/><E129/><V43/><F43/><W46/><G46/><N who="2" m="18025" /><F80/><W119/><G119/><T28/><D28/><U40/><E40/><V103/><F103/><W84/><G5/><T82/><D0/><U85/><E116/><V7/><F7/><W98/><G98/><T90/><D90/><U62/><E117/><V64/><F64/><W55/><G55/><T32/><D32/><U36/><E53/><V66/><F66/><W71/><G71/><N who="0" m="42495" /><D78/><U10/><E69/><V50/><AGARI ba="0,0" hai="49,50,52,54,56,59,89,91" m="18025,16591" machi="50" ten="30,2000,0" yaku="8,1,54,1" doraHai="79" who="2" fromWho="2" sc="373,-5,212,-5,399,20,16,-10" owari="368,17.0,207,-19.0,419,51.0,6,-49.0" /></mjloggm>