<mjloggm ver="2.3"><GO type="169" lobby="0"/><UN n0="%E7%B5%B6%E5%AF%BE%E4%B8%8D%E5%8F%AF%E4%BE%B5%E9%A0%98%E5%9F%9F" n1="%61%72%61%67%69%65%6E" n2="%E9%80%86%E6%B5%81%E6%80%A7%E9%A3%9F%E9%81%93%E7%82%8E%E3%81%AA%E3%81%86" n3="%E3%83%88%E3%83%88%E3%83%AA%E5%85%88%E7%94%9F%31%39%E6%AD%B3" dan="16,17,16,19" rate="2152.87,2203.41,2068.82,2259.02" sx="M,M,M,F"/><TAIKYOKU oya="0"/><INIT seed="0,0,0,4,3,106" ten="250,250,250,250" oya="0" hai0="50,37,119,132,36,94,83,39,47,67,108,102,25" hai1="84,63,24,66,60,110,93,109,92,43,20,101,11" hai2="100,103,62,5,81,85,75,86,118,128,78,88,116" hai3="77,52,121,48,105,134,16,13,112,61,8,96,9"/><T18/><D119/><N who="2" m="45610" /><F5/><W71/><G112/><T49/><D132/><U107/><E43/><V99/><F62/><W115/><G115/><T42/><D108/><N who="1" m="41579" /><E11/><V111/><F111/><W114/><G114/><T73/><D67/><U17/><E84/><N who="2" m="32363" /><F128/><W35/><G35/><T29/><D18/><U65/><E107/><V126/><F126/><W97/><G121/><T80/><D50/><U129/><E129/><V30/><F30/><W3/><G134/><T55/><D42/><U76/><E76/><V82/><F82/><W125/><G125/><T38/><D83/><U33/><E33/><V79/><F79/><W95/><G77/><T1/><D39/><U59/><E101/><V104/><F103/><W117/><G117/><T89/><D102/><U32/><E32/><V22/><F22/><W64/><G105/><T26/><D29/><U46/><E46/><V87/><N who="2" m="32371" /><V14/><DORA hai="53" /><F14/><W6/><REACH who="3" step="1"/><G95/><REACH who="3" ten="250,250,250,240" step="2"/><T98/><D94/><U57/><AGARI ba="0,1" hai="17,20,24,57,59,60,63,65,66,92,93" m="41579" machi="57" ten="30,4000,0" yaku="14,1,52,2" doraHai="106,53" who="1" fromWho="1" sc="250,-20,250,50,250,-10,240,-10" /><INIT seed="1,0,0,0,4,29" ten="230,300,240,230" oya="1" hai0="84,19,100,79,39,23,63,2,81,73,59,21,66" hai1="60,124,31,56,61,108,62,85,5,6,71,68,112" hai2="95,123,11,125,131,134,1,42,43,25,105,90,9" hai3="28,30,54,51,86,70,72,14,128,116,111,20,122"/><U64/><E112/><V50/><F123/><W77/><G122/><T121/><D121/><U18/><E124/><V104/><F125/><W109/><G72/><T3/><D39/><U35/><E108/><N who="3" m="41546" /><G70/><T89/><D100/><U13/><E71/><V58/><F131/><W37/><G37/><T114/><D114/><U52/><E85/><V135/><F25/><W103/><G103/><T113/><D113/><U88/><E61/><V57/><F1/><W49/><G49/><T75/><D23/><U16/><E88/><V12/><F104/><W44/><G116/><T115/><D115/><U40/><E40/><V97/><F105/><W94/><G128/><T15/><D75/><U26/><E18/><V17/><F11/><AGARI ba="0,0" hai="5,6,11,13,16,26,31,35,52,56,60,62,64,68" machi="11" ten="30,11600,0" yaku="7,1,52,1,54,2" doraHai="29" who="1" fromWho="2" sc="230,0,300,116,240,-116,230,0" /><INIT seed="1,1,0,3,5,119" ten="230,416,124,230" oya="1" hai0="134,0,98,122,24,68,109,50,103,17,66,92,99" hai1="61,117,128,102,28,62,43,31,77,76,123,60,30" hai2="132,12,25,16,135,91,95,94,29,14,83,100,69" hai3="63,45,129,78,79,120,38,74,81,104,57,72,11"/><U125/><E117/><V126/><F69/><W2/><G104/><T4/><D109/><U10/><E128/><V9/><F126/><W85/><G129/><T46/><D134/><N who="2" m="51242" /><F100/><W97/><G120/><T34/><D4/><U1/><E125/><V27/><F14/><W64/><G97/><T40/><D0/><U49/><E123/><V41/><F41/><W18/><G78/><N who="1" m="30314" /><E102/><V131/><F131/><W84/><G18/><T107/><D17/><U54/><E1/><V118/><F118/><W130/><G72/><T90/><D122/><U56/><E10/><V39/><F39/><W89/><G89/><T71/><D66/><U48/><E48/><V73/><F73/><W127/><G130/><T113/><D113/><U51/><E51/><V112/><F112/><W75/><G75/><T44/><D46/><AGARI ba="1,0" hai="28,30,31,43,46,49,54,56,60,61,62" m="30314" machi="46" ten="30,1500,0" yaku="8,1" doraHai="119" who="1" fromWho="0" sc="230,-18,416,18,124,0,230,0" /><INIT seed="1,2,0,0,4,32" ten="212,434,124,230" oya="1" hai0="109,79,115,132,96,66,68,131,61,22,37,14,98" hai1="47,53,27,92,133,35,129,104,26,56,74,75,120" hai2="107,134,113,38,110,21,42,118,25,31,60,51,55" hai3="17,12,83,127,58,80,2,90,48,15,59,13,103"/><U116/><E120/><V99/><F118/><W95/><G127/><T69/><D69/><U50/><E116/><V46/><F110/><W71/><G71/><T44/><D115/><U82/><E104/><V72/><F113/><W23/><G2/><T40/><D109/><U52/><E129/><V49/><F72/><W128/><G103/><T86/><D132/><U20/><E133/><V101/><F134/><W106/><G106/><T36/><D36/><U123/><E123/><V33/><F60/><W73/><G128/><T19/><D131/><U62/><E35/><V70/><F70/><W18/><G73/><T100/><D100/><U9/><E9/><V30/><F30/><W122/><G122/><T117/><D117/><U84/><E92/><V78/><F78/><W88/><G15/><T45/><D45/><U105/><E105/><V24/><F38/><W114/><G114/><T87/><D79/><U11/><E11/><V126/><F126/><W81/><G48/><T0/><D0/><U111/><E27/><V4/><F4/><W85/><REACH who="3" step="1"/><G90/><REACH who="3" ten="212,434,124,220" step="2"/><T54/><D14/><U91/><REACH who="1" step="1"/><E111/><REACH who="1" ten="212,424,124,220" step="2"/><V64/><F107/><W34/><G34/><T57/><D22/><AGARI ba="2,2" hai="12,13,17,18,22,23,58,59,80,81,83,85,88,95" machi="22" ten="40,8000,1" yaku="1,1,9,1,8,1,54,1,53,0" doraHai="32" doraHaiUra="1" who="3" fromWho="0" sc="212,-86,424,0,124,0,220,106" /><INIT seed="2,0,0,4,3,29" ten="126,424,124,326" oya="2" hai0="24,125,55,58,33,110,124,5,2,65,131,111,13" hai1="126,21,14,97,60,119,95,98,64,92,18,12,35" hai2="89,30,91,107,57,3,94,130,102,100,129,82,19" hai3="20,76,116,118,38,108,41,50,66,62,0,74,16"/><V93/><F3/><W6/><G108/><N who="0" m="41515" /><D65/><U37/><E119/><V70/><F70/><W68/><G38/><T88/><D2/><U61/><E37/><V22/><F30/><W133/><G133/><T27/><D131/><N who="2" m="50186" /><F57/><W128/><G128/><T7/><D33/><U79/><E35/><V90/><F107/><W114/><G114/><T121/><D121/><U46/><E46/><V72/><F19/><W52/><G41/><T67/><D67/><U101/><E126/><N who="0" m="48745" /><D88/><N who="2" m="33898" /><F22/><W32/><G32/><T84/><D84/><U23/><E23/><V71/><F71/><W9/><G20/><T122/><D122/><U25/><E21/><V34/><F34/><W86/><G86/><T31/><D31/><U42/><E64/><V8/><F8/><W135/><G118/><T103/><D103/><N who="2" m="39466" /><F91/><W56/><G116/><T132/><D132/><U28/><E28/><V26/><F26/><N who="0" m="9770" /><D13/><U17/><E14/><V53/><F53/><W109/><G135/><T51/><AGARI ba="0,0" hai="5,7,51,55,58" m="9770,48745,41515" machi="51" ten="40,2700,0" yaku="14,1,18,1" doraHai="29" who="0" fromWho="0" sc="126,27,424,-7,124,-13,326,-7" /><INIT seed="3,0,0,3,5,38" ten="153,417,111,319" oya="3" hai0="24,42,109,124,61,83,98,129,113,74,25,56,97" hai1="11,69,85,131,123,68,118,81,111,107,0,64,22" hai2="108,50,130,53,23,95,9,59,33,12,94,66,16" hai3="135,102,48,47,90,110,21,89,79,99,120,19,71"/><W58/><G120/><T128/><D109/><U126/><E123/><V84/><F108/><W28/><G71/><T72/><D124/><U40/><E107/><V87/><F33/><W1/><G1/><T117/><D117/><U18/><E111/><V31/><F130/><W51/><G135/><T80/><D56/><U26/><E64/><V17/><F31/><W70/><G70/><T63/><REACH who="0" step="1"/><D42/><REACH who="0" ten="143,417,111,319" step="2"/><U55/><E40/><V30/><F30/><W41/><G110/><T13/><D13/><U76/><E126/><V116/><F116/><W29/><G29/><T62/><D62/><U134/><E118/><V127/><F127/><W86/><G58/><T132/><D132/><U105/><E134/><V36/><F36/><W52/><G41/><T46/><D46/><U39/><E39/><V106/><F66/><W100/><G48/><T122/><D122/><U114/><E69/><V54/><F54/><W6/><G28/><T43/><D43/><U10/><E68/><V96/><F106/><W14/><G47/><T121/><D121/><U91/><E105/><V57/><F57/><W44/><G44/><T15/><D15/><U119/><E119/><V3/><F3/><W93/><G51/><T78/><D78/><U88/><E0/><V101/><F94/><N who="3" m="54583" /><G52/><T7/><D7/><U49/><E131/><V4/><F4/><W112/><G6/><T8/><D8/><U60/><E60/><V125/><F125/><W92/><G92/><T20/><D20/><U5/><E11/><V35/><F35/><W82/><G112/><AGARI ba="0,1" hai="24,25,61,63,72,74,80,83,97,98,112,113,128,129" machi="112" ten="25,3200,0" yaku="1,1,22,2,53,0" doraHai="38" doraHaiUra="37" who="0" fromWho="3" sc="143,42,417,0,111,0,319,-32" /><INIT seed="4,0,0,4,0,43" ten="185,417,111,287" oya="0" hai0="90,18,105,3,76,116,75,28,98,135,39,57,128" hai1="127,104,59,125,10,132,7,54,113,107,31,95,119" hai2="27,92,100,120,121,6,110,36,69,25,106,117,11" hai3="0,45,60,56,53,68,42,83,49,50,79,130,2"/><T122/><D3/><U66/><E119/><V46/><F110/><W67/><REACH who="3" step="1"/><G130/><REACH who="3" ten="185,417,111,277" step="2"/><T73/><D128/><U74/><E125/><V87/><F117/><W102/><G102/><T81/><D116/><U14/><E127/><V103/><F103/><W63/><G63/><T32/><D135/><U134/><E134/><V21/><F100/><W129/><G129/><T123/><D123/><U111/><E132/><V101/><F101/><W16/><G16/><T35/><D122/><U58/><E107/><V77/><F106/><W131/><G131/><T34/><D105/><U40/><E104/><V93/><F120/><W84/><AGARI ba="0,1" hai="0,2,42,45,49,50,53,56,60,67,68,79,83,84" machi="84" ten="20,8000,1" yaku="21,2,0,1,7,1,52,1,53,0" doraHai="43" doraHaiUra="12" who="3" fromWho="3" sc="185,-40,417,-20,111,-20,277,90" /><INIT seed="5,0,0,5,2,113" ten="145,397,91,367" oya="1" hai0="19,18,133,9,25,3,132,82,131,65,124,90,60" hai1="109,14,34,134,80,128,8,115,119,48,67,62,114" hai2="121,85,21,51,75,12,130,33,112,94,41,31,108" hai3="37,117,16,39,116,126,1,118,56,43,26,35,24"/><U20/><E34/><V125/><F121/><W29/><G126/><T96/><D124/><U91/><E128/><V28/><F125/><W22/><G1/><T71/><D131/><U86/><E134/><N who="0" m="51817" /><D25/><U42/><E109/><V84/><F108/><W58/><G43/><T78/><D96/><U50/><E20/><V111/><F111/><W52/><G58/><T93/><D93/><U127/><E127/><V5/><F130/><W105/><G105/><T32/><D90/><U89/><E89/><V122/><F122/><W6/><G6/><N who="0" m="1247" /><D32/><U17/><E42/><V30/><F33/><W45/><G45/><T100/><D100/><U2/><E2/><V74/><F94/><W81/><G81/><T57/><D71/><U129/><E129/><V63/><F63/><AGARI ba="0,0" hai="16,22,24,26,29,35,37,39,52,56,63,116,117,118" machi="63" ten="40,12000,2" yaku="12,1,52,3,54,2" doraHai="113" who="3" fromWho="2" sc="145,0,397,0,91,-120,367,120" owari="145,-25.0,397,20.0,-29,-53.0,487,58.0" /></mjloggm>