<mjloggm ver="2.3"><GO type="169" lobby="0"/><UN n0="%E3%83%9E%E3%83%A9%E3%83%A9%E3%83%BC%E2%99%82" n1="%E3%83%88%E3%83%88%E3%83%AA%E5%85%88%E7%94%9F%31%39%E6%AD%B3" n2="%E7%A6%81%E7%85%99%E9%9B%80%E8%8D%98" n3="%E3%81%BF%E3%81%A3%E3%81%A4%E3%81%83%EF%BD%9E" dan="16,19,17,16" rate="2083.17,2325.56,2139.59,2037.89" sx="M,F,M,F"/><TAIKYOKU oya="0"/><INIT seed="0,0,0,5,5,65" ten="250,250,250,250" oya="0" hai0="135,13,109,47,86,10,70,46,11,39,96,20,105" hai1="118,126,77,119,41,1,68,112,84,2,61,48,58" hai2="64,106,90,60,91,132,124,79,7,130,37,88,40" hai3="21,57,131,75,127,59,19,98,87,69,92,116,113"/><T3/><D70/><U72/><E72/><V9/><F132/><W121/><G75/><T134/><D109/><U85/><E126/><V83/><F106/><W81/><G113/><T97/><D3/><U74/><E112/><V35/><F35/><W129/><G116/><T102/><D97/><U122/><E122/><V25/><F25/><N who="3" m="14527" /><G69/><T95/><D20/><U15/><E74/><V27/><F27/><W51/><G127/><T101/><D11/><U133/><E133/><N who="0" m="50697" /><D39/><U36/><E15/><V42/><F130/><N who="3" m="49675" /><G51/><T52/><D102/><U128/><E128/><V31/><F31/><W54/><G54/><T55/><D55/><N who="1" m="32103" /><E1/><V16/><F124/><W5/><G5/><N who="0" m="3279" /><D52/><U123/><E2/><V62/><F7/><W71/><G71/><T89/><AGARI ba="0,0" hai="46,47,86,89,95,96,101,105" m="3279,50697" machi="89" ten="30,1500,0" yaku="20,1" doraHai="65" who="0" fromWho="0" sc="250,15,250,-5,250,-5,250,-5" /><INIT seed="0,1,0,5,2,42" ten="265,245,245,245" oya="0" hai0="126,77,129,96,97,127,68,61,48,109,55,32,103" hai1="11,81,101,15,43,36,100,93,84,44,35,56,119" hai2="2,70,3,10,28,47,131,74,130,30,38,104,26" hai3="86,73,19,82,106,107,63,114,115,135,125,59,105"/><T94/><D32/><U90/><E119/><V111/><F104/><W95/><G19/><T51/><D129/><N who="2" m="49162" /><F70/><W53/><G135/><T118/><D118/><U58/><E35/><N who="2" m="20887" /><F74/><W14/><G125/><N who="0" m="47627" /><D77/><U121/><E121/><V91/><F91/><W12/><G95/><N who="0" m="58783" /><D109/><U108/><E108/><V116/><F111/><W89/><REACH who="3" step="1"/><G73/><REACH who="3" ten="265,245,245,235" step="2"/><T57/><D68/><U33/><E93/><V8/><F116/><W87/><G87/><T46/><D94/><U85/><E85/><V64/><F30/><W120/><G120/><T40/><D97/><U80/><E84/><V79/><F79/><W71/><G71/><T76/><D76/><U54/><E101/><V45/><F64/><W27/><G27/><T9/><D9/><N who="2" m="3690" /><F38/><AGARI ba="1,1" hai="38,40,46,48,51,55,57,61" m="58783,47627" machi="38" ten="30,2900,0" yaku="18,1,52,1" doraHai="42" who="0" fromWho="2" sc="265,42,245,0,245,-32,235,0" /><INIT seed="0,2,0,5,1,88" ten="307,245,213,235" oya="0" hai0="58,55,92,60,40,64,96,87,7,75,31,57,100" hai1="84,4,39,52,45,110,73,70,69,36,77,130,114" hai2="113,1,124,97,119,132,12,53,93,59,126,71,16" hai3="17,46,94,21,24,121,131,81,129,11,128,6,98"/><T26/><D75/><U48/><E114/><V117/><F1/><W74/><G121/><T123/><D123/><U18/><E73/><V3/><F3/><W76/><G46/><T89/><D40/><U51/><E4/><V107/><F107/><W109/><G109/><T8/><D7/><U47/><E18/><V38/><F71/><N who="1" m="27145" /><E84/><V42/><F42/><W10/><REACH who="3" step="1"/><G6/><REACH who="3" ten="307,245,213,225" step="2"/><T91/><D8/><U108/><E130/><V102/><F113/><W125/><G125/><N who="2" m="48233" /><F38/><N who="1" m="14377" /><E77/><V122/><F122/><W101/><AGARI ba="2,1" hai="10,11,17,21,24,74,76,81,94,98,101,128,129,131" machi="101" ten="30,8000,1" yaku="1,1,0,1,19,1,52,1,53,1" doraHai="88" doraHaiUra="23" who="3" fromWho="3" sc="307,-42,245,-22,213,-22,225,96" /><INIT seed="1,0,0,2,5,68" ten="265,223,191,321" oya="1" hai0="6,69,124,38,20,64,26,15,45,116,89,123,98" hai1="112,44,37,83,25,114,131,102,35,23,122,106,96" hai2="48,87,121,31,103,130,52,78,18,107,34,134,126" hai3="82,41,61,28,117,8,97,55,46,47,74,77,13"/><U129/><E122/><V90/><F121/><W67/><G117/><T60/><D116/><U24/><E83/><V12/><F134/><W54/><G28/><T109/><D124/><U110/><E110/><V95/><F126/><W111/><G111/><T132/><D109/><U36/><E35/><V115/><F130/><N who="1" m="49673" /><E44/><V0/><F0/><W66/><G97/><T19/><D45/><U14/><E14/><V16/><F115/><N who="1" m="44073" /><E24/><V119/><F119/><W108/><G108/><T65/><D123/><U32/><E23/><V70/><F70/><W84/><G74/><T51/><D26/><U4/><E4/><V125/><F125/><W53/><G61/><T10/><D60/><U42/><E42/><V113/><F113/><W75/><G75/><T120/><D120/><U105/><E105/><V104/><F34/><W58/><G58/><T49/><D69/><U86/><E86/><V100/><F104/><W30/><G30/><AGARI ba="0,0" hai="25,30,32,36,37,96,102,106" m="44073,49673" machi="30" ten="30,11600,0" yaku="19,1,23,1,52,2" doraHai="68" who="1" fromWho="3" sc="265,0,223,116,191,0,321,-116" /><INIT seed="1,1,0,4,4,90" ten="265,339,191,205" oya="1" hai0="13,128,119,55,108,112,56,23,110,45,34,15,11" hai1="30,103,8,118,122,33,94,50,6,61,91,21,120" hai2="7,54,58,131,65,69,80,86,38,98,60,37,4" hai3="24,42,39,89,84,41,66,43,29,102,57,28,134"/><U70/><E118/><V104/><F131/><W117/><G39/><T96/><D112/><U75/><E75/><V9/><F4/><W126/><G117/><T97/><D34/><U71/><E33/><V77/><F104/><W52/><G134/><T0/><D119/><U125/><E103/><V100/><F98/><W22/><G126/><T25/><D0/><U111/><E125/><V2/><REACH who="2" step="1"/><F100/><REACH who="2" ten="265,339,181,205" step="2"/><W107/><G102/><T121/><D96/><U127/><E127/><V12/><F12/><W63/><G107/><T129/><D128/><U62/><E120/><V114/><F114/><W88/><G29/><T18/><D121/><U17/><E30/><V26/><F26/><W44/><REACH who="3" step="1"/><G84/><REACH who="3" ten="265,339,181,195" step="2"/><T67/><D129/><U36/><E122/><V20/><F20/><W74/><G74/><T124/><D23/><U99/><E21/><V5/><F5/><W14/><G14/><T51/><D15/><U78/><E6/><V123/><F123/><W49/><AGARI ba="1,2" hai="22,24,28,41,42,43,44,49,52,57,63,66,88,89" machi="49" ten="30,8000,1" yaku="1,1,0,1,8,1,54,2,53,0" doraHai="90" doraHaiUra="82" who="3" fromWho="3" sc="265,-21,339,-41,181,-21,195,103" /><INIT seed="2,0,0,0,0,47" ten="244,298,160,298" oya="2" hai0="64,56,98,95,25,90,49,96,118,100,23,7,76" hai1="4,116,68,92,134,108,127,19,66,29,8,59,80" hai2="128,104,22,131,74,48,77,2,40,70,72,16,65" hai3="121,79,123,58,111,42,62,75,5,81,115,113,18"/><V46/><F104/><W119/><G5/><T130/><D130/><N who="2" m="49706" /><F2/><W120/><G18/><N who="0" m="12535" /><D118/><U122/><E116/><V45/><F77/><W15/><G15/><T44/><D7/><U124/><E68/><V27/><F46/><W73/><G42/><N who="0" m="24727" /><D76/><U89/><E122/><V60/><AGARI ba="0,0" hai="16,22,27,40,45,48,60,65,70,72,74" m="49706" machi="60" ten="30,6000,0" yaku="19,1,52,1,54,1" doraHai="47" who="2" fromWho="2" sc="244,-20,298,-20,160,60,298,-20" /><INIT seed="2,1,0,1,5,18" ten="224,278,220,278" oya="2" hai0="110,84,101,34,33,111,38,77,81,83,95,39,131" hai1="57,70,21,37,121,12,14,75,65,98,49,80,41" hai2="93,16,105,117,99,48,134,54,42,96,115,47,24" hai3="7,5,94,90,64,36,89,130,86,133,103,43,55"/><V30/><F117/><W13/><G130/><T78/><D131/><U66/><E121/><V11/><F115/><W85/><G133/><T69/><D69/><U46/><E98/><V100/><F134/><W29/><G103/><T119/><D119/><U22/><E75/><V114/><F114/><W128/><G128/><T53/><D53/><N who="1" m="31919" /><E66/><V62/><F62/><W25/><G64/><T32/><D101/><U124/><E80/><N who="0" m="30793" /><D84/><U127/><E12/><V28/><F42/><W6/><G55/><T109/><D95/><U45/><E14/><N who="2" m="7263" /><F105/><W3/><G3/><T63/><D63/><N who="1" m="40255" /><E45/><V122/><F122/><W108/><G13/><T20/><D20/><AGARI ba="1,0" hai="20,21,22,37,41,46,124,127" m="40255,31919" machi="20" ten="30,7700,0" yaku="24,1,52,3" doraHai="18" who="1" fromWho="0" sc="224,-80,278,80,220,0,278,0" /><INIT seed="3,0,0,5,1,41" ten="144,358,220,278" oya="3" hai0="123,117,134,49,46,95,65,91,119,114,31,37,113" hai1="26,128,56,86,29,3,83,82,30,22,8,87,0" hai2="21,109,124,61,53,6,20,63,68,55,107,121,50" hai3="126,23,40,131,103,88,75,110,72,94,9,4,38"/><W97/><G131/><T17/><D123/><U25/><E128/><V108/><F107/><W96/><G126/><T132/><D37/><U54/><E8/><V99/><F99/><W69/><G69/><T10/><D31/><U77/><E56/><V42/><F6/><W90/><G110/><N who="2" m="42601" /><F124/><W84/><G23/><N who="2" m="8777" /><F121/><W135/><G135/><N who="0" m="51755" /><D65/><U59/><E25/><V101/><F101/><W39/><G90/><T79/><D79/><U102/><E102/><V71/><F42/><W111/><G111/><T2/><D2/><U44/><E30/><V48/><F68/><W1/><G97/><N who="0" m="57599" /><D17/><U13/><E13/><V47/><F71/><W130/><G130/><T106/><D10/><U85/><E0/><V58/><AGARI ba="0,0" hai="47,48,50,53,55,58,61,63" m="8777,42601" machi="58" ten="30,2000,0" yaku="14,1,52,1" doraHai="41" who="2" fromWho="2" sc="144,-5,358,-5,220,20,278,-10" /><INIT seed="4,0,0,0,5,0" ten="139,353,240,268" oya="0" hai0="119,54,4,121,120,8,111,38,94,55,65,88,44" hai1="34,97,7,31,99,133,68,1,22,51,52,104,126" hai2="114,46,64,117,28,15,21,132,125,18,128,110,107" hai3="93,63,36,10,69,82,45,105,100,84,72,13,19"/><T6/><D119/><U124/><E68/><V101/><F64/><W92/><G72/><T118/><D118/><U67/><E67/><V80/><F46/><W130/><G130/><T79/><D79/><U56/><E34/><V48/><F48/><W134/><G134/><T74/><D74/><U85/><E133/><V40/><F40/><W43/><G105/><T109/><D65/><U23/><E85/><V9/><F80/><W112/><G112/><T41/><D55/><U20/><E31/><V78/><F78/><W76/><G69/><T113/><D113/><U70/><E70/><V61/><F61/><W62/><G92/><T47/><D47/><U95/><E104/><V96/><F96/><W87/><G87/><N who="0" m="52511" /><D54/><U53/><E53/><V11/><F101/><W60/><G93/><T42/><D42/><U50/><E50/><V2/><F107/><W83/><G82/><T98/><D98/><U127/><E95/><V12/><F132/><W17/><REACH who="3" step="1"/><G100/><REACH who="3" ten="139,353,240,258" step="2"/><T86/><D86/><U77/><E77/><V71/><F71/><W32/><G32/><T27/><D121/><U102/><E102/><V75/><F75/><W16/><AGARI ba="0,1" hai="10,13,16,17,19,36,43,45,60,62,63,76,83,84" machi="16" ten="30,4000,0" yaku="1,1,0,1,54,1,53,0" doraHai="0" doraHaiUra="91" who="3" fromWho="3" sc="139,-20,353,-10,240,-10,258,50" /><INIT seed="5,0,0,3,2,70" ten="119,343,230,308" oya="1" hai0="86,17,65,36,18,39,13,4,26,95,118,28,40" hai1="6,93,9,3,37,120,108,80,115,72,85,27,87" hai2="10,92,77,99,71,57,46,89,75,105,81,52,79" hai3="78,29,51,112,94,130,116,11,101,12,135,102,1"/><U123/><E115/><V100/><F71/><W21/><G112/><T91/><D118/><U54/><E108/><V107/><F77/><W20/><G116/><T44/><D65/><U61/><E72/><V14/><F46/><W73/><G1/><T64/><D64/><U48/><E37/><V15/><F10/><W133/><G78/><T49/><D4/><U22/><E61/><V68/><F68/><W98/><G73/><T114/><D114/><U33/><E93/><V132/><F132/><N who="3" m="50763" /><G130/><T109/><D109/><U125/><E33/><V8/><F8/><W83/><G83/><T42/><D42/><U76/><E87/><V30/><F30/><W58/><G102/><T96/><D86/><U128/><E125/><V97/><REACH who="2" step="1"/><F107/><REACH who="2" ten="119,343,220,308" step="2"/><W90/><G29/><T56/><D56/><U16/><E128/><V60/><AGARI ba="0,1" hai="14,15,52,57,60,75,79,81,89,92,97,99,100,105" machi="60" ten="20,8000,1" yaku="1,1,2,1,0,1,7,1,54,1,53,0" doraHai="70" doraHaiUra="117" who="2" fromWho="2" sc="119,-20,343,-40,220,90,308,-20" /><INIT seed="6,0,0,3,4,6" ten="99,303,310,288" oya="2" hai0="92,35,49,117,10,110,13,81,52,42,46,126,58" hai1="19,51,98,130,37,73,85,3,112,11,63,104,76" hai2="123,12,57,34,14,103,109,128,79,118,90,21,20" hai3="82,95,31,4,32,43,100,66,69,59,133,62,94"/><V15/><F118/><W78/><G133/><T87/><D110/><U25/><E37/><V36/><F123/><W1/><G43/><T33/><D117/><U18/><E73/><V122/><F122/><W64/><G31/><T45/><D126/><U0/><E63/><V108/><F36/><W68/><G32/><T60/><D46/><U125/><E51/><V91/><F79/><W48/><G66/><T5/><D92/><U7/><E0/><V77/><F77/><AGARI ba="0,0" hai="5,10,13,33,35,42,45,49,52,58,60,77,81,87" machi="77" ten="30,8000,1" yaku="7,1,25,2,52,1,54,1" doraHai="6" who="0" fromWho="2" sc="99,80,303,0,310,-80,288,0" /><INIT seed="7,0,0,3,3,71" ten="179,303,230,288" oya="3" hai0="42,122,45,128,59,15,117,0,17,50,28,3,134" hai1="25,53,63,129,75,110,38,33,105,26,80,49,111" hai2="115,48,30,94,5,24,13,31,101,52,119,79,10" hai3="27,87,76,37,86,95,99,4,66,64,91,19,107"/><W102/><G37/><T21/><D122/><U74/><E38/><V41/><F119/><W8/><G76/><T51/><D117/><U22/><E105/><V85/><F115/><W70/><G87/><T88/><D128/><U92/><E129/><V65/><F65/><W133/><G133/><T104/><D104/><U35/><E63/><V62/><F41/><W18/><G27/><T113/><D134/><U23/><E53/><V58/><F101/><W7/><G7/><T40/><D113/><U121/><E49/><V135/><F135/><W34/><G34/><T39/><D39/><U81/><E92/><V114/><F114/><W109/><G109/><T9/><D28/><U108/><E108/><V20/><F62/><W118/><G118/><T98/><D9/><U120/><AGARI ba="0,0" hai="22,23,25,26,33,35,74,75,80,81,110,111,120,121" machi="120" ten="25,3200,0" yaku="0,1,22,2" doraHai="71" who="1" fromWho="1" sc="179,-8,303,32,230,-8,288,-16" owari="171,-33.0,335,44.0,222,-18.0,272,7.0" /></mjloggm>