<mjloggm ver="2.3"><GO type="169" lobby="0"/><UN n0="%E3%81%93%E3%81%B0%E3%81%A3%E3%81%A1%E3%81%83" n1="%59%61%6E%67%6E%75%6D" n2="%E3%83%88%E3%83%88%E3%83%AA%E5%85%88%E7%94%9F%31%39%E6%AD%B3" n3="%43%4C%53" dan="18,18,19,17" rate="2150.59,2221.95,2280.88,2153.24" sx="M,M,F,M"/><TAIKYOKU oya="0"/><INIT seed="0,0,0,0,2,49" ten="250,250,250,250" oya="0" hai0="92,133,36,66,129,134,58,119,124,35,125,79,44" hai1="33,107,34,61,87,103,64,99,67,8,106,135,56" hai2="113,54,26,24,29,131,2,105,73,102,80,14,116" hai3="71,85,4,111,118,17,98,45,94,96,69,1,91"/><T86/><D35/><U108/><E108/><V60/><F113/><W122/><G118/><T43/><D119/><U57/><E135/><N who="0" m="51721" /><D79/><U30/><E107/><V121/><F116/><W68/><G111/><T101/><D101/><U100/><E103/><V81/><F2/><W93/><G122/><T18/><D18/><U112/><E112/><V7/><F121/><W84/><G17/><T16/><D16/><U104/><E104/><V28/><F131/><W62/><G62/><N who="0" m="38231" /><D86/><U53/><E64/><V15/><F73/><W72/><G72/><T126/><D92/><U83/><E8/><N who="2" m="4383" /><F15/><W40/><G4/><T78/><D78/><U63/><REACH who="1" step="1"/><E30/><REACH who="1" ten="250,240,250,250" step="2"/><V46/><F102/><W128/><G1/><T110/><D110/><U76/><AGARI ba="0,1" hai="33,34,53,56,57,61,63,67,76,83,87,99,100,106" machi="76" ten="20,8000,1" yaku="1,1,2,1,0,1,7,1,52,1,53,0" doraHai="49" doraHaiUra="123" who="1" fromWho="1" sc="250,-40,240,90,250,-20,250,-20" /><INIT seed="1,0,0,5,0,96" ten="210,330,230,230" oya="1" hai0="91,58,4,41,25,57,45,54,33,87,67,135,2" hai1="30,80,88,46,39,38,68,32,1,15,69,37,47" hai2="76,134,13,56,70,113,127,21,94,22,5,86,12" hai3="0,103,29,71,28,84,110,107,62,74,50,18,35"/><U101/><E1/><V132/><F70/><W49/><G74/><T79/><D135/><N who="2" m="51754" /><F127/><W90/><G110/><T99/><D2/><U121/><E121/><V44/><F113/><W129/><G129/><T43/><D4/><U53/><E68/><V102/><F56/><W63/><G0/><T19/><D67/><U20/><E69/><V117/><F117/><W131/><G131/><T24/><D33/><U27/><E53/><V75/><F75/><W95/><G18/><T125/><D125/><U114/><E114/><V34/><F34/><W31/><G35/><T17/><D79/><U72/><E72/><V130/><F130/><W123/><G123/><T36/><D99/><U77/><E77/><V40/><F102/><W108/><G108/><T55/><D36/><U61/><E61/><N who="3" m="23050" /><G107/><T9/><D87/><U10/><E101/><V60/><F60/><W7/><G7/><T52/><D54/><U115/><E32/><V104/><F104/><W85/><G103/><T112/><D112/><U3/><E115/><V105/><F105/><W97/><G71/><T120/><D120/><U11/><E3/><V109/><F109/><W124/><G124/><T16/><D17/><U23/><E20/><N who="2" m="7787" /><F5/><W78/><G78/><T14/><D45/><U65/><E65/><V111/><F111/><W82/><G82/><T116/><D116/><U42/><E46/><V100/><F100/><W126/><G126/><T73/><D73/><U66/><E66/><V64/><F64/><W48/><AGARI ba="0,0" hai="28,29,31,48,49,50,84,85,90,95,97" m="23050" machi="48" ten="40,1500,0" yaku="8,1" doraHai="96" who="3" fromWho="3" sc="210,-4,330,-7,230,-4,230,15" /><INIT seed="2,0,0,2,4,101" ten="206,323,226,245" oya="2" hai0="128,58,81,49,61,1,112,92,94,48,30,82,87" hai1="111,20,3,10,66,125,59,119,126,124,127,110,97" hai2="80,21,6,79,55,56,72,24,114,73,76,117,2" hai3="18,46,34,13,91,53,104,26,85,27,7,16,43"/><V22/><F114/><W99/><G7/><T52/><D1/><U77/><E119/><V108/><F117/><W54/><G54/><T113/><D128/><U78/><E20/><V74/><F108/><N who="1" m="41513" /><E97/><V133/><F133/><W83/><G53/><T14/><D30/><U98/><E98/><V135/><F135/><W19/><G13/><T32/><D32/><U134/><E134/><V132/><F132/><W65/><G65/><T44/><D81/><U62/><E126/><V69/><F69/><W120/><G120/><T33/><D33/><U67/><E67/><V107/><F107/><W51/><REACH who="3" step="1"/><G34/><REACH who="3" ten="206,323,226,235" step="2"/><T47/><D14/><U40/><E40/><V103/><F6/><AGARI ba="0,1" hai="3,6,10,59,62,66,77,78,124,125,127" m="41513" machi="6" ten="40,2600,0" yaku="18,1,14,1" doraHai="101" who="1" fromWho="2" sc="206,0,323,36,226,-26,235,0" /><INIT seed="3,0,0,1,3,33" ten="206,359,200,235" oya="3" hai0="70,127,23,53,21,97,99,27,32,130,123,122,54" hai1="131,102,90,118,117,135,38,94,8,50,133,3,103" hai2="64,57,9,82,74,88,67,12,42,73,124,76,13" hai3="106,111,17,66,104,25,45,18,61,81,30,59,89"/><W121/><G121/><T7/><D70/><U96/><E38/><V115/><F115/><W24/><G45/><T114/><D32/><U87/><E50/><V126/><F42/><W134/><G134/><N who="1" m="51210" /><E8/><V6/><F74/><W95/><G81/><T132/><D132/><U83/><E3/><V43/><F43/><W107/><G111/><T108/><D7/><U41/><E41/><V93/><F13/><W80/><G80/><T11/><D11/><U65/><E65/><V51/><F51/><W120/><G120/><T56/><D27/><U68/><E68/><V55/><F55/><W40/><G40/><T63/><D108/><U105/><E131/><V52/><F67/><W20/><REACH who="3" step="1"/><G25/><REACH who="3" ten="206,359,200,225" step="2"/><T110/><D110/><U109/><E109/><V92/><F126/><W44/><G44/><T22/><D127/><U16/><E83/><V75/><F124/><W14/><G14/><T86/><D123/><U0/><E0/><V98/><F75/><W119/><G119/><T101/><D122/><U34/><E117/><V26/><F26/><W19/><G19/><T10/><D130/><U69/><E16/><V28/><F28/><W79/><G79/><T2/><D2/><U58/><E118/><V4/><F4/><W49/><G49/><T84/><D114/><U100/><E105/><V47/><F47/><W5/><G5/><T71/><D63/><U112/><E112/><V60/><F92/><W37/><G37/><T29/><D29/><U125/><E94/><V36/><F36/><W62/><G62/><T129/><D129/><U77/><E125/><V91/><F91/><RYUUKYOKU ba="0,1" sc="206,-15,359,-15,200,15,225,15" hai2="6,9,12,52,57,60,64,73,76,82,88,93,98" hai3="17,18,20,24,30,59,61,66,89,95,104,106,107" /><INIT seed="3,1,1,2,2,122" ten="191,344,215,240" oya="3" hai0="104,13,90,59,28,49,117,132,78,123,118,97,17" hai1="88,7,129,0,79,39,11,107,70,66,68,76,74" hai2="93,135,87,21,24,25,83,38,75,134,120,126,131" hai3="23,72,84,63,80,43,46,34,128,116,69,71,60"/><W3/><G116/><T105/><D123/><U111/><E129/><V77/><F120/><W100/><G34/><T121/><D121/><U89/><E107/><V98/><F38/><W40/><G72/><T109/><D132/><N who="2" m="50730" /><F131/><W22/><G128/><T85/><D28/><U9/><E39/><V47/><F126/><W4/><G100/><T14/><D78/><U91/><E111/><V133/><F133/><W119/><G119/><T113/><D113/><U53/><E53/><V65/><F65/><W58/><G4/><T45/><D59/><U81/><E66/><V2/><F2/><W5/><G5/><T108/><D97/><U106/><E106/><V18/><F47/><W10/><G10/><N who="0" m="6327" /><D14/><U27/><E11/><V16/><F24/><W54/><G3/><T30/><D30/><U1/><E1/><V99/><F18/><W35/><G35/><T56/><D56/><U64/><E64/><V102/><F99/><W61/><G69/><T44/><D104/><U26/><E79/><V20/><F20/><N who="3" m="7723" /><G71/><T95/><D105/><U48/><E68/><V31/><F31/><W110/><G110/><N who="0" m="42603" /><D44/><U86/><E70/><V50/><F75/><W96/><G96/><T114/><D114/><U36/><E74/><V62/><F62/><N who="3" m="24171" /><G46/><T127/><D127/><U112/><E112/><V57/><F57/><W51/><N who="3" m="24179" /><W92/><DORA hai="8" /><G58/><T41/><AGARI ba="1,1" hai="41,45,49,85,90,95,117,118" m="42603,6327" machi="41" ten="30,8000,1" yaku="14,1,52,4" doraHai="122,8" who="0" fromWho="0" sc="191,93,344,-21,215,-21,240,-41" /><INIT seed="4,0,0,4,1,129" ten="284,323,194,199" oya="0" hai0="96,135,70,134,4,83,17,22,38,79,48,27,109" hai1="105,103,133,41,8,112,12,85,128,37,60,33,91" hai2="66,78,124,39,9,28,130,52,93,43,24,16,61" hai3="40,19,80,62,72,68,18,21,95,11,125,45,74"/><T30/><D38/><U121/><E128/><V67/><F130/><W100/><G125/><T98/><D70/><U69/><E121/><V35/><F124/><W82/><G72/><T57/><D109/><U86/><E112/><V101/><F78/><W71/><G71/><T50/><D4/><U131/><E131/><V94/><F101/><W115/><G115/><T53/><D50/><U126/><E33/><V75/><F75/><W6/><G74/><T107/><D30/><U110/><E110/><V13/><F43/><W132/><G62/><T114/><D114/><U55/><E86/><V32/><F39/><W23/><G68/><T119/><D119/><U97/><E41/><V108/><F32/><W56/><G56/><T117/><D117/><U47/><E37/><V76/><F76/><W49/><G100/><T84/><D107/><U29/><E69/><V102/><F108/><W87/><G95/><T14/><D27/><U54/><E54/><V65/><REACH who="2" step="1"/><F102/><REACH who="2" ten="284,323,184,199" step="2"/><W127/><G127/><T120/><D120/><U34/><E34/><V51/><F51/><W59/><G40/><T7/><REACH who="0" step="1"/><D7/><REACH who="0" ten="274,323,184,199" step="2"/><U26/><E126/><V111/><F111/><W36/><G6/><T25/><D25/><U113/><E26/><V77/><F77/><W20/><G49/><T1/><D1/><U3/><E3/><V63/><F63/><W90/><G36/><T123/><D123/><U58/><E60/><V118/><F118/><W15/><G45/><T42/><D42/><U46/><E46/><V73/><F73/><W44/><G44/><T122/><D122/><U5/><E47/><RYUUKYOKU ba="0,2" sc="274,15,323,-15,184,15,199,-15" hai0="14,17,22,48,53,57,79,83,84,96,98,134,135" hai2="9,13,16,24,28,35,52,61,65,66,67,93,94" /><INIT seed="4,1,2,5,4,18" ten="289,308,199,184" oya="0" hai0="56,128,80,78,46,53,70,7,69,92,134,74,81" hai1="17,132,86,115,55,114,71,100,50,58,112,23,103" hai2="11,27,52,3,2,129,32,62,10,79,20,12,37" hai3="67,35,126,116,49,117,77,66,127,83,4,108,73"/><T31/><D128/><U40/><E71/><V48/><F37/><W102/><G35/><T135/><D7/><U99/><E132/><N who="0" m="50729" /><D31/><U82/><E99/><V59/><F32/><W106/><G4/><T125/><D125/><N who="3" m="47625" /><G108/><T29/><D29/><U54/><E54/><V111/><F111/><W51/><G102/><T63/><D92/><U16/><E40/><V122/><F122/><W75/><G106/><T28/><D28/><U97/><E97/><V64/><F129/><W130/><G130/><T124/><D124/><U44/><E17/><N who="2" m="12687" /><F3/><W68/><G75/><N who="0" m="43103" /><D46/><U33/><E44/><N who="2" m="27655" /><F2/><W107/><G107/><T84/><D74/><U1/><E1/><V110/><F110/><W85/><G73/><T6/><D6/><U119/><E119/><N who="3" m="45642" /><G68/><T43/><D43/><U36/><E33/><V90/><F79/><AGARI ba="1,2" hai="53,56,63,69,70,79,81,84" m="43103,50729" machi="79" ten="30,1500,0" yaku="20,1" doraHai="18" who="0" fromWho="2" sc="289,38,308,0,199,-18,184,0" /><INIT seed="4,2,0,5,4,102" ten="327,308,181,184" oya="0" hai0="21,93,74,11,101,133,8,62,7,31,83,4,108" hai1="114,127,65,119,24,36,1,71,82,72,86,34,135" hai2="49,9,95,98,2,69,3,60,41,70,37,124,59" hai3="12,88,13,23,120,129,73,85,84,96,97,44,76"/><T75/><D133/><U48/><RYUUKYOKU type="yao9" ba="2,0" sc="327,0,308,0,181,0,184,0" hai1="1,24,34,36,48,65,71,72,82,86,114,119,127,135" /><INIT seed="4,3,0,2,2,16" ten="327,308,181,184" oya="0" hai0="80,54,127,44,75,26,35,87,57,117,98,62,90" hai1="89,129,114,14,91,17,111,110,133,37,64,15,21" hai2="74,60,97,125,131,93,118,55,82,63,41,3,47" hai3="108,45,2,50,121,73,105,81,103,119,0,27,24"/><T1/><D117/><U56/><E37/><V92/><F3/><W106/><G119/><T132/><D1/><U7/><E129/><V46/><F118/><W6/><G121/><T123/><D123/><U95/><E133/><V102/><F131/><W34/><G108/><T40/><D132/><U112/><E64/><V53/><F125/><W124/><G124/><T85/><D127/><U78/><E78/><V65/><F74/><W9/><G2/><T39/><D75/><U51/><E56/><V70/><F82/><W19/><G103/><T104/><D87/><U23/><E51/><V72/><F72/><W115/><G115/><N who="1" m="44074" /><E91/><V30/><F60/><W68/><G68/><T59/><D59/><U31/><E7/><V113/><F113/><W22/><G73/><T77/><D77/><U128/><E128/><V88/><F30/><W86/><G50/><T122/><D122/><U48/><E48/><V116/><F116/><W42/><G45/><T79/><D79/><U130/><E130/><V33/><F33/><W11/><G34/><T20/><D35/><U10/><E31/><V71/><F71/><W67/><G67/><T76/><D76/><U96/><E14/><V135/><F135/><W101/><G0/><T100/><D26/><U32/><E32/><V25/><F25/><W5/><G24/><T83/><D83/><U36/><E36/><N who="2" m="21799" /><F47/><W52/><G81/><T120/><D120/><U18/><E18/><V134/><F134/><W109/><G27/><T61/><D61/><U38/><E38/><V8/><F70/><W49/><G19/><T107/><D39/><RYUUKYOKU ba="3,0" sc="327,-10,308,30,181,-10,184,-10" hai1="10,15,17,21,23,89,95,96,110,111" /><INIT seed="5,4,0,2,2,77" ten="317,338,171,174" oya="1" hai0="7,62,38,134,42,22,95,97,100,112,106,21,68" hai1="0,71,54,43,4,59,12,115,128,29,27,5,46" hai2="126,13,94,74,99,127,24,56,61,117,39,49,118" hai3="69,58,20,30,10,87,67,15,19,72,75,14,31"/><U80/><E71/><V101/><F39/><W79/><G69/><T104/><D112/><U76/><E128/><V40/><F74/><W105/><G105/><T45/><D7/><U26/><E115/><V78/><F78/><W9/><G75/><T124/><D124/><N who="2" m="47658" /><F13/><W108/><G72/><T91/><D134/><U120/><E120/><V18/><F49/><W66/><G108/><T1/><D1/><U60/><E0/><V83/><F40/><W98/><G98/><T132/><D132/><U34/><E27/><V47/><F47/><W17/><G20/><T107/><D100/><U36/><E12/><V65/><F83/><N who="3" m="47615" /><G58/><T111/><D111/><U2/><E2/><V64/><F64/><AGARI ba="4,0" hai="9,10,14,15,17,19,30,31,64,66,67" m="47615" machi="64" ten="30,2000,0" yaku="8,1,52,1" doraHai="77" who="3" fromWho="2" sc="317,0,338,0,171,-32,174,32" /><INIT seed="6,0,0,2,5,45" ten="317,338,139,206" oya="2" hai0="83,2,30,61,31,8,6,39,104,65,79,129,127" hai1="43,46,14,96,105,119,4,110,47,57,72,24,121" hai2="9,94,78,40,101,81,17,25,84,66,73,49,130" hai3="87,7,115,135,117,10,29,93,102,123,37,133,134"/><V21/><F130/><W54/><G117/><T131/><D104/><U107/><E119/><V80/><F66/><W88/><G123/><T32/><D39/><U18/><E121/><V15/><F101/><W122/><G122/><T69/><D127/><U48/><E110/><V74/><F94/><W67/><G37/><T98/><D98/><U62/><E72/><V28/><REACH who="2" step="1"/><F80/><REACH who="2" ten="317,338,129,206" step="2"/><W89/><G67/><T112/><D131/><U63/><E107/><V41/><F41/><W60/><G102/><T64/><D129/><U42/><E105/><V52/><F52/><W116/><G116/><T106/><D106/><U56/><E43/><V58/><F58/><N who="3" m="34903" /><G93/><T55/><D65/><U19/><E42/><V118/><F118/><W132/><G132/><T95/><D95/><U100/><E100/><V13/><F13/><W59/><G59/><T0/><D55/><U90/><E14/><V53/><F53/><W111/><G111/><T5/><D64/><U71/><E57/><V33/><F33/><W120/><G120/><T26/><D32/><U27/><E56/><V77/><F77/><W11/><G89/><T1/><D83/><U36/><E90/><V76/><F76/><W51/><G88/><T44/><D79/><U68/><E63/><V99/><F99/><W75/><G133/><T103/><D61/><U126/><E62/><V125/><F125/><W108/><G134/><T114/><D103/><U23/><E96/><V124/><F124/><W50/><G135/><T70/><D0/><U34/><E126/><V128/><F128/><W22/><G108/><T86/><D1/><RYUUKYOKU ba="0,1" sc="317,-10,338,-10,129,30,206,-10" hai2="9,15,17,21,25,28,40,49,73,74,78,81,84" /><INIT seed="6,1,1,3,5,65" ten="307,328,159,196" oya="2" hai0="87,105,69,126,7,123,110,56,61,27,131,6,43" hai1="77,124,63,106,128,70,80,1,84,34,15,107,68" hai2="72,24,109,101,135,96,75,35,91,74,93,114,58" hai3="13,78,32,127,45,0,119,50,17,98,97,113,41"/><V26/><F114/><W111/><G119/><T29/><D123/><U82/><E1/><V104/><F135/><W20/><G111/><T83/><D105/><U120/><E34/><V3/><F3/><W122/><G122/><T81/><D110/><U37/><E120/><V18/><F109/><W22/><G32/><T38/><D69/><N who="1" m="26731" /><E37/><V112/><F112/><W117/><G117/><T102/><D102/><U94/><E94/><V73/><N who="2" m="18432" /><DORA hai="62" /><V39/><F39/><W76/><G0/><T51/><D38/><U121/><E82/><V86/><F35/><W88/><G127/><T67/><D131/><U25/><E25/><V10/><REACH who="2" step="1"/><F58/><REACH who="2" ten="307,328,149,196" step="2"/><W64/><G113/><T2/><D2/><U21/><E121/><V103/><F103/><W85/><G76/><T59/><D59/><U48/><E77/><V57/><F57/><W28/><G78/><T115/><D56/><U100/><E100/><V118/><F118/><W95/><G64/><T19/><D67/><U36/><E63/><V30/><F30/><W116/><G116/><T40/><D29/><U33/><E36/><V99/><F99/><N who="3" m="37899" /><G28/><T47/><D115/><U11/><E33/><V66/><F66/><W53/><G41/><T46/><D43/><U132/><E132/><V52/><F52/><W89/><G89/><T44/><D40/><U54/><E54/><V71/><F71/><W9/><AGARI ba="1,2" hai="9,13,17,20,22,45,50,53,85,88,95" m="37899" machi="9" ten="30,2000,0" yaku="8,1,54,1" doraHai="65,62" who="3" fromWho="3" sc="307,-6,328,-6,149,-11,196,43" /><INIT seed="7,0,0,0,4,57" ten="301,322,138,239" oya="3" hai0="44,124,118,90,5,15,92,33,68,84,78,11,6" hai1="86,128,109,24,62,65,83,25,108,74,50,49,122" hai2="61,34,97,106,0,114,47,18,129,134,19,69,14" hai3="27,88,52,41,112,28,10,48,66,59,120,87,79"/><W127/><G120/><T22/><D33/><U82/><E128/><V8/><F114/><W111/><G112/><T80/><D68/><U76/><E122/><V39/><F134/><W20/><G127/><T85/><D118/><U54/><E109/><V70/><F129/><W81/><G111/><T110/><D110/><U73/><E50/><V71/><F0/><W13/><G41/><T16/><D124/><U9/><E9/><V58/><F34/><W55/><G55/><T3/><D5/><U53/><E53/><V102/><F19/><W99/><G66/><T31/><D31/><U98/><E98/><V113/><F113/><W2/><G2/><T64/><D64/><U67/><E67/><V12/><F12/><W75/><G99/><T100/><D100/><U72/><E83/><V95/><F106/><W60/><G48/><T115/><D115/><U89/><E76/><V38/><REACH who="2" step="1"/><F47/><REACH who="2" ten="301,322,128,239" step="2"/><W121/><G121/><T77/><D44/><U126/><E108/><V23/><F23/><W40/><G13/><T36/><D36/><U94/><E126/><V37/><F37/><W42/><G10/><T125/><D125/><U46/><E24/><V45/><F45/><W4/><G4/><T131/><D131/><U51/><E25/><V119/><F119/><W21/><G20/><T93/><D77/><U103/><E46/><V130/><F130/><W116/><G116/><T43/><D43/><U32/><E32/><V104/><F104/><W91/><G40/><T7/><D7/><U30/><E30/><V29/><F29/><W26/><G42/><T35/><D35/><RYUUKYOKU ba="0,1" sc="301,15,322,-15,128,15,239,-15" hai0="3,6,11,15,16,22,78,80,84,85,90,92,93" hai2="8,14,18,38,39,58,61,69,70,71,95,97,102" owari="326,43.0,307,11.0,143,-36.0,224,-18.0" /></mjloggm>