<mjloggm ver="2.3"><GO type="169" lobby="0"/><UN n0="%E3%81%A6%E3%82%89%E3%81%94%E3%82%93" n1="%E3%82%A6%E3%83%AB%E3%83%88%E3%83%A9%E7%AB%8B%E7%9B%B4" n2="%72%61%67%61%2D%6D" n3="%6D%6D%6A%61%6E%67%6B%69" dan="17,19,16,16" rate="2210.28,2281.45,2107.98,2109.61" sx="M,M,M,M"/><TAIKYOKU oya="0"/><INIT seed="0,0,0,0,4,24" ten="250,250,250,250" oya="0" hai0="27,31,18,33,29,92,39,35,9,66,56,93,14" hai1="51,133,103,22,10,49,82,34,16,115,20,108,7" hai2="99,80,2,98,21,114,97,111,85,38,105,63,110" hai3="81,40,59,42,65,28,61,86,118,90,37,102,45"/><T95/><D39/><U104/><E34/><V11/><F38/><W101/><G118/><T46/><D46/><U52/><E115/><V107/><F114/><W126/><G42/><T87/><D87/><U41/><E133/><V129/><F63/><W123/><G123/><T119/><D119/><U67/><E67/><V12/><F2/><W25/><REACH who="3" step="1"/><G126/><REACH who="3" ten="250,250,250,240" step="2"/><T1/><D1/><U116/><E41/><V0/><F107/><W100/><G100/><T132/><D132/><U72/><E103/><V84/><F105/><W96/><G96/><T131/><D131/><U125/><E104/><V127/><F98/><W89/><G89/><T57/><REACH who="0" step="1"/><D66/><REACH who="0" ten="240,250,250,240" step="2"/><U30/><E116/><V122/><F129/><W135/><G135/><T109/><D109/><U26/><E108/><V121/><F111/><W36/><G36/><T106/><D106/><U78/><E125/><V128/><F110/><W112/><G112/><T5/><D5/><U55/><E55/><V71/><F128/><W79/><G79/><T43/><D43/><U113/><E113/><V117/><F127/><W73/><G73/><T23/><D23/><AGARI ba="0,2" hai="23,25,28,37,40,45,59,61,65,81,86,90,101,102" machi="23" ten="30,3900,0" yaku="1,1,7,1,52,1,53,0" doraHai="24" doraHaiUra="48" who="3" fromWho="0" sc="240,-39,250,0,250,0,240,59" /><INIT seed="1,0,0,4,1,58" ten="201,250,250,299" oya="1" hai0="113,40,69,66,87,49,112,8,13,10,38,48,7" hai1="68,3,117,23,44,109,130,124,115,88,36,29,34" hai2="96,127,30,39,70,28,121,12,91,120,50,81,114" hai3="54,27,42,80,56,119,18,103,72,35,51,123,31"/><U78/><RYUUKYOKU type="yao9" ba="0,0" sc="201,0,250,0,250,0,299,0" hai1="3,23,29,34,36,44,68,78,88,109,115,117,124,130" /><INIT seed="1,1,0,3,0,78" ten="201,250,250,299" oya="1" hai0="66,67,42,45,119,128,102,2,124,72,134,88,99" hai1="121,37,80,39,13,75,77,21,9,20,89,131,62" hai2="98,125,24,83,55,7,60,25,112,96,12,100,91" hai3="54,107,31,126,123,129,46,8,53,70,18,122,58"/><U61/><E121/><V90/><F112/><W85/><G107/><T0/><D119/><U22/><E131/><V69/><F69/><W10/><G31/><T41/><D72/><U52/><E89/><V116/><F91/><W30/><G30/><T93/><D128/><U73/><E73/><V38/><F38/><W27/><G70/><T56/><D134/><U111/><E111/><V97/><F100/><W133/><G133/><T43/><D124/><U105/><E105/><V114/><F125/><W127/><G129/><T51/><D102/><U14/><E14/><V81/><F90/><W6/><G127/><T65/><REACH who="0" step="1"/><D56/><REACH who="0" ten="191,250,250,299" step="2"/><U94/><E75/><V32/><F116/><W71/><G58/><T130/><D130/><U29/><E29/><V110/><F114/><W117/><G71/><T103/><D103/><U64/><E39/><V132/><F132/><W35/><G117/><T79/><D79/><U47/><E37/><V76/><F76/><W63/><G126/><T5/><D5/><U115/><E115/><V109/><F109/><W34/><G6/><T49/><D49/><N who="1" m="28735" /><E62/><V92/><F60/><W118/><G63/><T86/><D86/><N who="1" m="48399" /><E61/><V68/><F110/><W15/><G118/><T16/><D16/><N who="1" m="8239" /><E64/><V120/><F68/><W36/><G122/><T44/><D44/><U59/><E59/><V74/><F120/><W108/><G46/><T23/><D23/><U17/><E17/><V82/><F74/><W26/><G36/><T104/><D104/><U50/><E50/><V57/><F57/><W1/><G123/><T33/><D33/><U28/><E28/><RYUUKYOKU ba="1,1" sc="191,15,250,15,250,-15,299,-15" hai0="0,2,41,42,43,45,51,65,66,67,88,93,99" hai1="20,21,22,94" /><INIT seed="1,2,1,2,2,118" ten="206,265,235,284" oya="1" hai0="127,77,99,10,72,71,40,93,18,20,83,11,64" hai1="1,88,19,100,116,84,80,73,89,103,51,122,56" hai2="12,68,75,6,106,65,101,43,85,95,111,7,52" hai3="17,38,132,22,9,96,115,87,27,135,8,63,102"/><U48/><E1/><V28/><F75/><W31/><G38/><T23/><D127/><U2/><E2/><V25/><F43/><W29/><G87/><T37/><D23/><U76/><E116/><V90/><F111/><W5/><G63/><T97/><D64/><U30/><E30/><N who="3" m="11274" /><G115/><T34/><D71/><U91/><E73/><V114/><F12/><N who="3" m="7311" /><G96/><T123/><D99/><U54/><E122/><V125/><F125/><W134/><G102/><N who="1" m="38954" /><E19/><V50/><F114/><W124/><G124/><T46/><D123/><U69/><E69/><V53/><F101/><W61/><G61/><AGARI ba="2,1" hai="48,51,54,56,61,76,80,84,88,89,91" m="38954" machi="61" ten="30,2900,0" yaku="8,1,54,1" doraHai="118" who="1" fromWho="3" sc="206,0,265,45,235,0,284,-35" /><INIT seed="1,3,0,5,4,50" ten="206,310,235,249" oya="1" hai0="92,127,128,5,34,30,71,11,26,98,75,73,16" hai1="64,13,115,15,129,72,58,61,8,110,44,36,109" hai2="112,84,27,40,123,131,2,108,86,79,134,80,51" hai3="93,43,96,41,3,118,56,121,114,119,14,82,7"/><U81/><E115/><V33/><F2/><W55/><G121/><T106/><D106/><U102/><E102/><V49/><F123/><W28/><G3/><T35/><D35/><U59/><E129/><V46/><F131/><W1/><G1/><T69/><D128/><U85/><E72/><V24/><F112/><W68/><G68/><T39/><D39/><U62/><E44/><V74/><F134/><W126/><G82/><T48/><D127/><U97/><E97/><V23/><F108/><N who="1" m="41577" /><E8/><V78/><F78/><W42/><G28/><T76/><D5/><U90/><E36/><V12/><F33/><W125/><G14/><T122/><D122/><U94/><E94/><V60/><F12/><W88/><G7/><T6/><D6/><U124/><E124/><N who="3" m="47722" /><G114/><T83/><D73/><U38/><E38/><V29/><F27/><W31/><G31/><T25/><D11/><U103/><E103/><V32/><F32/><W10/><G10/><T133/><D133/><U20/><E20/><V0/><F0/><W117/><G117/><T45/><D26/><U37/><E37/><V135/><F135/><W132/><G132/><T65/><D65/><AGARI ba="3,0" hai="13,15,58,59,61,62,64,65,81,85,90" m="41577" machi="65" ten="30,2900,0" yaku="14,1,10,1" doraHai="50" who="1" fromWho="0" sc="206,-38,310,38,235,0,249,0" /><INIT seed="1,4,0,2,3,122" ten="168,348,235,249" oya="1" hai0="86,69,56,71,22,6,121,82,91,67,13,103,32" hai1="31,55,14,50,30,113,124,27,61,133,47,109,114" hai2="108,16,128,20,95,33,36,46,62,2,64,123,92" hai3="107,43,53,10,37,76,77,110,19,21,72,28,129"/><U125/><E30/><V131/><F33/><W120/><G107/><T41/><D32/><U38/><E14/><V78/><F2/><W29/><G43/><T119/><D119/><U115/><E27/><V80/><F123/><W84/><G37/><T105/><D121/><U89/><E31/><V94/><F46/><W97/><G72/><T101/><D41/><U118/><E89/><V48/><F48/><W87/><G97/><T25/><D105/><U8/><E8/><V60/><F36/><W81/><G10/><T83/><D83/><U102/><E102/><V40/><F40/><W57/><G129/><N who="2" m="49737" /><F64/><W15/><G120/><T63/><D13/><U68/><E38/><V106/><F106/><W18/><G18/><T9/><D9/><U35/><E35/><V17/><F17/><W104/><G104/><T100/><D6/><U45/><E45/><V73/><F108/><W70/><G70/><T130/><D130/><U112/><E109/><V5/><F5/><W93/><G110/><T134/><D134/><U74/><E133/><V65/><F65/><W116/><G116/><T7/><D7/><U59/><E115/><V75/><F75/><W117/><G117/><T26/><D26/><AGARI ba="4,0" hai="16,20,26,60,62,73,78,80,92,94,95" m="49737" machi="26" ten="30,2000,0" yaku="19,1,54,1" doraHai="122" who="2" fromWho="0" sc="168,-32,348,0,235,32,249,0" /><INIT seed="2,0,0,1,0,41" ten="136,348,267,249" oya="2" hai0="134,83,66,32,106,30,115,28,102,70,85,75,117" hai1="107,2,105,118,74,45,23,49,50,112,16,89,123" hai2="67,127,125,111,97,114,37,81,99,129,135,121,0" hai3="63,5,122,38,126,53,6,55,58,116,11,18,3"/><V10/><F67/><W91/><G116/><T95/><D115/><U73/><E2/><V100/><F114/><W1/><G122/><T48/><D117/><U59/><E118/><V26/><F121/><W87/><G38/><T90/><D134/><U39/><E39/><V57/><F57/><W52/><G126/><T21/><D32/><U22/><E89/><V7/><F135/><W133/><G133/><T13/><D48/><U4/><E4/><V93/><F37/><W29/><G29/><T131/><D131/><U80/><E105/><V77/><F129/><W103/><G103/><T109/><D109/><U130/><E107/><V25/><F99/><W44/><G18/><T27/><D13/><U72/><E74/><V86/><REACH who="2" step="1"/><F111/><REACH who="2" ten="136,348,257,249" step="2"/><W51/><G58/><T15/><D66/><U34/><E59/><V98/><F98/><W82/><G63/><T40/><D70/><U62/><E62/><V36/><F36/><W24/><G24/><AGARI ba="0,1" hai="0,7,10,24,25,26,77,81,86,93,97,100,125,127" machi="24" ten="40,2000,0" yaku="1,1,53,0" doraHai="41" doraHaiUra="17" who="2" fromWho="3" sc="136,0,348,0,257,30,249,-20" /><INIT seed="2,1,0,3,5,10" ten="136,348,287,229" oya="2" hai0="119,110,103,102,69,77,26,8,118,94,97,92,82" hai1="12,46,122,63,75,124,125,52,22,4,88,107,30" hai2="117,38,67,114,9,49,36,91,37,33,111,40,113" hai3="123,127,105,115,70,47,74,85,64,42,15,34,131"/><V23/><F117/><N who="0" m="44554" /><D69/><U57/><E107/><V55/><F33/><W43/><G105/><N who="0" m="63695" /><D26/><U106/><E75/><V134/><F67/><W95/><G74/><N who="0" m="43319" /><D8/><N who="1" m="4103" /><E106/><V109/><F9/><W93/><G70/><T17/><D17/><U45/><E122/><V51/><F23/><W135/><G34/><T129/><D110/><N who="2" m="41994" /><F91/><W25/><G25/><T90/><D129/><U61/><E22/><V62/><F134/><W32/><G32/><T14/><D14/><U31/><E31/><V68/><F40/><W81/><G135/><T11/><D11/><U126/><E30/><V59/><F68/><W73/><G131/><T50/><D50/><AGARI ba="1,0" hai="36,37,38,49,50,51,55,59,62,113,114" m="41994" machi="50" ten="40,12000,1" yaku="14,1,10,1,34,2" doraHai="10" who="2" fromWho="0" sc="136,-123,348,0,287,123,229,0" /><INIT seed="2,2,0,2,4,32" ten="13,348,410,229" oya="2" hai0="105,62,58,43,94,17,67,112,69,30,133,20,123" hai1="72,36,108,106,77,40,26,79,6,63,14,104,65" hai2="131,134,37,117,11,13,102,16,87,3,127,97,8" hai3="110,47,120,80,132,64,98,89,116,49,92,75,78"/><V130/><F117/><W96/><G110/><T113/><D105/><U45/><E108/><V100/><F37/><W88/><G116/><T68/><D123/><U23/><E14/><V121/><F121/><W39/><G39/><T31/><D133/><U29/><E6/><N who="2" m="1119" /><F134/><W125/><G132/><T135/><D135/><U91/><E91/><V34/><F34/><W129/><G64/><T52/><D68/><U60/><E60/><V38/><F38/><W7/><G7/><T83/><D43/><U103/><E72/><V59/><F59/><W81/><G49/><T51/><D83/><U114/><E114/><V56/><F56/><W54/><G54/><T101/><D112/><U111/><E111/><V90/><F97/><W99/><G47/><T9/><D9/><U66/><E66/><V1/><F1/><W118/><G118/><T109/><D113/><U41/><E41/><V85/><F85/><N who="3" m="50223" /><G120/><T84/><D109/><U24/><E65/><V21/><F21/><W27/><G27/><T5/><D5/><U33/><E63/><V55/><F55/><W4/><G4/><T25/><REACH who="0" step="1"/><D84/><REACH who="0" ten="3,348,410,229" step="2"/><U28/><E40/><V70/><F70/><W48/><G80/><T74/><D74/><U107/><E107/><V50/><F87/><W46/><G75/><T95/><D95/><U15/><E106/><V0/><F11/><W53/><G92/><T128/><D128/><U86/><E104/><V42/><F131/><W12/><G129/><T57/><D57/><U115/><E86/><V44/><F130/><W71/><G71/><T19/><D19/><U35/><E115/><RYUUKYOKU ba="2,1" sc="3,30,348,-10,410,-10,229,-10" hai0="17,20,25,30,31,51,52,58,62,67,69,94,101" /><INIT seed="3,3,1,1,4,103" ten="33,338,400,219" oya="3" hai0="20,42,105,15,52,79,90,83,133,5,38,37,82" hai1="26,88,28,61,118,45,85,122,3,124,117,46,119" hai2="33,21,58,78,63,7,100,67,39,97,11,64,104" hai3="0,43,71,80,89,68,106,110,54,36,32,102,23"/><W126/><G0/><T51/><D133/><U131/><E3/><V96/><F33/><W47/><G126/><T129/><D129/><U24/><E122/><V19/><F39/><W112/><G112/><T9/><D105/><U66/><E131/><V74/><F96/><W4/><G4/><T50/><D90/><U70/><E124/><V93/><F74/><W10/><G10/><T35/><D35/><U135/><E135/><V130/><F78/><W57/><G32/><T75/><D83/><U94/><REACH who="1" step="1"/><E24/><REACH who="1" ten="33,328,400,219" step="2"/><V81/><F130/><W73/><G110/><T109/><D109/><U31/><E31/><V25/><F25/><W92/><G23/><AGARI ba="3,2" hai="23,26,28,45,46,61,66,70,85,88,94,117,118,119" machi="23" ten="40,5200,0" yaku="1,1,12,1,54,1,53,0" doraHai="103" doraHaiUra="14" who="1" fromWho="3" sc="33,0,328,81,400,0,219,-61" /><INIT seed="4,0,0,1,3,135" ten="33,409,400,158" oya="0" hai0="83,122,1,67,118,65,95,2,121,66,90,131,29" hai1="51,45,106,123,60,54,48,132,82,87,98,105,126" hai2="9,85,86,114,100,134,47,12,133,52,79,69,56" hai3="3,22,91,61,103,112,40,117,108,34,77,116,18"/><T55/><D118/><U74/><E74/><V119/><F69/><W46/><G34/><T99/><D131/><U19/><E123/><V4/><F119/><W92/><G3/><T44/><D29/><U63/><E126/><V125/><F125/><W76/><G103/><T75/><D2/><U88/><E132/><N who="2" m="50795" /><F79/><W129/><G108/><T97/><D1/><U5/><E5/><V80/><F80/><W7/><G7/><T50/><REACH who="0" step="1"/><D99/><REACH who="0" ten="23,409,400,158" step="2"/><U62/><E98/><V24/><F114/><W107/><G129/><T49/><D49/><U15/><REACH who="1" step="1"/><E51/><REACH who="1" ten="23,399,400,158" step="2"/><N who="2" m="30751" /><F85/><W110/><G117/><T64/><N who="0" m="16384" /><DORA hai="71" /><T109/><D109/><U104/><E104/><V59/><F86/><W39/><G110/><T81/><D81/><U35/><E35/><V37/><F37/><W120/><G107/><T72/><D72/><U33/><E33/><V94/><F94/><W113/><G116/><T20/><D20/><AGARI ba="0,2" hai="15,19,20,45,48,54,60,62,63,82,87,88,105,106" machi="20" ten="40,5200,0" yaku="1,1,54,1,53,1" doraHai="135,71" doraHaiUra="93,41" who="1" fromWho="0" sc="23,-52,399,72,400,0,158,0" owari="-29,-53.0,471,57.0,400,20.0,158,-24.0" /></mjloggm>