<mjloggm ver="2.3"><GO type="169" lobby="0"/><UN n0="%E3%82%A6%E3%83%AB%E3%83%88%E3%83%A9%E7%AB%8B%E7%9B%B4" n1="%E9%B3%B3%E5%BC%A5" n2="%E7%A6%81%E7%85%99%E9%9B%80%E8%8D%98" n3="%75%73%61" dan="19,16,17,17" rate="2306.74,2096.37,2144.41,2122.55" sx="M,M,M,F"/><TAIKYOKU oya="0"/><INIT seed="0,0,0,4,4,11" ten="250,250,250,250" oya="0" hai0="57,54,39,15,13,115,97,124,6,82,70,47,128" hai1="96,85,4,14,25,63,26,106,33,101,84,98,89" hai2="99,108,133,80,79,46,109,76,107,30,71,53,117" hai3="94,122,72,88,5,34,104,59,81,127,65,38,41"/><T61/><D115/><U113/><E113/><V60/><F117/><W50/><G104/><T7/><D128/><U36/><E36/><V0/><F0/><W27/><G38/><T123/><D123/><U29/><E26/><V62/><F133/><W22/><G34/><T132/><D132/><U103/><E63/><V67/><F30/><W16/><G122/><T102/><D70/><U40/><E40/><V95/><F107/><W135/><G135/><T45/><D124/><U100/><E98/><V110/><F80/><W131/><G131/><T129/><D129/><U130/><E130/><V77/><F60/><N who="3" m="38047" /><G72/><T66/><D82/><U37/><E37/><V23/><F23/><W48/><G127/><T19/><D39/><U49/><E49/><V75/><F75/><W3/><G3/><T114/><D114/><U87/><REACH who="1" step="1"/><E89/><REACH who="1" ten="250,240,250,250" step="2"/><V21/><F53/><W58/><G41/><T32/><D54/><U44/><E44/><V24/><F46/><W69/><G69/><T125/><D125/><U90/><E90/><V55/><F55/><W134/><G134/><T86/><D47/><U43/><E43/><V52/><F52/><N who="3" m="32007" /><G50/><T1/><D45/><U2/><E2/><V51/><F51/><W56/><G56/><T68/><D57/><U20/><E20/><V78/><F21/><W93/><G5/><N who="0" m="1547" /><D1/><U112/><E112/><V42/><F42/><W35/><G35/><T116/><D32/><U74/><E74/><V73/><F24/><W105/><G105/><N who="0" m="63695" /><D116/><U111/><E111/><V17/><F73/><W8/><G8/><AGARI ba="0,1" hai="4,8,14,25,29,33,84,85,87,96,100,101,103,106" machi="8" ten="40,2600,0" yaku="1,1,52,1,53,0" doraHai="11" doraHaiUra="119" who="1" fromWho="3" sc="250,0,240,36,250,0,250,-26" /><INIT seed="1,0,0,5,1,107" ten="250,276,250,224" oya="1" hai0="64,122,103,84,127,61,46,6,37,135,52,42,66" hai1="39,14,18,95,59,110,68,56,26,41,83,102,50" hai2="25,88,24,63,128,121,130,117,114,54,21,17,35" hai3="28,3,104,87,22,62,38,126,30,65,81,44,58"/><U55/><E68/><V131/><F117/><W134/><G104/><T78/><D127/><U57/><E110/><V60/><F121/><W70/><G3/><T20/><D135/><U91/><E26/><V71/><F114/><W85/><G126/><T118/><D118/><U86/><E41/><V74/><F74/><W76/><G134/><T112/><D112/><U47/><E39/><V53/><F71/><W124/><G124/><T100/><D122/><U108/><E108/><V111/><F111/><W125/><G125/><T13/><D78/><U19/><E19/><V31/><REACH who="2" step="1"/><F88/><REACH who="2" ten="250,276,240,224" step="2"/><W120/><G70/><T8/><D84/><U12/><E18/><V105/><F105/><W82/><G120/><T132/><D132/><U15/><REACH who="1" step="1"/><E102/><REACH who="1" ten="250,266,240,224" step="2"/><V36/><F36/><W75/><G38/><T109/><D109/><U45/><E45/><V113/><F113/><W29/><G44/><T72/><D103/><U129/><E129/><V89/><F89/><W1/><G30/><T32/><D100/><U99/><E99/><V123/><F123/><W33/><G29/><T34/><D37/><U10/><E10/><V48/><F48/><W93/><G28/><T4/><D8/><U101/><E101/><V9/><F9/><W49/><G76/><T116/><D46/><U94/><AGARI ba="0,2" hai="12,14,15,47,50,55,56,57,59,83,86,91,94,95" machi="94" ten="40,12000,1" yaku="1,1,0,1,8,1,53,1" doraHai="107" doraHaiUra="51" who="1" fromWho="1" sc="250,-40,266,140,240,-40,224,-40" /><INIT seed="1,1,0,2,5,113" ten="210,406,200,184" oya="1" hai0="135,121,13,90,96,85,37,41,61,66,92,99,104" hai1="27,79,65,25,0,58,68,118,119,131,97,4,28" hai2="63,117,43,60,107,126,17,35,6,5,52,116,8" hai3="47,78,36,122,19,125,111,73,10,98,39,33,108"/><U15/><E68/><V103/><F43/><W44/><G33/><T80/><D135/><U42/><E0/><V100/><F35/><W24/><G122/><T114/><D114/><U120/><E120/><V74/><F17/><W86/><G73/><T84/><D121/><U49/><E79/><V51/><F74/><W115/><G115/><T132/><D132/><U123/><E123/><V21/><F21/><W87/><G125/><T77/><D104/><U22/><E131/><V134/><F126/><W7/><G98/><T75/><D75/><U88/><E27/><V1/><F5/><W133/><G133/><T40/><D13/><U69/><E69/><V81/><F81/><W30/><G19/><T105/><D105/><U128/><E128/><V55/><F134/><W29/><G24/><T50/><D37/><U70/><E70/><V34/><F34/><W106/><G106/><T89/><D50/><U93/><E42/><N who="0" m="16489" /><D90/><U109/><E109/><V46/><F107/><W64/><G78/><T91/><D91/><U57/><E49/><V12/><F1/><W110/><G110/><T38/><D38/><U124/><E124/><V26/><F26/><W18/><G18/><T95/><D95/><U3/><E3/><V53/><F53/><W45/><G7/><T14/><D14/><U71/><E71/><V112/><F112/><W102/><G36/><T11/><D11/><N who="1" m="4583" /><E65/><V127/><F127/><W82/><G39/><T101/><D101/><N who="2" m="38986" /><F55/><W48/><G111/><T67/><D67/><U129/><E129/><V16/><F6/><W72/><G108/><T94/><D94/><RYUUKYOKU ba="1,0" sc="210,10,406,10,200,10,184,-30" hai0="61,66,77,80,84,85,89,92,96,99" hai1="22,25,28,57,58,88,93,97,118,119" hai2="8,12,16,46,51,52,60,63,116,117" /><INIT seed="1,2,0,2,2,47" ten="220,416,210,154" oya="1" hai0="72,131,3,74,104,32,65,50,100,126,57,92,80" hai1="75,48,110,135,61,43,63,127,132,38,79,89,64" hai2="26,25,35,129,6,112,18,119,124,44,93,62,107" hai3="20,0,99,96,66,10,23,54,128,24,125,2,59"/><U1/><E1/><V91/><F107/><W8/><G66/><T130/><D32/><U68/><E75/><V133/><F119/><W123/><G123/><T81/><D3/><U52/><E79/><V115/><F133/><N who="1" m="51273" /><E89/><V67/><F124/><W116/><G125/><T15/><D126/><U5/><E5/><V95/><F129/><W17/><G128/><T56/><D100/><U85/><E85/><V86/><F6/><W134/><G134/><T13/><D92/><U34/><E34/><V40/><F93/><W7/><G116/><T60/><D104/><U73/><E73/><V9/><F35/><W102/><G102/><T31/><D31/><U41/><E127/><V87/><F87/><W88/><G8/><T82/><D82/><U105/><E105/><V90/><F90/><W111/><G111/><T49/><D60/><N who="1" m="39943" /><E110/><V70/><F9/><W4/><G4/><T76/><D65/><U83/><E83/><V94/><F94/><W101/><G101/><T120/><REACH who="0" step="1"/><D76/><REACH who="0" ten="210,416,210,154" step="2"/><U30/><E30/><V55/><F95/><W122/><G0/><T36/><D36/><U22/><E38/><V11/><F115/><W29/><G122/><AGARI ba="2,1" hai="13,15,49,50,56,57,72,74,80,81,120,122,130,131" machi="122" ten="25,8000,1" yaku="1,1,22,2,52,2,53,0" doraHai="47" doraHaiUra="42" who="0" fromWho="3" sc="210,96,416,0,210,0,154,-86" /><INIT seed="2,0,0,1,2,109" ten="306,416,210,68" oya="2" hai0="19,71,48,61,23,84,85,1,118,6,112,74,35" hai1="9,77,30,26,89,75,127,124,39,21,59,50,117" hai2="73,42,28,86,53,131,10,60,110,135,24,102,88" hai3="25,64,113,37,105,100,90,27,132,5,111,116,96"/><V128/><F73/><W83/><G116/><T92/><D74/><U52/><E39/><V58/><F135/><W20/><G37/><T80/><D35/><U98/><E117/><V17/><F102/><W129/><G111/><T91/><D118/><U38/><E38/><V13/><F42/><W62/><G132/><T133/><D133/><U15/><E77/><V97/><F97/><W2/><G129/><T69/><D112/><U123/><E75/><V65/><F65/><W122/><G122/><T43/><D61/><U29/><E29/><V94/><REACH who="2" step="1"/><F110/><REACH who="2" ten="306,416,200,68" step="2"/><W4/><G64/><T33/><D43/><U134/><E134/><V32/><AGARI ba="0,1" hai="10,13,17,24,28,32,53,58,60,86,88,94,128,131" machi="32" ten="30,12000,1" yaku="1,1,2,1,0,1,54,1,53,1" doraHai="109" doraHaiUra="7" who="2" fromWho="2" sc="306,-40,416,-40,200,130,68,-40" /><INIT seed="2,1,0,5,4,108" ten="266,376,330,28" oya="2" hai0="126,116,135,76,36,115,64,89,32,67,92,114,85" hai1="58,128,18,51,15,111,55,106,62,95,93,7,109" hai2="20,91,27,45,81,34,133,84,123,10,38,22,35" hai3="80,21,48,30,66,3,73,53,72,0,99,107,28"/><V9/><F123/><W54/><G66/><N who="0" m="25131" /><D32/><U120/><E106/><V12/><F133/><W77/><G72/><T90/><D36/><U37/><E37/><V26/><F38/><W50/><G107/><T25/><D25/><U23/><E128/><V124/><F124/><W57/><G99/><T129/><D76/><U5/><E62/><V52/><F34/><W56/><REACH who="3" step="1"/><G21/><REACH who="3" ten="266,376,330,18" step="2"/><T13/><D126/><U104/><E104/><V105/><F105/><W41/><G41/><T24/><D129/><U88/><E120/><V4/><F35/><W112/><G112/><T17/><D135/><U70/><E70/><V127/><F127/><W40/><G40/><T43/><D43/><U46/><E111/><V121/><F121/><W94/><G94/><T1/><D92/><U63/><E95/><V131/><F131/><W97/><G97/><T119/><D115/><U2/><E109/><V102/><F22/><W134/><G134/><T117/><D114/><U130/><E130/><V74/><F74/><W125/><G125/><T118/><D118/><U75/><E75/><V33/><F33/><W96/><G96/><T59/><D119/><U86/><E2/><AGARI ba="1,1" hai="0,2,3,28,30,48,50,53,54,56,57,73,77,80" machi="2" ten="40,2600,0" yaku="1,1,9,1,53,0" doraHai="108" doraHaiUra="29" who="3" fromWho="1" sc="266,0,376,-29,330,0,18,39" /><INIT seed="3,0,0,2,3,78" ten="266,347,330,57" oya="3" hai0="3,37,63,27,46,25,65,4,119,11,23,52,90" hai1="125,97,126,113,60,12,73,7,10,83,51,85,81" hai2="105,22,107,42,120,129,84,99,19,1,44,41,127" hai3="89,92,33,128,15,93,38,88,5,13,76,77,71"/><W56/><G71/><T98/><D119/><U35/><E35/><V75/><F120/><W49/><G38/><T18/><D37/><U66/><E113/><V57/><F75/><W115/><G33/><T14/><D98/><U59/><E73/><V116/><F116/><W134/><G115/><T48/><REACH who="0" step="1"/><D90/><REACH who="0" ten="256,347,330,57" step="2"/><U100/><E125/><V24/><F99/><N who="3" m="57735" /><G134/><T94/><D94/><U40/><E126/><V30/><F127/><W6/><G128/><T87/><D87/><U53/><E85/><V112/><F112/><W96/><G5/><T16/><D16/><U123/><E123/><V2/><F105/><W132/><G132/><T69/><AGARI ba="0,1" hai="3,4,11,14,18,23,25,27,46,48,52,63,65,69" machi="69" ten="20,8000,1" yaku="1,1,0,1,7,1,54,1,53,1" doraHai="78" doraHaiUra="17" who="0" fromWho="0" sc="256,90,347,-20,330,-20,57,-40" /><INIT seed="4,0,0,3,1,63" ten="346,327,310,17" oya="0" hai0="114,4,1,5,92,66,101,46,120,133,16,44,27" hai1="20,0,130,69,117,34,127,121,12,85,94,105,89" hai2="57,41,49,103,123,51,70,43,31,62,54,124,30" hai3="15,8,86,6,79,88,95,118,35,14,129,67,72"/><T24/><D120/><U52/><E121/><V96/><F123/><W11/><G118/><T17/><D1/><U19/><E105/><V9/><F124/><W22/><G129/><T113/><D133/><U42/><E34/><V55/><F9/><W107/><G35/><T40/><D101/><U74/><E74/><V38/><F31/><W135/><G107/><T115/><D92/><U60/><E0/><V10/><F10/><W128/><G128/><T29/><D66/><U65/><E127/><V78/><F78/><W33/><G33/><T56/><D56/><U47/><E130/><V122/><F30/><W73/><G135/><T83/><D83/><U59/><E117/><V84/><F84/><W104/><G104/><T2/><D2/><U97/><E97/><V125/><F125/><W102/><G102/><T109/><D109/><U32/><E32/><V90/><F90/><W126/><G126/><T25/><D29/><U61/><E61/><V82/><F82/><W77/><G22/><T98/><D98/><U39/><REACH who="1" step="1"/><E69/><REACH who="1" ten="346,317,310,17" step="2"/><V48/><F70/><W75/><REACH who="3" step="1"/><G67/><AGARI ba="0,1" hai="12,19,20,39,42,47,52,59,60,65,67,85,89,94" machi="67" ten="40,12000,2" yaku="1,1,2,1,52,2,54,1,53,1" doraHai="63" doraHaiUra="37" who="1" fromWho="3" sc="346,0,317,130,310,0,17,-120" owari="346,15.0,447,54.0,310,-9.0,-103,-60.0" /></mjloggm>